2970 4420
454 275 547 320 450

567 364 680 405 Alter
707 367 891 417 pariter,
927 366 976 406 de
1006 369 1098 418 typo
1128 364 1276 406 scilicet
1310 365 1391 404 loco
1429 366 1489 403 rei
1516 354 1659 415 verae,
1695 377 1809 406 error
1837 355 2101 407 disertissimis
2137 368 2266 409 verbis
2295 381 2320 409 a
2349 373 2479 410 nostro
2512 356 2711 411 zneodoro

450 436 703 488 exploditur,
736 449 851 490 quem
881 439 1004 478 oculis
1034 439 1203 478 lustrare
1231 440 1327 475 satis
1355 439 1421 476 sit.
1454 437 1637 476 Attamen
1667 437 1886 478 redivivum
1915 437 1988 477 hoc
2017 444 2272 482 commentum
2286 471 2298 492 ,
2334 424 2530 494 nuperum
2558 454 2712 494 quoque

444 512 660 559 patronum
689 513 826 550 nactus
855 513 942 549 erat
952 540 964 559 ,
997 509 1152 549 doctum
1181 510 1310 547 virum
1339 507 1618 558 anqlicanum5
1651 510 1715 547 cui
1742 511 1875 548 statim
1904 520 1993 548 cum
2017 510 2234 561 peridoneo
2267 513 2426 564 linquae
2456 514 2713 566 ecclesiaeque

450 580 628 631 syriacae
651 581 855 632 praesidio
885 581 1097 620 catholicus
1126 579 1238 618 heros
1267 580 1492 629 occurrens,
1522 579 1769 630 splendidam
1791 580 1995 631 palmam,
2013 616 2016 619 .
2026 580 2246 633 philosyris
2276 584 2376 624 laete
2403 585 2707 636 plaudentibus,

452 651 685 702 reportavit.
719 652 951 692 Redivivum
981 648 1074 690 dixi
1100 652 1375 699 commentum,
1413 651 1507 701 quia
1536 652 1616 690 iam
1644 651 1798 690 saeculo
1831 650 1978 691 Christi
2007 663 2129 703 nono,
2162 652 2354 693 Iohannes
2383 659 2509 695 scotus
2537 657 2716 707 Eriqena

452 722 570 762 huius
599 724 746 763 erroris
774 721 942 774 infamia
961 722 1232 772 flaqraverat,
1261 723 1329 771 qui
1357 721 1504 759 idcirco
1525 734 1550 761 a
1570 722 1745 761 conciliis
1775 725 1892 773 atque
1914 722 2175 773 Pontificibus
2201 724 2379 764 sollemni
2405 730 2594 767 sententia
2617 739 2716 779 per-

452 793 583 833 culsus
607 792 709 845 suit.
746 793 1005 842 Quamobrem
1026 790 1186 842 frustra
1215 796 1273 831 est
1299 787 1874 843 supradictus-DunelmensiS,
1909 795 1979 844 qui
2008 795 2138 844 operis
2167 797 2231 833 sui
2262 797 2435 846 capitulo
2467 795 2561 836 VII.
2593 809 2636 837 n.
2670 798 2712 838 7.

452 866 548 906 dum
569 864 727 917 fatetur
748 865 975 904 damnatum
997 862 1125 914 fuisse
1144 864 1381 915 Eriqenam,
1410 864 1526 914 quasi
1545 876 1693 915 panem
1716 869 1755 904 et
1773 867 1909 904 vinum
1930 866 1973 904 in
1994 864 2271 916 Eucharistia,
2299 866 2408 909 nuda
2432 872 2582 908 tantum
2602 871 2716 920 siqna

454 949 534 978 esse
564 926 824 986 asseveraret,
851 934 984 974 subdit
1012 938 1167 986 postea,
1201 934 1246 974 id
1273 935 1324 974 ab
1355 936 1438 973 eius
1467 946 1581 974 sensu
1611 940 1648 974 et
1664 935 1751 986 fide
1772 938 1944 975 maxime
1967 934 2097 986 fuisse
2127 936 2317 976 alienum.
2351 939 2494 977 Verum
2523 942 2718 980 enimvero

453 1008 549 1048 haec
578 1009 776 1058 Eriqenae
806 1007 1010 1057 ιιροῑοᾳὶα,
1043 1010 1180 1046 contra
1211 1017 1361 1046 omnem
1391 1006 1577 1046 historiae
1604 1009 1807 1046 veritatem
1838 1019 1863 1046 a
1895 1007 2150 1047 Dunelmensi
2169 1009 2249 1059 fit,-
2280 1018 2398 1060 quam
2431 1013 2646 1062 comperire
2675 1011 2719 1051 in

446 1080 639 1131 plurimis
670 1078 783 1118 libris
813 1078 921 1126 licet,
949 1081 987 1116 et
1015 1080 1117 1116 certe
1148 1077 1258 1128 apud
1286 1077 1469 1117 Natalem
1489 1076 1767 1117 Alexandrum
1797 1076 1888 1117 hist.
1917 1089 2018 1116 saec.
2045 1077 2123 1117 IX.
2149 1078 2306 1120 dissert.
2329 1080 2449 1130 XIV,
2475 1091 2546 1119 nec
2573 1092 2652 1122 non
2676 1084 2719 1122 in

452 1150 571 1190 Petri
598 1150 646 1189 de
674 1150 813 1188 Marcu
841 1148 959 1199 lonqa
988 1149 1152 1199 epistola
1182 1148 1292 1199 apud
1321 1148 1560 1187 Dacherium
1584 1147 1725 1199 Spicil.
1753 1160 1854 1188 rom.
1885 1149 1928 1188 T.
1952 1148 2041 1189 ΙΙΙ.
2065 1160 2114 1200 p.
2145 1149 2248 1190 853.
2281 1150 2406 1190 Immo
2435 1163 2528 1191 vero
2555 1151 2600 1192 in
2628 1162 2720 1192 car-

454 1222 557 1261 mine
578 1231 729 1271 quoque
758 1221 841 1258 eius
865 1218 1070 1270 paschali,
1102 1220 1207 1271 quod
1235 1231 1322 1259 cum
1344 1220 1436 1258 aliis
1464 1219 1508 1258 in
1538 1223 1637 1258 tomo
1658 1221 1792 1270 quinto
1819 1219 2070 1259 classicorum
2091 1220 2182 1260 AA.
2207 1233 2277 1260 nos
2298 1221 2514 1272 edidimus,
2545 1221 2720 1262 eiusdem

453 1292 652 1331 haereseos
681 1293 847 1342 vestiqia
868 1291 1132 1341 coarquimus.
1168 1292 1384 1330 Praeterea
1406 1292 1448 1329 in
1475 1289 1716 1341 paraphrasi
1735 1292 1818 1328 eius
1839 1300 1913 1328 ms.
1947 1289 2029 1342 (de
2050 1301 2129 1341 qua
2151 1302 2220 1330 nos
2242 1291 2286 1330 in
2308 1290 2446 1343 praef.
2472 1291 2569 1331 dicti
2595 1291 2722 1343 tomi)

453 1365 581 1414 operis
605 1363 866 1413 Areopaqitae
896 1362 944 1400 de
974 1362 1131 1401 caelesti
1151 1362 1397 1413 hierarchia,
1426 1363 1549 1402 multo
1576 1362 1707 1401 adhuc
1727 1363 1995 1413 impudentius
2015 1362 2209 1402 insaniam
2231 1375 2342 1402 suam
2367 1363 2546 1414 protelat
2570 1374 2722 1417 pravus

414 1480 418 1485 ι
453 1435 516 1474 hic
546 1434 747 1485 theoloqus
777 1435 882 1472 eirca
911 1434 1080 1489 capituli
1103 1435 1230 1484 primi
1259 1434 1483 1485 dionysiani
1508 1435 1655 1484 finem,
1689 1434 1760 1472 ubi
1789 1434 1837 1472 de
1869 1434 1974 1485 typis
2003 1446 2050 1473 ac
2079 1434 2266 1485 symbolis
2294 1446 2420 1473 sermo
2451 1438 2522 1473 est.

569 1505 648 1544 Sed
676 1504 779 1543 enim
801 1503 987 1554 neqlectis
1020 1495 1211 1543 tenebrosi
1232 1504 1336 1543 Scoti
1365 1505 1514 1555 verbis,
1542 1517 1643 1556 quae
1671 1505 1820 1544 iudicio
1850 1505 2054 1544 doctarum
2075 1507 2234 1544 aurium
2260 1508 2391 1545 statim
2418 1505 2718 1555 mensurentur,

451 1580 566 1616 iuvat
590 1578 721 1627 potius
751 1575 893 1614 audire
922 1575 966 1614 S.
1002 1575 1198 1626 Cyrillum
1236 1576 1346 1615 alex.
1379 1580 1422 1615 in
1450 1574 1679 1627 sraqmento
1714 1578 1983 1615 commentarii
2013 1575 2067 1615 ad
2096 1575 2342 1616 Matthaeum
2377 1581 2505 1616 caten.
2540 1574 2724 1616 Corden'i

446 1659 496 1699 p
529 1645 630 1687 754
669 1655 687 1676 «
731 1635 933 1684 Δεικτικῶς
967 1627 1079 1689 εἰωε
1109 1653 1150 1679 τε
1155 1630 1224 1679 ῧτο
1257 1655 1331 1693 μευ
1364 1634 1448 1681 ἐστι
1481 1655 1526 1682 το
1560 1636 1713 1695 σῶμα,
1734 1656 1800 1680 και
1835 1631 1948 1682 tout-b
1982 1632 2054 1692 μού
2083 1634 2172 1682 ἐστὶ
2204 1655 2250 1683 το
2281 1641 2402 1697 αιμα·
2437 1656 2504 1681 ινα
2536 1654 2591 1697 μη
2620 1631 2723 1696 νομί·

464 1728 480 1746 »
520 1726 593 1768 σῃς
627 1723 751 1753 τυσιν
785 1698 880 1751 εἰναι
912 1699 966 1751 τοὶ
996 1699 1235 1781 φαινόμενα,
1271 1698 1377 1748 ἀὶλα
1409 1699 1474 1749 διά
1504 1725 1606 1757 τινος
1639 1701 1776 1770 ἀῤῥτίτι
1764 1726 1804 1751 υ
1836 1707 1905 1752 τοῦ
1936 1699 2079 1752 στάντα
2111 1700 2321 1767 ἰσχυοντες
2357 1707 2455 1752 &eeu
2487 1724 2726 1766 μετασοιει-

465 1798 483 1817 ι»
522 1780 622 1821 σθαι
656 1775 709 1827 εἷς
743 1776 858 1837 σῶμα
889 1795 955 1837 και
988 1795 1096 1834 αιμα
1130 1775 1308 1838 Χριστοῦ
1339 1794 1444 1822 νατα
1476 1795 1520 1822 το
1555 1774 1704 1828 ἀληθὲς
1736 1772 1788 1821 τὰ
1819 1794 2161 1839 σαρενηνεγμενα.
2190 1803 2260 1811 --
2288 1772 2372 1823 Koa
2406 1795 2461 1836 μη
2490 1769 2724 1840 ἇμφιβαλῃς

465 1868 481 1887 »
518 1847 578 1894 ὅτι
613 1867 651 1893 τ
638 1841 724 1891 ῧτό
758 1845 863 1894 ἐστιν
895 1847 945 1891 ἀλ
949 1841 1076 1902 ηὲὲς,
1104 1840 1226 1892 aare?
1260 1840 1415 1907 λέγοντο
1421 1866 1438 1897 ς
1474 1846 1669 1908 ἐναργως,
1696 1867 1738 1894 τε
1743 1842 1811 1894 ῧτο
1845 1867 1918 1905 μευ
1951 1847 2036 1894 ἐστι
2066 1866 2111 1894 το
2145 1866 2282 1909 σωμα,
2309 1842 2427 1894 τοῦτο’
2455 1866 2528 1907 μου
2555 1846 2644 1895 ἐστι
2676 1866 2722 1893 το

465 1940 482 1959 »
521 1935 639 1977 αιμα·
675 1914 793 1978 δέχου
826 1911 863 1962 δὲ
899 1918 1049 1977 μᾶὶλου
1082 1935 1219 1962 ωιστει
1253 1916 1321 1961 τοῦ
1353 1917 1528 1978 σωτῆρος
1563 1934 1631 1963 τον
1664 1911 1794 1979 λογον
1828 1914 2005 1966 difflua
2036 1912 2114 1980 γὰρ
2146 1912 2220 1975 ὢν,
2246 1937 2290 1963 cv
2318 1911 2519 1979 ψευόεται.
2552 1929 2724 1969 Demon-

462 2021 478 2034 ι)
514 2002 675 2040 strative
705 1999 814 2050 (non
844 2011 937 2050 erqo
962 2002 999 2050 s
999 1999 1182 2050 jurative
1191 1999 1215 2050 )
1246 1999 1377 2038 dimit:
1409 1999 1481 2038 hoc
1511 2003 1567 2038 est
1596 2011 1737 2051 corpus
1768 2011 1916 2050 meum,
1947 2004 1985 2039 et
2013 1999 2077 2039 hic
2106 2004 2165 2039 est
2190 2002 2352 2052 sanquis
2381 2012 2515 2051 meus,·
2540 2012 2589 2040 ne
2609 2002 2727 2053 jiqu-

463 2092 478 2106 1·
515 2084 602 2111 ram
631 2084 710 2110 esse
741 2071 995 2110 arbitrareris
1016 2082 1061 2110 ea
1084 2082 1184 2121 quae
1205 2058 1456 2121 spectantur,
1483 2070 1553 2109 sed
1580 2082 1728 2110 arcana
1747 2071 1884 2122 aliqua
1907 2073 2057 2110 ratione
2087 2055 2138 2110 ab
2165 2073 2423 2122 omnipotente
2447 2072 2529 2111 Deo
2551 2075 2725 2112 converti

464 2162 480 2178 ν
516 2157 654 2184 revera
683 2145 726 2182 in
759 2143 907 2183 Christi
935 2154 1076 2193 corpus
1106 2145 1146 2180 et
1174 2141 1405 2192 sanquinem
1435 2141 1531 2180 haec
1559 2141 1707 2181 oblata.
1742 2163 1801 2171 -—
1831 2142 1887 2180 Et
1913 2142 2139 2182 nullatenus
2161 2142 2315 2182 dubites
2342 2142 2400 2195 de·
2420 2141 2539 2182 huius
2562 2144 2622 2182 rei
2651 2154 2720 2183 ve-

466 2234 481 2249 »
518 2219 656 2266 ritate,
683 2216 767 2266 ipso
798 2212 1002 2264 manifeste
1025 2213 1201 2253 dicente:
1225 2213 1296 2252 hoc
1318 2217 1373 2252 est
1395 2225 1535 2264 corpus
1554 2207 1714 2264 meum,
1743 2217 1782 2253 et
1801 2213 1864 2252 hic
1886 2217 1944 2253 est
1962 2215 2123 2265 sanquis
2142 2225 2267 2252 meus.
2300 2213 2455 2265 Eoecipe
2477 2216 2618 2265 potius
2636 2225 2726 2255 cum

465 2305 480 2321 »ι
512 2286 599 2337 fide
629 2287 847 2325 servatoris
876 2285 1019 2334 verba,
1050 2286 1119 2335 qui
1149 2295 1271 2334 quum
1299 2285 1445 2323 veritas
1474 2284 1546 2334 sit,
1575 2296 1655 2324 non
1683 2286 1886 2324 mentitur.
1925 2301 1941 2317 x·
1981 2284 2091 2332 Quid
2119 2288 2254 2323 contra
2282 2295 2468 2335 maqnum
2494 2283 2720 2336 Cyrillum,

417 2406 419 2409 v
459 2358 633 2408 aliosque
664 2368 761 2407 quos
783 2359 922 2407 postea
943 2354 1254 2406 nominabimus,
1282 2354 1418 2394 Scotus
1444 2341 1600 2394 hiscat?
1631 2355 1731 2405 Cur,
1759 2359 1806 2394 ut
1832 2355 1962 2394 verbis
1983 2354 2183 2395 Ammiani
2211 2358 2391 2405 utamur,
2418 2354 2610 2395 immania
2630 2354 2725 2406 sre-

459 2432 625 2483 mentem
657 2429 804 2467 leonem
829 2426 1061 2477 putredulis
1090 2425 1250 2465 vocibus
1279 2437 1398 2464 canus
1428 2426 1581 2465 catulus
1613 2426 1768 2476 lonqius
1797 2426 2093 2465 circumlatret?

580 2500 811 2549 Ceteroquin
832 2499 935 2536 Secti
964 2497 1197 2547 dionysiana
1220 2496 1483 2547 paraphrasis
1510 2495 1622 2535 haud
1651 2496 1845 2536 levidense
1875 2508 1973 2547 opus
2003 2499 2080 2545 est,
2106 2498 2189 2538 sive
2208 2495 2349 2536 molem
2375 2499 2523 2547 spectes
2550 2498 2632 2537 sive
2664 2497 2729 2537 lu-

461 2570 697 2610 cubrationis
727 2569 972 2608 sedulitatem
987 2582 1003 2618 ,·
1035 2580 1128 2607 nam
1158 2571 1197 2606 et
1227 2568 1493 2606 translationis
1523 2579 1618 2607 suae
1648 2568 1828 2619 Dionysii
1862 2569 1941 2606 iam
1974 2566 2103 2606 editae
2132 2567 2354 2618 permultos
2387 2567 2487 2606 locos
2516 2567 2721 2618 emendat,

463 2653 600 2692 eosque
623 2640 888 2680 exactioribus
907 2639 1036 2679 verbis
1060 2640 1276 2691 exprimit,
1303 2640 1359 2688 ita
1381 2642 1425 2677 ut
1449 2639 1652 2678 translatio
1675 2639 1750 2678 illa
1769 2641 1852 2677 sine
1873 2638 1946 2681 hae
1969 2637 2215 2689 paraphrasi
2234 2639 2314 2677 'iam
2334 2638 2472 2678 recudi
2491 2650 2568 2678 non
2587 2641 2726 2689 possit.

466 2714 726 2768 Graecitatem
747 2712 891 2762 ubique
921 2710 1173 2762 diliqentius,
1201 2714 1317 2761 atque
1341 2709 1396 2749 ad
1419 2710 1590 2750 litteram
1612 2710 1758 2750 reddit.
1791 2710 1922 2749 Multa
1943 2710 2036 2748 alte
2046 2721 2098 2749 ex
2121 2708 2406 2760 philosophicis
2428 2702 2737 2761 theoloqimsque'
2760 2762 2764 2767 Ι

463 2783 649 2822 doctrinis
686 2782 826 2822 hausta
862 2780 1048 2832 effundit.
1081 2781 1179 2821 Suos
1210 2789 1299 2833 ῦὲρῑ
1333 2789 1485 2834 φυσεων
1516 2781 1638 2821 libros
1666 2785 1857 2821 memorat
1884 2780 1925 2832 s
1968 2781 2044 2831 18,
2073 2781 2295 2831 ibidemque
2321 2780 2551 2832 phoenicem
2583 2781 2731 2821 Christi

467 2856 704 2905 resurqentis
734 2853 950 2905 symbolum
974 2853 1090 2906 dicit,
1118 2856 1164 2891 ut
1185 2864 1321 2903 reapse
1341 2853 1384 2891 in
1407 2854 1578 2892 romanis
1607 2853 1770 2893 musivis
1789 2853 1998 2893 cernimus.
2036 2853 2134 2892 Tum
2155 2851 2198 2902 f.
2226 2851 2296 2892 40.
2324 2868 2340 2885 «
2367 2851 2638 2893 indubitanter
2657 2852 2731 2892 da-

471 2943 486 2958 »
525 2929 608 2976 tur,
635 2926 714 2975 ait,
741 2925 932 2976 intelliqi,
961 2924 1139 2964 omnibus
1168 2923 1348 2975 qentibus
1371 2924 1532 2974 anqelos
1560 2925 1634 2964 Dei
1656 2936 1857 2975 praeesse,
1886 2936 2024 2975 eosque
2047 2923 2255 2975 prophetis
2275 2922 2443 2977 yisiones
2465 2923 2673 2964 revelasse.
2706 2939 2724 2958 »

465 2998 579 3036 Mitto
612 2997 845 3048 theoloqicas
869 2996 1069 3047 plurimas
1092 2995 1336 3046 definitiones
1359 2999 1395 3034 et
1416 2994 1617 3048 doqmata.
1650 2997 1815 3035 Initium
1838 2997 1967 3047 operis
1997 2999 2067 3034 est.
2101 3011 2116 3028 α
2148 2981 2352 3046 Incipiunt
2379 2994 2729 3045 expositioneslo-

474 3086 491 3102 »
527 3069 667 3108 hannis
689 3069 794 3108 Scoti
821 3081 941 3119 super
963 3067 1206 3108 hierarchias
1229 3070 1354 3107 sancti
1375 3068 1574 3118 Dionysii.
1607 3068 1739 3107 Sancti
1764 3069 1946 3119 Dionysii
1967 3068 2214 3118 ariopaqitae
2239 3070 2395 3118 primus
2419 3068 2540 3118 liber,
2568 3070 2640 3118 qui
2666 3069 2730 3107 in-

474 3157 489 3172 >-
526 3140 711 3180 scribttur
741 3139 789 3179 de
819 3139 979 3179 caelesti
1007 3138 1255 3188 hierarchia,
1293 3139 1381 3177 XV.
1415 3139 1679 3189 capitulorum
1709 3142 1808 3177 serie
1844 3138 2094 3188 contexitur5
2125 3149 2292 3206 quorum
2320 3138 2448 3188 primi
2477 3137 2617 3178 titulus
2645 3141 2725 3177 est:

475 3228 490 3243 »
527 3211 710 3261 quoniam
741 3211 865 3250 omnis
895 3210 1031 3249 divina
1060 3209 1300 3264 illuminatio
1331 3209 1544 3248 secundum
1575 3210 1783 3249 bonitatem
1814 3212 1923 3248 varie
1954 3212 1995 3249 in
2026 3222 2093 3259 ea,
2128 3204 2229 3260 quae
2252 3211 2439 3259 praevisa
2466 3198 2560 3248 sunt
2578 3219 2728 3259 prove-

476 3298 492 3313 »
528 3285 662 3332 niens5
685 3282 756 3321 hoc
786 3286 863 3333 est,
892 3284 1076 3333 quoniam
1106 3281 1262 3320 divinae
1287 3281 1470 3320 bonitatis
1491 3283 1615 3321 omnis
1643 3275 1902 3331 illumin-atio,
1932 3293 2032 3332 quae
2059 3281 2333 3331 multipliciter
2352 3281 2394 3318 in
2415 3282 2462 3318 e'a
2480 3290 2581 3331 quae
2603 3279 2729 3329 prae-

478 3369 493 3384 »
528 3354 610 3391 visa
641 3358 731 3392 sunt
752 3352 962 3404 facienda,
994 3352 1196 3404 procedit,
1225 3356 1356 3392 manet
1383 3353 1527 3403 simpla
1555 3352 1598 3391 in
1627 3364 1667 3390 sc
1697 3355 1808 3403 ipsa,·
1840 3356 1876 3390 et
1906 3352 2000 3391 dum
2031 3349 2276 3401 diffunditur
2304 3348 2580 3389 universaliter
2606 3349 2650 3387 in
2680 3361 2727 3388 ea

481 3440 496 3454 »
533 3434 631 3472 quae
661 3429 769 3475 sunt,
801 3429 849 3464 ut
875 3427 976 3476 sint;
1004 3425 1100 3475 quia
1129 3424 1243 3463 nulla
1272 3425 1355 3463 alia
1385 3428 1442 3463 est
1471 3434 1605 3462 rerum
1635 3425 1807 3462 omnium
1837 3423 2079 3463 sensibilium
2110 3426 2150 3461 ct
2176 3420 2487 3472 intelliqibilium
2514 3419 2726 3460 subsisten-

480 3509 496 3525 ν
533 3493 609 3544 tia,
636 3502 800 3546 praeter
829 3498 985 3536 divinae
1009 3495 1189 3535 bonitatis
1206 3495 1533 3534 illuminationem
1554 3498 1595 3534 et
1614 3492 1898 3545 diffusionem,
1925 3506 2002 3533 non
2031 3494 2172 3533 desinit
2202 3501 2281 3531 esse
2307 3492 2350 3530 in
2370 3502 2411 3530 se
2439 3492 2527 3541 ipsa
2554 3490 2728 3541 simplex
2778 3550 2784 3551 ⁷

482 3579 498 3594 υ
534 3566 574 3600 et
600 3562 850 3604 ineoehausta.
886 3566 959 3604 Est
986 3569 1090 3605 enim
1117 3565 1211 3617 sons
1239 3578 1317 3606 non
1345 3565 1548 3617 deficiens,
1581 3569 1622 3606 et
1648 3567 1690 3606 in
1719 3568 1848 3605 omnia
1879 3557 1978 3616 quae
2006 3568 2116 3614 sunt,
2149 3564 2302 3614 infinita
2330 3562 2604 3601 numerositate
2628 3572 2728 3612 pro-

483 3632 664 3682 ›fluens
696 3638 769 3673 etc.
803 3637 954 3675 ›Haec
980 3637 1105 3676 obiter
1131 3639 1299 3688 satisque
1320 3637 1369 3676 dc
1388 3637 1529 3688 Scoto,
1546 3649 1646 3689 quae
1665 3648 1774 3676 nemo
1793 3636 2020 3689 imprudens
2043 3634 2097 3674 ad
2118 3632 2407 3687 pantheismum
2428 3630 2585 3671 trahere
2603 3631 2721 3703 volet.

477 3703 610 3753 Iqitur
639 3703 693 3742 ad
725 3704 965 3746 Theodorum
996 3712 1171 3748 nostrum
1200 3709 1414 3749 veniamus.
