2970 4420
1266 251 1324 284 nr.
1355 250 1535 284 mcms.
2439 226 2521 290 '27

279 348 340 378 eo
371 329 751 397 aperzwensfluvn
767 331 915 392 sec-lt,
946 345 998 380 ut
1021 334 1197 382 exinde
1227 337 1297 385 ad
1318 336 1405 384 hoe
1426 354 1571 403 usque
1597 348 1803 402 tempus,
1819 337 2005 400 fluvzus
2031 339 2175 386 veluti
2195 357 2280 403 per
2291 341 2521 413 znsundt·

285 408 448 456 bulum
482 407 670 470 infusus
688 410 1176 473 praetergrederetur.
1212 415 1270 460 Et
1303 414 1473 478 legitur
1505 415 1565 462 de
1595 416 1687 462 hac
1718 431 1770 461 re
1802 415 1980 477 prolixa
2016 418 2220 462 narratio
2250 418 2326 464 die
2363 422 2523 480 quinta

281 484 555 548 septembris
579 484 704 548 apud
724 487 1053 549 Lipomanum,
1079 505 1219 552 quam
1244 492 1293 538 in
1313 493 1635 555 manuscriptis
1658 491 1895 538 codicibus
1917 490 1976 537 ab
2000 492 2238 555 Archippo
2262 496 2399 541 etiam
2420 498 2522 558 ipso

281 566 496 636 scriptam
514 564 735 612 invenies,
765 565 853 612 Sed
877 566 1133 629 elegantior
1157 579 1296 632 atque
1316 572 1570 620 accuratior
1586 579 1655 618 est
1670 569 1887 618 omnibus
1910 571 2090 616 Sisinnii
2115 572 2399 643 patriarchae
2422 590 2525 620 con·

274 641 699 704 αοηῑίηοροίἰῑοῃί,
715 645 795 704 qui
814 652 859 690 et
877 644 1121 692 fluminum
1141 648 1352 700 nomina,
1374 656 1420 694 et
1438 648 1686 711 singularia
1702 649 1878 710 reliqua
1897 657 2251 701 commemorat,
2269 651 2419 695 oratio
2439 652 2519 712 (t).

274 719 428 774 Quare
459 719 655 766 referam
687 720 813 767 illius
836 721 977 770 verba
1004 723 1157 770 adhuc
1182 723 1372 770 inedita.
1411 727 1655 788 Postquam
1682 727 1807 772 enim
1828 726 2052 788 Archippi
2078 741 2254 778 mores,
2282 734 2326 772 et
2353 728 2524 773 xictum

276 795 533 843 admodum
568 805 778 851 tenuem,
808 799 1012 862 aliasque
1042 802 1262 854 virtutes,
1298 817 1382 847 nec
1412 817 1506 848 non
1541 803 1780 864 gentilium
1812 803 1960 848 minas
1991 810 2035 848 et
2068 802 2328 854 machinas,
2356 802 2525 863 quibus

274 873 475 920 eundem
499 874 605 921 loco
629 876 803 937 pellere
826 876 1138 931 conabantur,
1160 893 1218 924 ne
1240 877 1478 926 idolorum
1501 880 1675 934 cultus,
1698 879 1762 927 ob
1781 888 1852 927 *tot
1876 879 2137 942 archangeli
2160 879 2394 925 Michaelis
2416 895 2525 941 erga

275 969 419 1016 genus
441 952 697 999 humanum
711 988 723 1007 ,
749 961 889 1016 atque
912 955 1117 1002 eiusdem
1142 957 1430 1004 necessitates
1449 956 1675 1010 subsidia,
1697 959 2006 1011 minueretur,
2026 958 2192 1003 Christi
2220 967 2520 1010 accresceret,

275 1029 555 1092 tandemque
590 1030 793 1076 fluminis
824 1031 1059 1093 Chrysae
1046 1047 1095 1078 ln
1127 1033 1353 1095 templum
1389 1035 1768 1087 corrivationem,
1795 1042 1840 1079 et
1870 1034 1994 1080 illius
2012 1033 2312 1085 divisionem,
2341 1042 2385 1079 et
2410 1036 2525 1080 inta-

274 1117 400 1155 ctum
433 1106 493 1154 ab
524 1109 686 1155 illuvie
713 1110 1022 1155 sanctuarium
1047 1110 1375 1162 recensuisset,
1401 1109 1581 1156 subdit·
1621 1106 1902 1174 συμμορίαν
1931 1100 2034 1173 γὰρ
2062 1101 2109 1153 οἱ
2140 1123 2228 1161 της
2254 1124 2352 1154 των
2377 1098 2524 1153 εἰδω-

274 1187 378 1232 λων
409 1174 667 1250 θρησκείας
694 1173 811 1228 ὤσει
838 1176 1255 1245 πενὙακισχιλίων
1279 1174 1472 1250 ἀνδρων
1499 1175 1946 1247 συναΓ-ηοχότες,”
1922 1200 1972 1232 εν
1994 1199 2044 1230 τε
2070 1174 2353 1249 Λαοδικείᾳ
2376 1180 2520 1273 γενό-

272 1276 444 1326 μενοι,
478 1251 795 1325 συμβούλιον
833 1249 913 1305 ἐπι
945 1251 1154 1326 ὀλέθρῳ
1188 1254 1276 1316 τῆς
1313 1254 1502 1308 ἓαυτων
1538 1253 1847 1323 κακοτέχνου
1882 1254 2059 1324 ψυχῆς
2090 1255 2399 1315 τίθενται,
2380 1251 2518 1314 όπως

272 1331 389 1393 τοὺς
426 1331 487 1403 ἐξ
523 1329 649 1391 ε’ὤας
687 1327 890 1399 ἑτέρους
919 1327 1012 1382 δύο
1039 1330 1294 1402 ποταμοὺς
1322 1329 1615 1393 κατιόντας,
1644 1354 1725 1384 και
1761 1331 1817 1386 οὐ
1850 1329 1982 1385 πολι)
2017 1331 2110 1384 τοῦ
2146 1332 2404 1404 εὐκτνιρίου
2441 1332 2517 1386 δι-

275 1407 517 1478 ἔχοντας,
553 1403 617 1461 ὠν
650 1405 737 1461 τὸν
770 1405 862 1477 μὲν
897 1405 1128 1470 Κοῦφον,
1155 1430 1242 1462 τον
1276 1404 1330 1461 δὲ
1365 1405 1693 1480 Λυκόκαπρον
1726 1408 2124 1501 προσηγόρευον,
2153 1407 2425 1470 οἱλληλους
2463 1431 2515 1462 τε

275 1508 406 1538 κατα
430 1485 517 1541 τὴν
545 1506 634 1537 του
666 1504 813 1556 ορους
841 1481 1057 1555 κορυφὴν
1094 1483 1590 1550 συνεισβάλλονται,
1619 1483 1702 1537 καὶ
1740 1485 1895 1559 μέχρι
1925 1509 2021 1539 των
2056 1508 2141 1545 της
2169 1485 2420 1547 Λυκίας“
2390 1509 2518 1558 ορων

275 1560 569 1623 διήκοντας,
605 1557 736 1614 κατὰ
770 1581 860 1612 του
899 1562 1048 1612 θείου
1054 1559 1318 1654 τεμένους
1361 1560 1547 1615 ἐκείνου
1584 1561 1667 1615 καὶ
1708 1561 2038 1634 οἱγιάσματος
2076 1561 2414 1626 ἐωαφήσωσι,
2448 1587 2516 1633 μη

274 1638 484 1692 πολλοῦ
513 1635 666 1692 πόνου
702 1633 896 1693 δεήσειν
925 1636 1104 1698 αυτοῖς
1132 1636 1377 1710 λέγοντες
1414 1638 1485 1699 εἷς
1516 1662 1602 1694 την
1628 1662 1718 1691 του
1753 1638 1911 1692 τόπου
1946 1638 2285 1701 κατάκλυσιν,
2314 1659 2411 1694 των
2439 1663 2522 1693 πο·

272 1738 443 1787 ταμων
471 1712 672 1782 ὑψόθεν
699 1711 1109 1787 κατερχομένων,
1138 1737 1222 1768 και
1256 1715 1388 1769 κατὰ
1415 1715 1632 1811 πρανοῦς
1665 1714 1963 1789 φερομένων·
1994 1715 2084 1768 οὐκ
2120 1713 2261 1769 ἔσται
2300 1741 2402 1791 γαρ
2441 1718 2522 1770 οὐ·

275 1790 359 1846 δεν
389 1789 447 1844 τὸ
483 1813 570 1846 την
606 1789 766 1863 φοραν
784 1788 989 1885 ἐφεξον
1025 1790 1217 1854 αὖτων,
1250 1790 1371 1866 πρὸς
1404 1791 1462 1845 'ro‘
1497 1816 1565 1863 μκ
1603 1790 1767 1846 πάντα
1798 1789 1987 1866 ῥᾳδίως
2027 1792 2413 1851 εωικλυσθῆναι
2450 1794 2523 1867 τῷ

274 1866 441 1922 ὕδατι·
476 1890 560 1920 και
603 1865 662 1925 δη
697 1862 798 1921 οἷπο
831 1866 920 1927 τῆς
955 1867 1232 1963 ἀκρωρείας
1268 1867 1581 1942 ἀρξάμενοι,
1612 1867 1743 1923 ἔνθα
1779 1870 1825 1922 οἱ
1857 1892 2075 1940 ποταμοι
2111 1868 2400 1943 συνέρρεον,
2429 1851 2522 1935 βά-

274 1945 429 2000 θεῗαν
465 1940 700 2016 διωρυγα
733 1942 1090 2008 πεποιήκασιν,
1120 1941 1178 2000 ἵν’
1218 1945 1265 1999 ἐν
1298 1945 1458 2017 ταύτῃ
1492 1945 1549 1999 τό
1590 1942 1724 2020 ὕδωρ
1761 1944 2153 2009 καθελκόσωσι,
2182 1970 2264 1999 και
2301 1946 2429 2001 οὕτω
2457 1972 2514 2003 το

274 2023 564 2118 ἁγιάσμα
546 2022 641 2075 τοῦ
673 2021 808 2075 θεοῦ
842 2019 1196 2077 ἐπικλύσωσιν·
1232 2021 1692 2094 οἶναστομωσάντων
1730 2019 1783 2076 δε
1818 2023 1908 2085 τοὶς
1936 2047 2033 2078 των
2063 2023 2187 2097 ὂρῶν
2217 2005 2517 2098 διεξόδους,

271 2123 328 2153 το
367 2096 500 2172 υδωρ
535 2096 611 2152 ὅτι
646 2096 885 2170 μάλιστα
916 2097 1096 2154 πλεῖον
1098 2099 1441 2192 Ν’συῤῥευσαη
1472 2098 1564 2162 τοὶς
1598 2123 1696 2155 των
1732 2123 1858 2175 ορων
1892 2099 2182 2171 πεπλήρωκε
2217 2102 2515 2176 φάραγγας·

274 2175 358 2230 καὶ
400 2122 513 2230 ἴδοι)
542 2175 599 2230 τὸ
633 2172 763 2249 υδωρ
736 2199 794 2249 ρ,
823 2171 998 2240 βαβαι
1027 2199 1117 2229 του
1155 2174 1461 2249 θαύματος,
1489 2176 1936 2258 περιστρεφόμειόν
1964 2200 2015 2230 τε
2047 2201 2128 2230 και
2162 2177 2516 2250 ἕλισσόμενον,

273 2251 384 2328 η’χῳ
419 2275 472 2307 τε
494 2253 708 2327 πολλῷ
741 2275 822 2306 και
860 2250 1125 2325 ῥαγδαίως
1161 2253 1465 2326 φερόμενον,
1500 2255 1574 2328 τῷ
1606 2253 1758 2328 τόιωῳ
1796 2259 1852 2307 οὐ
1892 2253 2108 2310 εἷστνῖκει
2148 2255 2171 2306 ὁ
2210 2255 2517 2330 Αρχιστρά-

272 2354 431 2404 τηγος
457 2329 803 2404 προσεπέλασε
839 2326 958 2400 μὲν,
985 2329 1060 2403 τῷ
1086 2326 1145 2384 δὲ
1179 2331 1343 2385 αὑτοῦ
1370 2329 1579 2402 νεύματι
1614 2333 1682 2398 (2)
1716 2330 2044 2430 ε’πιτιμηθεν,
2073 2331 2322 2387 θοῖττον
2297 2358 2322 2390 n
2352 2331 2517 2406 λόγος
2573 2384 2578 2386 ,

273 2409 646 2478 οἰνεχαιτίσθη,
681 2405 765 2461 καὶ
806 2405 884 2460 ε’πι
923 2404 1056 2461 πολὺ
1091 2408 1465 2503 μετεωρισθὲν,
1498 2407 1668 2482 τρόμῳ
1706 2409 1864 2463 οἱονεί
1890 2433 1989 2470 πως
2026 2406 2422 2481 δεδειτὛόμενον,
2451 2412 2516 2472 ὦς

273 2485 355 2550 ἀφ’
394 2482 559 2556 ὕψους
597 2507 731 2546 τινος
776 2481 1071 2557 οἷωκῶρητο
1108 2507 1190 2538 και
1232 2508 1510 2543 τηνικαυτα
1614 2486 2062 2559 Ἀρχιστράτῆγος
2102 2510 2159 2540 το
2202 2485 2514 2562 παράδοξον

274 2561 432 2616 ἐκεινο
468 2561 551 2616 καὶ
590 2561 765 2632 λόγου
800 2561 1021 2634 κρεῒτὟον
1059 2558 1347 2634 ἐνεδείξατο
1382 2565 1586 2634 θαυμα·
1622 2561 1824 2637 ράβδου
1860 2564 1964 2637 γὰρ
2000 2564 2223 2635 ωλνγῃ,
2255 2587 2337 2618 και
2377 2589 2512 2639 μονω

271 2635 666 2711 προσφθέγματι
695 2661 782 2694 την
808 2660 907 2692 των
933 2643 1188 2710 ποταμίων
1216 2636 1416 2693 ὑδάτων
1442 2639 1780 2714 πλημμύραν,
1810 2664 1938 2694 κατα
1971 2663 2057 2701 τνς
2085 2638 2181 2698 κ’δη
2212 2641 2515 2715 οἱποῤῥαγεί-

275 2738 362 2775 σης
393 2713 604 2787 πέτρας,
635 2737 718 2767 και
758 2711 896 2770 δίκην
933 2712 1085 2775 οὔσης
1118 2721 1333 2783 χωνείας
1365 2716 1727 2788 προυτρέψατο
1766 2718 1838 2777 εἷς
1873 2716 1951 2770 αεὶ
1991 2716 2396 2787 μεταφεᾝρεσθαι
2429 2742 2514 2771 αυ-

272 2797 390 2845 τίκα
426 2787 483 2848 δν)
520 2814 617 2845 των
655 2787 907 2844 ὑδάτων
888 2803 935 2844 εν
969 2791 1033 2859 τῇ
1061 2792 1227 2844 πάλαι
1261 2798 1450 2866 χωνεία
1485 2792 1937 2886 zavafifioeyer‘r-wv
1970 2817 2052 2846 και
2088 2793 2247 2855 πάσης
2283 2795 2511 2848 εντεῦθεν

271 2868 362 2930 τῆς
393 2866 696 2942 περιχώρου
732 2871 1181 2930 κατασεισθείσης,
1216 2891 1299 2921 και
1341 2869 1406 2930 ὠς
1443 2867 1576 2931 εἰκος
1610 2868 1817 2923 ’πάντων
1853 2870 2295 2965 καταπλαγέντων
2332 2895 2426 2926 των
2465 2871 2509 2926 ἐν

273 2945 430 3015 αυτῇ,
467 2945 490 2997 ὁ
523 2941 968 3018 Ἀρχιστράτηγος
1006 2942 1271 3017 σφραγιδα
1303 2968 1372 3018 τῳ
1408 2944 1640 3016 χάσματι
1680 2946 1909 3008 ἐπιθεις,
1942 2970 2025 2999 και
2064 2946 2129 2999 τοὶ
2166 2948 2340 3035 ἑξνς.

399 3030 550 3078 Verba
582 3040 734 3077 tamen
770 3029 906 3076 altius
933 3031 1265 3077 consideranda
1299 3041 1399 3077 sun·
1417 3067 1428 3084 ,
1460 3048 1609 3093 eoque
1634 3034 1920 3094 potissimum
1953 3049 2058 3078 cum
2085 3033 2230 3079 dicat.
2266 3047 2363 3077 των
2391 3020 2510 3077 υδά-

270 3123 365 3154 των
395 3099 443 3153 ἐν
471 3099 535 3168 τῇ
565 3097 729 3152 πάλαι
754 3136 756 3138 v
767 3102 954 3170 χωνείᾳ
982 3097 1417 3171 καταῤῥαγέντων.
1452 3109 1598 3171 Aqms
1631 3109 1681 3154 in
1713 3121 1911 3172 antzquo
1946 3109 2250 3171 i'nsundzbulo
2277 3110 2509 3157 immersis

269 3199 413 3249 cuque
446 3186 669 3250 delapsis.
707 3187 777 3232 An
814 3187 862 3231 in
896 3200 1065 3231 novam
1102 3194 1147 3231 et
1181 3201 1203 3232 a
1240 3201 1288 3232 se
1321 3186 1485 3232 factam
1510 3195 1659 3233 terrae
1693 3188 1962 3239 scissuram,
1993 3188 2066 3233 vel
2102 3189 2257 3249 potius
2279 3196 2505 3242 veterem,

270 3265 451 3326 copiam
478 3263 605 3309 illam
639 3279 863 3325 aquarum
890 3262 1237 3309 cxoneraxerit?
1270 3265 1320 3308 Et
1354 3265 1571 3310 scissuras
1600 3273 1776 3311 veteres
1810 3265 1970 3317 fuisse,
1998 3263 2149 3311 habeo
2180 3281 2236 3311 ex
2266 3266 2508 3312 Herodoto

270 3342 318 3387 in
348 3340 586 3401 Polymnia
623 3340 752 3402 (V.11
781 3339 896 3401 30.)
931 3340 1011 3401 qui
1047 3340 1184 3387 refert
1207 3341 1380 3388 chum
1410 3340 1638 3402 (Sisinnio
1661 3342 1977 3404 Lycocaprum
1996 3342 2011 3404 )
2036 3341 2160 3404 apud
2188 3343 2397 3389 Colossas
2420 3344 2509 3389 ssu-

269 3417 396 3462 vium
428 3418 475 3462 in
511 3416 685 3463 hiatum
720 3425 869 3463 terrae
902 3418 1198 3468 immersum,
1235 3417 1534 3479 postmodum
1571 3418 1832 3464 exilientem
1867 3420 1914 3464 in
1948 3419 2246 3466 Maeandrum
2280 3422 2503 3486 demergi.

268 3494 443 3539 Xerxes
477 3483 680 3536 οἷπίκετο
719 3507 767 3545 ες
803 3482 1102 3545 Κολοσσὰς,
1129 3482 1281 3537 πόλιν
1314 3482 1552 3558 μεγάλην
1584 3484 1892 3556 Φρυγίης,
1873 3507 1921 3539 εν
1954 3486 2018 3555 τῇ
2042 3485 2261 3548 Λύκος’
2243 3511 2290 3548 ες
2323 3490 2506 3563 χάσμα

271 3582 369 3631 γῆς
403 3558 678 3624 ἐσβάλλων
710 3560 1022 3632 ἀφανᾚζεται
1055 3558 1226 3613 ἔπειτα
1253 3557 1342 3613 δια
1371 3557 1585 3614 σταδίων
1613 3561 1679 3622 ὥς
1710 3560 1950 3631 μάλιστά
1979 3585 2037 3620 κη
2066 3562 2200 3618 πέντε
2216 3565 2506 3630 ’ἀναφαινό-

268 3657 444 3704 μενος,
472 3633 674 3690 ἐκδιδοῖ
694 3633 782 3690 καὶ
809 3633 956 3698 οὗτος
983 3637 1053 3698 εἷς
1076 3636 1163 3691 τὸν
1189 3634 1501 3709 Μαίανδρον.
1535 3647 1749 3694 Ρεννεηιι
1776 3649 1983 3696 Colossas
2005 3668 2236 3715 magnam
2264 3653 2420 3719 Phry„
2400 3672 2505 3702 ozae

354 3765 402 3806 (1)
422 3763 579 3801 Sisinnii
603 3765 830 3812 patriarchae
849 3765 988 3813 scripta
1015 3765 1128 3801 multa
1155 3764 1245 3801 mihi
1271 3764 1511 3803 occurrebant
1533 3765 1574 3803 in
1598 3766 1787 3805 codicibus
1811 3773 1882 3806 vat.
1907 3771 1954 3805 A.
1979 3771 2032 3806 M.

309 3856 316 3861 .
353 3825 401 3865 (2)
426 3822 583 3860 Allatius
606 3823 735 3861 scribit
755 3826 915 3875 ῥεύματι.
943 3826 1204 3862 Verumtamen
1229 3829 1368 3871 refluxu
1394 3831 1458 3863 aut
1479 3828 1605 3877 ῥήματι
1631 3827 1864 3866 scribendum
1890 3828 2078 3877 putabam.
2106 3832 2150 3866 Α.
2179 3832 2229 3867 Μ.

1001 4019 1020 4036 t
