2970 4420
0 3335 13 3387 „⁷¹-
0 3272 20 3325 '⁵1¹-
11 3200 14 3201 Ἴ

7 3578 14 3586 ,
0 3401 34 3571 *2⁹⁵⁵thst

5 4301 10 4308 .
7 4259 11 4274 .„
0 4214 14 4245 εςῑ
0 3984 27 4205 ,ις’ῑῐῆωπ“”’
0 3891 18 3962 δ’ῗῖ·
0 3815 18 3880 W-
0 3598 22 3795 :iffffl'dg

47 4301 54 4308 .
47 3845 56 3854 a

1241 269 1298 301 ns
1330 269 1592 305 mizonoms.
2308 264 2311 267 '
2462 260 2545 307 131

256 340 262 346 ἱ
288 349 494 421 plurium
527 370 580 402 ac
610 355 736 400 varia
772 353 962 400 scientia
988 355 1072 408 sit,
1100 363 1153 401 ut
1177 355 1235 401 A.
1264 355 1438 402 Gellius
1471 356 1535 402 ait
1567 354 1626 400 de
1660 354 1874 417 Appione
1907 363 2076 402 vocato
2107 343 2426 419 πολυΐστορα
2465 352 2550 417 (1).

286 433 488 496 Cyrillus
512 440 667 478 autem
702 430 898 493 (contra
924 430 1012 476 Iul.
1039 429 1124 478 lib.
1156 433 1213 478 X.
1246 447 1294 494 p.
1324 431 1471 494 342.)
1506 440 1558 478 ut
1590 431 1840 480 Clementis
1868 431 2154 478 alexandrini
2184 431 2450 479 facultatem
2481 434 2553 479 di-

287 509 445 560 cendi,
473 517 519 555 et
545 508 861 554 eruditionem
893 509 986 554 suis
1014 508 1283 555 nominibus
1313 509 1620 571 exprimeret,
1660 497 1953 569 ἐλλόγιμον
1987 508 2142 554 illum
2158 510 2364 560 vocavit,
2391 518 2436 555 et
2469 523 2553 553 πο·

288 575 563 647 λυΐσΎορα,
598 599 715 647 quas
739 599 878 630 voces
904 585 1003 663 ipse
1027 586 1224 647 explicat
1251 584 1362 631 alibi
1399 584 1513 647 (lib.
1540 587 1638 639 vll.
1667 601 1716 648 p.
1743 587 1856 632 231.
1877 584 1891 646 )
1930 574 2143 646 Kanum
2180 573 2301 646 ἀνὴρ
2339 574 2554 648 ἐλλόγι-

284 675 381 725 μος
410 651 494 706 καὶ
535 647 900 722 πολυμαθὴς,
916 651 999 705 καὶ
1039 650 1453 724 ἀναγνωσμάτων
1492 652 1774 708 ἑλλκνικων
1809 650 2324 725 πολυπραγμονήσας
2360 650 2548 716 βάθος.

286 741 446 801 Neque
468 754 583 784 vero
602 739 742 803 etiam
761 739 840 799 qui
867 739 912 784 in
937 738 1204 785 oratoribus
1225 747 1436 785 versatus
1457 747 1548 793 est,
1575 748 1620 785 et
1644 751 1850 785 summos
1874 737 2084 784 rhetores
2109 739 2307 790 audivit,
2331 739 2396 783 uti
2414 737 2553 784 Theo-

284 816 432 864 dorus
462 815 736 868 Libanium,
765 816 918 861 statim
943 815 1170 878 eloquens
1195 815 1487 877 d‘sertusque
1511 817 1672 863 evasit.
1709 818 1804 863 Nec
1827 816 1952 862 enim
1980 816 2060 888 5¹¹9
2085 824 2297 862 naturam
2321 815 2380 861 ad
2404 814 2453 860 id
2478 830 2553 861 ac-

286 892 631 940 commodatam
664 891 855 945 habuit,
891 908 1042 955 neque
1073 909 1249 956 operae
1277 893 1478 954 pretium
1513 893 1647 940 duxit
1679 908 1780 940 eam
1814 902 1912 940 arte
1945 894 2133 946 limate,
2168 902 2221 939 ut
2254 894 2302 938 in
2334 893 2428 938 suis
2461 891 2553 937 illis

284 971 624 1024 monumentis,
650 986 771 1032 quae
807 970 1034 1023 vidimus,
1063 971 1204 1032 plane
1231 970 1452 1016 declarat.
1490 972 1707 1032 Legimus
1734 987 1854 1018 vero
1872 971 2101 1033 quaedam
2127 971 2419 1042 diversorum
2453 969 2552 1020 eius

284 1063 484 1110 operum
520 1035 936 1109 ἆποσωαμοίτια,
972 1047 1152 1110 aliquot
1183 1048 1474 1110 psalmorum
1513 1050 1855 1101 enarrationes,
1891 1058 1937 1095 et
1971 1050 2178 1110 integros
2209 1050 2257 1095 in
2301 1054 2552 1115 prophetas

285 1125 489 1171 minores
520 1126 906 1179 commentarios,
933 1141 1052 1186 quos
1078 1126 1166 1172 nisi
1193 1125 1424 1171 Savilius
1411 1141 1461 1170 m
1491 1135 1715 1188 promptu
1740 1125 1929 1179 habeat,
1957 1127 2203 1172 consulat
2191 1143 2239 1173 in
2265 1126 2414 1176 citatis
2438 1131 2552 1178 locis

283 1201 529 1253 Photium,
557 1202 636 1263 qui
675 1201 884 1248 eiusdem
919 1203 1096 1264 aliquot
1133 1218 1276 1264 opera
1306 1202 1444 1264 legit,
1458 1211 1618 1264 atque
1652 1205 1712 1249 ita
1749 1205 1950 1250 censuit:
1987 1216 2073 1250 ‘rav
2112 1192 2165 1246 δὲ
2207 1193 2393 1269 φρασιν
2431 1196 2546 1251 οὐδὲ

283 1265 551 1340 λαμπρος,
591 1265 712 1322 οὐδὲ
747 1273 867 1323 λιάν
905 1268 1084 1335 σαφὴς
1120 1269 1438 1343 ταιΠολογεῖ
1471 1267 1523 1321 δὲ
1561 1293 1626 1322 τα
1662 1270 1911 1332 πλειστα,
1947 1270 2030 1324 καὶ
2070 1268 2259 1342 ἄχαρίς
2294 1297 2423 1337 πως,
2461 1299 2544 1329 και

285 1342 443 1406 ἀηδνις
474 1353 600 1399 εἰναι
634 1342 790 1399 δοκεῖ.
826 1356 976 1402 Stilus
1005 1356 1081 1402 illi
1101 1373 1249 1419 neque
1272 1355 1466 1406 nobilzs,
1498 1373 1646 1418 neque
1670 1356 1929 1402 admodum
1945 1374 2227 1420 perspicuus
2251 1371 2336 1405 est.
2364 1362 2549 1408 Eadem

285 1431 544 1478 identidem
568 1432 760 1496 repetit,
788 1444 834 1478 et
859 1433 1083 1497 ingratus
1106 1445 1250 1496 atque
1274 1434 1495 1479 molestus
1521 1434 1784 1496 legentibus
1810 1434 2004 1480 accidia
2034 1437 2089 1480 Et
2115 1435 2237 1482 alibi
2255 1436 2384 1498 (cod.
2412 1439 2547 1501 177.)

284 1498 485 1564 deneng
523 1496 582 1552 δέ
619 1500 748 1562 ἐσ7ι,
779 1504 870 1554 καί
898 1523 978 1553 τοι
1016 1499 1168 1572 λέξει
1206 1501 1261 1553 ου’
1302 1497 1569 1573 ξενιζοιίσῃ
1605 1499 1896 1571 χριόμενος,
1927 1501 2075 1554 αλλοὶ
2109 1525 2178 1574 ’τῳ
2212 1506 2545 1571 σχοινόΤενεσι

282 1577 516 1658 χρῆσθαι
557 1576 609 1630 ἐκ
643 1577 738 1629 τοῦ
774 1576 849 1631 ἐπι
887 1577 1128 1632 πλειστον
1162 1576 1422 1650 περιόδοις
1457 1599 1540 1630 και
1579 1578 1939 1651 παρεμβολαις
1977 1579 2087 1631 αλλ
2094 1579 2445 1644 επαλλκλοις,
2483 1581 2545 1635 δι

283 1657 348 1708 ὠν
383 1675 468 1706 και
511 1653 584 1714 εἷς
618 1651 856 1724 μήκισΎον
893 1654 917 1705 ὁ
957 1654 1071 1715 νοῦς
1107 1655 1415 1708 anonim-ac
1451 1677 1548 1708 των
1578 1653 1938 1728 προκειμεἭνων
1969 1655 2042 1728 τῷ
2073 1678 2125 1709 τε
2164 1680 2257 1711 των
2288 1658 2545 1730 ὀνομάτων

281 1730 401 1791 ταῖς
434 1735 691 1802 πλαγίαις
727 1753 811 1784 και
849 1753 991 1791 ταις
985 1731 1305 1800 με’Τοχικαῖς
1342 1730 1524 1804 λεξεσι
1560 1729 1889 1803 πλεονάζειν,
1917 1755 1982 1784 τα
2020 1755 2151 1785 oto-ce
2178 1756 2228 1786 τε
2258 1734 2546 1800 πολλάκις,

280 1815 370 1872 και
396 1815 526 1888 μηδὲ
561 1815 648 1872 σῦν
676 1817 855 1893 κόσμω
882 1819 1273 1882 επανακυκλειν,
1303 1843 1386 1873 και
1419 1843 1512 1881 τας
1544 1817 1894 1889 επαναλκψεις
1923 1818 2081 1874 πλεόν
2109 1845 2206 1875 των
2238 1819 2547 1895 διηγήσεων,

282 1892 402 1969 ὅπερ
439 1892 707 1966 οἷμέθοδον
742 1897 1018 1957 (ωαντελως
1052 1920 1172 1958 ταις
1207 1895 1547 1971 περιστάσεσι
1585 1897 1984 1969 μεμεστωσθαι,
2023 1920 2105 1950 και
2145 1922 2255 1960 τοις
2291 1901 2545 1962 τοιούτοις

281 1993 371 2024 ουκ
407 1971 593 2044 ὀλίγον
632 1971 788 2044 ζόφον
816 1996 914 2027 των
944 1973 1106 2026 αὐτου
1139 1972 1548 2046 συγΓραμμοῖτ-ων
1582 1972 1968 2046 κατασκεὸάζει.
2004 1984 2113 2029 Etsi
2138 1996 2296 2030 autem
2323 1986 2547 2033 dlmctlonl-

280 2058 366 2103 bus
403 2070 573 2104 utatur
605 2075 700 2104 non
734 2059 1002 2111 inusitatis,
1039 2060 1264 2106 obscurus
1297 2072 1460 2106 tamen
1494 2072 1592 2112 est:
1629 2072 1730 2106 tum
1767 2060 1882 2123 quia
1915 2073 1967 2106 ut
1994 2061 2262 2124 plurimum
2297 2063 2546 2109 immodice

271 2135 498 2198 prolixas
537 2134 680 2180 habet
713 2135 964 2198 periodos,
1002 2148 1049 2182 et
1083 2137 1464 2201 interpositiones
1498 2137 1713 2188 erebra-s,
1742 2154 1832 2201 per
1866 2154 1986 2200 quas
2021 2137 2173 2191 etiam
2205 2155 2366 2200 sensus
2399 2157 2544 2202 quam

277 2213 554 2276 longissime
580 2228 613 2258 a
644 2229 696 2259 re
715 2210 964 2277 proposita
999 2214 1201 2268 recedit;
1230 2227 1332 2262 tum
1360 2216 1512 2261 etiam
1546 2216 1662 2278 quia
1686 2216 1934 2261 nominum
1962 2216 2166 2279 obliquis
2191 2233 2250 2262 ae
2267 2218 2545 2288 participiis

240 2294 247 2295 ’
277 2290 540 2340 redundat,
573 2301 619 2335 et
648 2306 721 2336 res
743 2290 934 2336 easdem
954 2290 1263 2354 frequenter,
1293 2309 1442 2355 neque
1476 2293 1530 2338 id
1556 2293 1678 2338 satis
1711 2305 1902 2343 ornate,
1933 2293 2074 2340 volvit
2099 2309 2158 2339 ae
2181 2295 2388 2341 revolvit.
2430 2298 2543 2341 Tum

276 2367 478 2430 denique
502 2367 619 2430 quia
646 2363 953 2430 repetitiones
973 2368 1105 2415 illius
1124 2369 1367 2432 pluribus,
1398 2387 1545 2433 quam
1570 2371 1877 2416 narrationes
1902 2371 2053 2434 ipsae,
2082 2372 2210 2433 quod
2229 2372 2420 2418 omnino
2444 2374 2543 2419 sine

276 2443 494 2490 methodo
521 2445 605 2504 fit,
634 2461 795 2490 rerum
825 2445 1070 2491 adiunctis
1099 2447 1307 2508 refertae
1333 2460 1469 2498 sunt,
1499 2460 1642 2511 atque
1666 2448 1724 2494 ob
1752 2447 2030 2494 huiusmodi
2050 2465 2222 2495 causas
2247 2467 2340 2495 non
2365 2468 2540 2514 parum

214 2540 221 2557 ι
276 2519 583 2566 obscuritatis
615 2521 807 2584 seriptis
839 2521 941 2568 eius
974 2523 1205 2586 aspergit.
1245 2525 1289 2570 Si
1324 2525 1414 2571 hoc
1450 2526 1593 2586 igitur
1632 2534 1700 2572 est
1738 2527 2190 2591 Theodoriqdicendi
2226 2544 2395 2590 genus,
2429 2529 2541 2575 haec

276 2597 336 2642 de
368 2612 460 2657 qua
492 2592 668 2658 agimus
699 2598 920 2660 epistola,
948 2600 1175 2661 ipsissima
1203 2601 1437 2649 Theodori
1467 2610 1534 2648 est
1569 2602 1652 2665 (2).

405 2675 559 2734 Pergit
589 2674 810 2720 Savilius:
846 2691 997 2736 neque
1034 2678 1332 2739 cuiusquam,
1361 2687 1413 2725 ut
1435 2681 1607 2741 opinor
1637 2679 1763 2727 illius
1796 2682 1956 2727 aetatis
1989 2681 2088 2727 esse
2123 2690 2274 2750 potest
2307 2682 2398 2728 hoc
2432 2670 2539 2726 σόν-

357 2811 410 2852 (1)
435 2808 539 2845 Gell.
567 2809 610 2844 V.
645 2812 703 2845 14.
735 2809 911 2856 Sequitur
940 2803 1064 2848 autem
1095 2811 1284 2858 vulgarem
1315 2811 1514 2850 lectionem
1544 2814 1727 2860 Albitius,
1759 2825 1826 2862 pro
1856 2815 2101 2862 Plistonices,
2132 2821 2175 2852 ut
2204 2827 2305 2852 nunc
2336 2815 2474 2863 legitur
2505 2816 2543 2852 iu

273 2867 388 2905 Gellii
413 2873 603 2904 contextu.
631 2869 677 2904 A.
703 2868 756 2904 M.
1526 2916 1531 2921 ι

384 2931 433 2972 (2)
457 2928 604 2964 Recusa
628 2926 702 2964 fuit
725 2927 816 2964 haec
839 2927 1025 2965 Theodori
1047 2929 1142 2976 lapsi
1166 2931 1321 2978 epistola
1346 2931 1386 2968 in
1411 2932 1580 2974 maurina
1604 2933 1856 2982 Chrysostomi
1880 2934 2041 2971 editione
2065 2935 2108 2970 T.
2128 2935 2157 2970 Ι.
2176 2945 2213 2981 p.
2231 2939 2312 2970 801.
2329 2944 2429 2981 seqq.
2457 2933 2534 2970 Iam

274 2997 358 3023 vero
381 2985 708 3032 Montfauconius‚
726 2997 800 3034 qua
824 2987 994 3024 libertate
1016 2987 1131 3034 solet,
1150 2989 1411 3027 incunctanter
1435 3001 1517 3029 eam
1540 2997 1584 3028 ut
1607 2991 1741 3028 insulsi
1767 2993 1930 3039 graeculi
1955 2998 2206 3029 commentum
2232 2991 2404 3037 damnat,
2422 2997 2532 3040 atque

273 3048 313 3083 in
338 3046 463 3083 Savilii
488 3046 713 3083 sententiam
738 3045 894 3094 pedibus
920 3046 970 3091 it,
995 3052 1077 3083 tum
1104 3054 1251 3096 propter
1280 3050 1358 3086 stili
1383 3055 1427 3086 ut
1450 3051 1504 3087 ait
1533 3061 1672 3097 genus,
1700 3057 1779 3087 tum
1804 3052 1852 3088 ob
1876 3052 1961 3089 illos
1990 3058 2027 3089 et
2056 3050 2309 3099 'chrysostomi
2339 3057 2376 3088 et
2398 3055 2531 3099 pat-ris

275 3105 423 3152 titulos,
450 3105 515 3153 qui
539 3105 676 3150 Savilio
702 3105 919 3153 scrupulum
944 3116 1021 3142 non
1047 3106 1229 3144 immerito
1253 3108 1473 3155 iniecerunt.
1501 3109 1595 3146 Nolo
1613 3109 1784 3157 equidem
1808 3111 2014 3158 apologiam
2035 3110 2147 3147 huius
2169 3110 2293 3157 scripti
2317 3121 2444 3157 agere3
2471 3113 2535 3150 sed

273 3171 370 3203 certe
398 3163 701 3201 Montfauconius
730 3165 762 3201 si
791 3165 888 3202 hanc
917 3165 1097 3205 ineditam
1126 3167 1256 3204 Allatii
1283 3158 1478 3205 diatribam
1509 3168 1679 3213 vidisset,
1707 3170 1833 3206 mitius
1863 3169 2016 3207 fortasse
2033 3181 2076 3207 ae
2095 3171 2331 3217 temperatius
2352 3171 2532 3209 iudicium

271 3225 499 3273 protulisset.
526 3226 620 3261 Nam
650 3223 749 3272 quod
778 3225 911 3262 attinet
938 3224 985 3263 ad
1013 3226 1269 3274 chrysostomi
1293 3228 1536 3274 vocabulum,
1563 3229 1694 3276 probat
1716 3229 1878 3266 Allatius
1906 3240 1988 3266 sero
2012 3229 2050 3267 id
2078 3229 2116 3266 in
2145 3230 2332 3267 codicibus
2357 3231 2532 3278 epistolae

272 3286 361 3322 huic
387 3285 503 3322 fuisse
529 3284 712 3322 additum.
742 3287 874 3321 Patris
903 3295 987 3322 vero
1015 3286 1170 3333 titulum
1198 3287 1328 3324 morali
1360 3288 1509 3336 latoque
1537 3294 1684 3325 tantum
1711 3299 1823 3325 sensu
1852 3289 1940 3336 poni
1967 3300 1989 3326 a
2017 3288 2232 3335 Theodoro,
2258 3293 2358 3337 patet
2383 3302 2426 3327 ex
2454 3292 2533 3328 eius

272 3343 391 3381 verbis
418 3344 516 3380 circa
545 3343 681 3387 finem,
708 3343 835 3392 ἀδελφέ
861 3346 921 3380 καὶ
948 3345 1075 3395 πάτερῖ
1096 3340 1233 3390 frater
1265 3357 1314 3381 ac
1341 3349 1471 3393 pater.
1503 3348 1598 3383 Nam
1632 3346 1847 3384 Theodorus
1876 3352 2018 3394 patrem
2047 3347 2160 3384 simul
2188 3347 2411 3396 fratremque
2442 3349 2533 3386 dicit

270 3403 596 3450 Chrysostomum‚
621 3402 722 3451 quod
746 3402 795 3441 de
817 3404 948 3440 iuvene
973 3415 1120 3457 quoque
1148 3403 1406 3442 benemerente
1434 3411 1471 3442 et
1495 3411 1643 3443 amante
1670 3411 1753 3453 apte
1766 3405 1839 3442 dici
1866 3416 1991 3454 posse,
2017 3417 2127 3443 nemo
2153 3407 2315 3454 negabit.
2342 3409 2421 3456 Ego
2447 3420 2531 3447 vero

270 3460 442 3506 observo,
468 3461 580 3498 etiam
602 3461 700 3498 illud
722 3463 761 3499 in
783 3463 936 3511 epistola
956 3463 1158 3500 recita-tum·
1177 3465 1287 3502 Ionae
1309 3465 1539 3512 exemplum,
1562 3465 1630 3502 ubi
1651 3463 1743 3502 dicit
1764 3465 2001 3503 Theodorus:
2030 3467 2107 3503 οὔτε
2131 3469 2165 3502 δέ
2187 3469 2314 3511 ἐκεῖνος
2337 3473 2392 3505 διά
2412 3485 2534 3518 μισαν-

271 3518 420 3570 Sei-mim
446 3521 606 3561 ἐλυπήθη
622 3549 632 3567 ,
659 3523 736 3558 ἀλλ’
761 3524 946 3560 ἐκινδύνευε
963 3550 973 3566 ,
1002 3525 1051 3572 μή
1077 3525 1138 3565 τῆς
1165 3524 1418 3574 φιλανθρωπίας
1445 3526 1572 3573 μέρος,
1599 3525 1764 3575 διαβολήν
1791 3527 1881 3562 κατ-οὶ
1909 3529 1969 3562 τοῦ
1995 3528 2268 3571 ἀποστείλαντος
2300 3526 2346 3571 ὃς
2373 3530 2529 3576 ψεύστου

251 3582 254 3584 ’
273 3581 484 3627 ἐργάσηταιτ
510 3593 628 3629 neque
651 3593 741 3619 vero
766 3582 832 3619 itte
856 3584 958 3630 quod
982 3584 1069 3620 odio
1094 3583 1265 3620 homines
1286 3583 1650 3636 haberethindoluiss
1673 3585 1742 3621 sed
1758 3584 2007 3631 periclitatus
2032 3589 2089 3623 est
2109 3597 2157 3623 ne
2178 3587 2418 3625 clementiam
2441 3591 2529 3626 mit-

274 3642 387 3676 tentis
410 3652 472 3686 se,
499 3643 540 3677 in
563 3644 708 3678 crimen
737 3643 935 3679 mendacii
958 3645 1136 3680 verteret.
1162 3644 1307 3689 Locus,
1333 3644 1511 3691 inquam,
1537 3643 1598 3679 hic
1628 3654 1703 3679 non
1730 3643 1834 3680 valde
1859 3643 2006 3681 abludit
2030 3645 2076 3682 ab
2099 3646 2167 3683 illo
2191 3642 2375 3684 Theodori
2400 3649 2440 3684 in
2465 3659 2528 3696 ge-

273 3699 391 3736 nuino
416 3699 462 3736 ad
488 3701 616 3737 Ionam
642 3702 931 3747 commentario,
957 3713 1067 3750 quem
1093 3713 1160 3738 nos
1185 3701 1369 3739 edidimus
1393 3703 1497 3746 (Ion.
1520 3704 1581 3738 IV.
1600 3706 1659 3744 2.)
1687 3703 1738 3739 ὅτι
1760 3719 1795 3739 τε
1820 3705 1973 3742 ἐντεῦθεν
1996 3705 2088 3753 αὐτῷ
2111 3709 2283 3755 περιέσται
2308 3710 2346 3744 το·
2370 3709 2526 3754 sperica-ou

273 3758 361 3798 τινός
386 3760 446 3794 καὶ
470 3760 663 3802 oiri-arsabo<
690 3761 792 3805 δόξαν
818 3762 962 3806 λαβεῖν
993 3772 1033 3797 se
1055 3759 1220 3807 fallacis
1254 3761 1415 3797 hominis
1450 3772 1497 3798 ac
1529 3762 1745 3810 deceptoris
1767 3762 1926 3809 samam
1956 3765 2202 3814 adepturum.
2235 3768 2335 3804 Haec
2368 3767 2524 3804 breviter

272 3817 435 3854 exercitii
460 3818 577 3865 gratia
603 3818 781 3857 disserere
805 3820 939 3867 libuit,
966 3821 1017 3858 ita
1044 3827 1166 3858 tamen
1191 3825 1236 3858 ut
1261 3820 1360 3858 litem
1386 3820 1457 3858 sub
1482 3820 1602 3859 iudice
1627 3821 1786 3860 libenter
1810 3823 2032 3872 relinquam.
2062 3829 2106 3862 Α.
2133 3827 2184 3863 M.
