2970 4420
438 269 501 314 20
1379 278 1528 310 moras
1561 277 1736 309 Ausi-11

439 367 534 413 divi
563 367 764 413 Thomae
789 382 883 414 non
911 375 1002 420 est;
1031 372 1136 413 cum
1166 366 1312 412 Latini
1344 364 1576 410 sueverint
1601 363 1837 409 nonnullis
1864 362 1996 410 libris
2023 380 2076 411 ac
2107 364 2423 412 voluminibus
2453 381 2547 413 non
2572 382 2685 414 suo-

437 460 543 490 rum
578 452 849 497 auctorum,
884 443 964 489 sed
999 443 1258 489 alienorum
1292 441 1508 492 nomina,
1546 439 1797 500 titulosque
1831 439 2050 501 adfigere.
2089 442 2238 488 Immo
2272 443 2504 504 permulta
2540 443 2588 488 in
2623 442 2683 488 li-

438 518 537 566 bris
564 536 672 567 suae
697 521 956 573 Societatis‚
985 522 1022 566 si
1047 520 1172 565 hunc
1202 516 1402 564 eundem
1426 516 1730 562 ratiocinandi
1754 516 1947 562 modum
1973 532 2244 579 sequemur,
2273 520 2456 566 decerni
2483 521 2677 582 possint.

439 597 666 644 Audiatur
691 598 961 644 Comitolus.
991 597 1288 641 Haereamus
1315 593 1365 638 in
1389 592 1580 657 nostris.
1608 594 1668 638 In
1693 591 1786 638 hac
1809 592 1915 656 ipsa
1937 606 2129 646 catena,
2153 612 2274 658 quae
2289 591 2533 660 superiore
2555 613 2683 642 anno

438 686 507 721 est
543 674 771 738 impressa
806 672 1051 736 Lugduni,
1081 688 1145 717 an
1180 687 1273 716 non
1306 681 1444 714 extat
1478 669 1677 733 epistola
1712 670 1780 714 ad
1810 670 2067 717 Antonium
2108 674 2352 735 Garaffam
2386 674 2682 721 cardinalem

439 751 814 815 amplissimum?
837 765 981 812 quam
1013 765 1120 794 cum
1153 746 1373 810 temporis
1413 746 1692 810 angustiae,
1722 763 1973 810 eorumque
2004 765 2164 812 preces
2198 750 2284 812 qui
2312 750 2566 797 editionem
2601 768 2683 797 ur-

437 828 637 893 gebant,
668 828 730 873 ab
764 825 970 874 universi
1002 824 1155 870 nostri
1186 822 1367 869 ordinis
1399 823 1694 869 moderatore
1729 824 1889 869 acrius
1917 836 2271 887 extorquerent.
2311 826 2577 888 videretque
2610 845 2684 874 eo—

440 921 546 951 rum
579 903 839 967 cupiditati
862 901 1091 964 satisfieri
1111 917 1204 945 non
1220 916 1379 962 posse,
1410 899 1454 945 si
1474 915 1506 944 a
1530 916 1604 945 me
1635 900 1934 964 expectanda
1963 902 2162 947 Romam
2195 915 2299 949 erat
2331 903 2557 967 epistola3
2584 905 2689 952 eius-

439 981 712 1029 scribendae
744 980 917 1025 diserto
946 978 1103 1025 sodali
1127 977 1295 1022 datum
1329 988 1397 1022 est
1422 977 1692 1040 negotium:
1720 994 1867 1040 neque
1889 993 1946 1023 ea
1973 994 2023 1024 re
2048 979 2276 1026 mentitur
2301 980 2525 1043 epistola,
2557 982 2687 1045 quod

440 1076 533 1106 non
558 1059 619 1105 sit
651 1069 891 1109 auctorem
919 1056 1121 1101 Paulum
1146 1064 1290 1099 nacta
1300 1072 1315 1106 ,·
1341 1053 1528 1116 prodiit
1550 1053 1676 1099 enim
1702 1053 1807 1117 ipsa
1836 1069 1968 1100 meae
1999 1071 2180 1117 quoque
2212 1056 2342 1103 testis
2376 1059 2578 1122 locuples
2606 1075 2680 1105 vo-

439 1136 659 1185 luntatis,
696 1134 919 1195 illamque
954 1131 1095 1194 quasi
1121 1131 1304 1194 prolem
1334 1146 1490 1176 meam
1513 1131 1703 1195 agnovi.
1741 1133 1878 1187 Quasi
1913 1147 2023 1178 vero
2054 1133 2361 1194 integerrimi,
2387 1137 2683 1184 sanctissimi-

439 1229 529 1275 que
563 1221 738 1275 patres‚
776 1219 821 1256 et
853 1210 1098 1272 praecipue
1133 1210 1247 1254 tanti
1277 1209 1456 1255 ordinis
1489 1209 1784 1263 moderator,
1816 1210 2088 1271 scriptiones
2119 1211 2246 1257 iussu
2275 1227 2360 1259 suo
2395 1211 2453 1259 ab
2485 1214 2574 1260 hoc
2609 1215 2683 1260 vel

440 1291 523 1336 illo
549 1290 694 1336 sodali
724 1288 887 1340 factas,
916 1295 1033 1332 nutu
1062 1302 1146 1332 suo
1176 1286 1277 1332 aliis
1302 1302 1359 1332 ex
1380 1288 1474 1333 suis
1498 1286 1768 1341 distribuat,
1796 1295 1841 1333 et
1876 1287 2051 1334 alienos
2078 1287 2288 1342 labores,
2316 1291 2390 1335 cui
2416 1291 2503 1352 ipsi
2533 1290 2686 1338 libue-

440 1369 500 1413 rit
536 1372 783 1428 supponat.
820 1363 909 1410 Sed
934 1365 1029 1410 vim
1057 1365 1314 1425 argumenti
1342 1364 1653 1426 inspiciamus.
1684 1365 1841 1410 Graeci
1864 1365 1974 1410 item
2000 1372 2138 1426 atque
2161 1367 2309 1411 Latini
2336 1367 2482 1412 multa
2509 1369 2686 1414 auctori

439 1459 535 1491 non
559 1458 644 1489 suo
670 1442 793 1488 falsis
819 1440 1195 1502 inscriptionibus
1221 1440 1397 1486 donant
1414 1475 1425 1494 ,
1454 1449 1500 1486 et
1533 1439 1783 1502 aliquando
1807 1441 2076 1487 moderator
2099 1442 2335 1488 Societatis
2359 1444 2601 1506 epistolam
2627 1444 2688 1491 ab

441 1521 532 1567 alio
556 1521 796 1581 scriptam,
824 1518 1016 1580 perinde
1039 1526 1175 1579 atque
1199 1518 1235 1563 si
1260 1517 1427 1564 Paulus
1449 1518 1704 1564 Comitolus
1731 1533 1833 1564 eam
1860 1519 2140 1580 scripsisset,
2162 1518 2432 1582 publicavit.
2461 1521 2585 1583 Ergo
2610 1536 2683 1568 ca-

440 1607 544 1644 tena
579 1599 627 1643 in
662 1596 829 1644 Iobum
864 1612 889 1643 a
923 1596 1154 1642 Comitolo
1186 1611 1318 1642 versa
1340 1631 1351 1650 ,
1389 1595 1496 1642 licet
1528 1597 1710 1642 Nicetae
1744 1611 1917 1642 nomen
1953 1597 2212 1658 praeferat,
2248 1599 2431 1644 Nicetae
2464 1614 2560 1644 non
2595 1608 2681 1646 est.

439 1676 512 1721 An
548 1690 643 1720 non
679 1673 872 1720 solidius
905 1671 1205 1719 conclusisset
1237 1682 1443 1719 catenam
1476 1674 1622 1736 ipsam
1644 1708 1655 1726 ,
1694 1688 1811 1735 quae
1844 1673 1932 1719 sub
1968 1675 2183 1721 Comitoli
2217 1676 2405 1722 nomine
2439 1692 2547 1723 cusa
2582 1686 2651 1723 est
2673 1713 2684 1730 ‚

439 1752 654 1799 Comitoli
694 1766 789 1796 non
826 1750 956 1796 esse?
989 1751 1046 1795 Et
1077 1765 1168 1810 qua
1204 1751 1251 1794 in
1284 1758 1524 1811 posterum
1560 1749 1836 1795 certitudine
1868 1751 1962 1795 suis
1997 1750 2263 1798 auctoribus
2296 1760 2516 1799 tractatus
2551 1762 2596 1800 et
2629 1755 2690 1800 li-

439 1831 552 1877 bros
576 1827 938 1881 vindicabimus,
966 1827 1001 1873 si
1027 1826 1211 1889 pondus
1236 1826 1427 1887 aliquod
1454 1819 1780 1887 argumentum
1803 1826 1892 1873 hoc
1916 1828 1963 1873 in
1988 1843 2036 1874 se
2060 1829 2348 1880 contineret?
2381 1830 2512 1876 Certe
2536 1830 2682 1877 nulla.

439 1909 526 1953 Par
557 1908 680 1953 enim
718 1914 854 1966 atque
886 1919 1032 1951 unum
1066 1904 1277 1950 omnium
1309 1903 1534 1950 iudicium
1566 1905 1667 1949 erit.

470 1973 474 1980 ⁴
568 1984 690 2040 Quid
727 1998 872 2046 porro
905 1998 992 2045 pro
1029 1982 1371 2044 Olympiodoro
1404 1997 1490 2028 suo
1521 1983 1793 2043 argutatur‘t‘
1827 1983 1954 2037 Quae
1982 1984 2195 2046 superius
2226 1983 2429 2031 breviter
2460 1987 2692 2047 expressi-

440 2078 559 2108 mus.
598 2063 654 2106 Et
678 2061 849 2106 diceret
874 2060 1081 2106 fortassis
1115 2059 1316 2120 aliquid,
1345 2060 1382 2104 si
1417 2058 1743 2121 Olympiodori
1777 2059 1919 2106 verba
1943 2059 2025 2107 illa
2057 2069 2222 2107 essent.
2260 2061 2321 2107 At
2348 2077 2454 2108 cum
2487 2064 2690 2110 auctoris

441 2149 627 2186 catenae
651 2140 742 2184 sint
758 2172 770 2191 ,
799 2137 967 2183 frustra
995 2145 1063 2184 tot
1087 2137 1262 2198 aggerit
1284 2136 1512 2199 exempla.
1542 2137 1699 2183 Solent
1728 2136 1900 2183 scilicet
1924 2137 2243 2184 huiuscemodi
2267 2140 2591 2186 tractationum
2616 2156 2690 2186 au·

441 2225 614 2269 ctores‚
646 2231 703 2261 ne
739 2215 987 2261 sententiae
1012 2214 1175 2260 allatae
1198 2212 1407 2259 elumbes
1429 2221 1567 2275 atque
1594 2213 1843 2260 dissolutae
1860 2249 1872 2267 ‚
1901 2216 2123 2260 orationis
2147 2217 2314 2262 seriem
2341 2215 2593 2278 infringere
2617 2220 2685 2264 vi-

442 2293 663 2347 deantur,
692 2292 867 2353 aliquid
901 2291 960 2337 de
995 2306 1080 2337 suo
1104 2290 1350 2343 addentes,
1379 2291 1593 2352 apposito
1618 2291 1761 2337 veluti
1795 2291 2009 2345 vinculo,
2038 2292 2354 2340 antecedentia
2388 2310 2493 2340 cum
2527 2293 2689 2341 subse-

442 2369 691 2432 quentibus
724 2370 959 2429 colligere.
988 2368 1040 2413 ld
1067 2367 1198 2414 facile
1231 2367 1615 2429 deprehenderit,
1642 2369 1723 2429 qui
1748 2377 1928 2414 catenas
1954 2370 2185 2430 antiquas,
2214 2378 2260 2415 et
2284 2370 2473 2418 huiusce
2505 2373 2688 2419 Nicetae

413 2488 415 2490 ,
441 2449 732 2511 potissimum
766 2447 1010 2492 examinet.
1047 2447 1280 2506 Namque,
1307 2443 1438 2491 verbi
1463 2445 1631 2506 gratia,
1660 2461 1765 2491 cum
1801 2445 1920 2491 duae
1946 2446 2018 2492 vel
2044 2454 2136 2492 tres
2167 2440 2356 2493 alicuius
2390 2450 2689 2510 expositionis

442 2540 603 2571 causae
636 2539 730 2569 non
765 2522 827 2589 ab
857 2522 1024 2568 eodem
1060 2530 1276 2575 auctore,
1305 2521 1386 2567 sed
1421 2536 1446 2567 a
1480 2521 1675 2567 diversis
1708 2521 1994 2575 redduntur,
2021 2522 2101 2568 ille
2136 2522 2195 2568 de
2228 2539 2312 2569 suo
2335 2524 2452 2570 solet
2486 2524 2685 2572 addere:
2734 2530 2738 2533 '

442 2602 621 2664 duplex
644 2611 710 2646 est
734 2599 874 2644 liuius
899 2598 992 2645 loci
1011 2597 1269 2662 eoepositio,
1299 2609 1385 2643 aut
1410 2597 1535 2643 enim
1558 2596 1644 2643 hoc
1667 2597 1808 2649 dicit,
1838 2607 1884 2645 et
1916 2607 2074 2660 postea
2101 2615 2271 2645 nomen
2297 2602 2496 2647 auctoris
2525 2605 2690 2665 appin-

441 2680 530 2740 giu
559 2693 703 2739 eaque
728 2678 950 2723 sententia
985 2676 1135 2728 finita,
1168 2677 1299 2738 ponit
1323 2674 1464 2722 verba
1488 2675 1593 2722 illa:
1623 2687 1710 2721 aut
1743 2675 1796 2720 id
1822 2675 1983 2739 potius
2019 2676 2297 2739 significare
2322 2678 2466 2724 voluit
2477 2697 2493 2731 ‚·
2517 2688 2562 2725 et
2588 2678 2708 2726 tum¹

442 2755 630 2801 alterius
671 2770 842 2800 nomen
878 2752 1061 2799 subdit:
1089 2753 1343 2816 Multipleoe
1376 2764 1444 2798 est
1477 2751 1550 2798 his
1589 2752 1739 2799 verbis
1772 2752 1983 2798 subiecta
2024 2753 2284 2804 sententia,
2326 2767 2412 2800 aut
2446 2755 2573 2801 enim
2603 2755 2691 2802 hoc

442 2832 582 2885 dicit;
611 2841 709 2877 tum
737 2831 973 2893 profertur
999 2831 1219 2877 sententia
1245 2845 1302 2875 ex
1328 2830 1485 2892 aliquo
1509 2838 1713 2899 auctore.
1750 2831 2051 2877 Postmodum
2076 2829 2341 2885 subiicitur,
2367 2843 2455 2877 aut
2479 2849 2582 2879 vero
2603 2832 2691 2879 hoc

443 2909 601 2960 aliud,
631 2918 676 2954 et
701 2909 882 2955 similia.
912 2910 967 2954 Et
994 2924 1100 2954 cum
1124 2909 1207 2954 ista
1233 2909 1563 2954 sententiarum
1587 2909 1814 2954 connexio
1839 2908 1898 2954 de
1917 2906 2171 2954 substantia
2194 2924 2351 2955 rerum
2374 2909 2491 2955 nihil
2514 2918 2688 2963 mutet,

442 3003 537 3033 non
560 3001 678 3048 opus
711 2994 810 3031 erat
844 2986 891 3031 in
925 2986 1049 3030 hisce
1074 2983 1278 3030 verbulis
1307 2992 1541 3030 auctorem
1566 2993 1750 3031 catenae
1775 3000 1910 3030 suum
1935 3000 2106 3031 nomen
2132 3001 2385 3047 apponere.
2419 2986 2550 3032 Unde
2581 3001 2689 3031 nam

442 3064 491 3109 id
526 3063 742 3109 habeam!
776 3063 897 3109 dicet
926 3062 1198 3108 Comitolus.
1236 3063 1303 3108 Ex
1337 3063 1433 3123 ipsa
1466 3070 1730 3108 catenarum
1755 3070 1935 3108 natura.
1972 3064 2077 3108 Non
2102 3062 2285 3124 placet?
2318 3062 2510 3108 Audiat:
2535 3063 2689 3123 potuit

443 3141 490 3185 id
512 3142 574 3186 ita
601 3140 716 3186 fieri.
756 3141 1026 3186 Contemnet
1050 3139 1160 3184 haec
1186 3138 1466 3191 Comitolus;
1494 3146 1756 3184 contemnat
1781 3153 1893 3199 ergo
1917 3146 1964 3184 et
1987 3139 2066 3184 illa
2091 3153 2171 3184 sua
2187 3173 2198 3191 ‚
2226 3138 2340 3184 dum
2371 3139 2576 3184 Nicetam
2601 3153 2690 3199 op—

443 3226 643 3278 pugnat,
671 3218 805 3263 toties
829 3217 1072 3262 inculcata.
1111 3215 1274 3262 Potuit
1299 3214 1665 3278 Olympiodorus
1699 3230 1730 3260 a
1760 3214 1916 3278 primo
1942 3214 2155 3277 integras
2179 3214 2512 3276 absolutasque
2543 3212 2695 3260 inter-

436 3293 727 3355 pretationes
751 3293 952 3356 singulis
987 3292 1215 3338 historiae
1239 3308 1406 3338 sacrae
1434 3291 1655 3355 partibus
1681 3290 1952 3337 adhibuisse
1976 3299 2063 3336 etc.
2100 3290 2263 3336 Potuit
2287 3289 2447 3353 primo
2468 3302 2690 3353 separato

445 3370 781 3415 commentario
805 3380 894 3418 etc.
934 3371 1095 3418 Potuit
1127 3386 1325 3416 suarum
1355 3369 1697 3417 sententiarum
1721 3384 1779 3414 ac
1811 3368 2053 3415 verborum
2084 3368 2328 3413 selectione
2361 3379 2495 3414 utens
2519 3376 2607 3414 etc.
2644 3369 2690 3414 Si

446 3445 525 3491 ille
558 3446 665 3506 quia
698 3448 869 3507 potuit,
907 3448 1038 3498 fecit:
1058 3463 1220 3509 -quare
1252 3463 1348 3493 non
1383 3456 1428 3493 et
1458 3447 1662 3499 Nicetas,
1699 3446 1779 3508 qui
1812 3461 1908 3491 non
1937 3446 2091 3492 minus
2123 3444 2464 3506 Olympiodoro
2505 3444 2688 3506 potuit?

576 3522 636 3566 Ut
663 3537 775 3567 vero
810 3523 869 3568 de
893 3523 1107 3570 formulis
1139 3523 1198 3570 ab
1231 3523 1572 3586 Olympiodoro
1604 3523 1835 3585 usurpatis
1862 3521 2037 3583 aliquid
2062 3522 2263 3567 exactius
2295 3519 2546 3574 habeatur,
2573 3520 2689 3566 dici-

448 3613 551 3644 mus
579 3597 968 3658 Olympiodorum
1002 3601 1127 3647 hunc
1162 3600 1408 3647 diaconum
1443 3600 1791 3647 alexandrinum
1825 3614 1851 3644 a
1886 3599 2090 3644 Iohanne
2127 3597 2474 3659 archiepiscopo
2509 3597 2689 3643 alexan·

422 3713 428 3720 .
449 3675 611 3728 drino,
640 3684 949 3735 cognomento
972 3678 1173 3732 Niciota,
1205 3686 1473 3740 promotum
1489 3713 1501 3732 ‚
1528 3678 1681 3723 varios
1706 3691 1860 3723 sacrae
1883 3675 2140 3736 scripturae
2163 3674 2308 3721 libros
2331 3676 2423 3720 suis
2443 3675 2693 3737 expositio-

449 3749 588 3796 nibus
612 3750 863 3796 elucidasse
889 3752 973 3805 sic,
995 3761 1047 3798 ut
1070 3763 1173 3800 ante
1188 3755 1370 3816 singula
1393 3756 1542 3817 capita
1565 3769 1669 3802 suas
1687 3753 1979 3816 protheorias
2004 3750 2251 3806 scriberet,
2272 3750 2441 3815 quibus
2465 3753 2699 3798 succincte

451 3836 496 3874 et
519 3827 722 3875 breviter
746 3835 1068 3889 argumentum
1092 3838 1136 3874 et
1162 3845 1291 3877 sensa
1319 3839 1628 3894 proponeret,
1656 3838 1814 3894 postea
1836 3844 1941 3877 suas
1964 3828 2294 3891 expositiones,
2322 3843 2490 3891 easque
2516 3827 2698 3875 brevis--
