2970 4420
1030 255 1084 285 DE
1118 253 1394 285 KALENDARIO
1427 253 1673 284 PUGILLAM.
2360 256 2466 286 xux

1193 330 1329 382 Imaqo
1363 332 1512 369 octava.

352 398 484 440 Etiam
516 396 552 438 si
581 394 836 450 Stephanum
866 395 979 439 hunc
1008 410 1120 450 esse,
1154 398 1357 441 festorum
1387 398 1510 440 series
1539 400 1655 439 certo
1688 395 1867 451 probet,
1899 395 2068 438 habitus
2101 396 2246 439 tamen
2267 399 2338 449 hic
2366 402 2471 444 levi-

237 463 323 513 tAm
352 466 563 510 nonsatis
590 464 774 518 indicat;
803 470 845 508 et
873 466 943 509 ille
966 468 1009 509 in
1038 469 1190 511 vertice
1213 468 1372 511 floccus
1400 465 1773 523 (quandoquidem
1801 466 1925 508 huius
1949 466 2125 522 pictoris
2151 479 2250 509 usus
2277 469 2469 523 religiose

238 535 525 583 observandus
551 538 640 589 est)
673 536 923 578 monachum
954 540 1116 593 potius,
1138 543 1188 582 ut
1212 551 1337 595 supra
1362 551 1485 594 saepe
1509 537 1714 590 vidimus,
1740 548 1868 591 quam
1895 535 2118 578 diaconum
2146 536 2280 580 decet.
2314 539 2469 590 Quam-

239 609 398 667 obrem
418 606 470 649 ab
506 610 679 648 auctore
712 606 781 648 hic
812 608 1015 651 nonnulla
1048 621 1127 664 pro
1167 609 1342 652 arbitrio
1375 613 1574 664 usurpata
1606 620 1693 651 nou
1729 607 1903 659 dubito,
1936 619 2042 662 quae
2061 608 2211 650 *mutas
2243 609 2468 665 imagines,

237 668 437 734 omnique
473 677 692 720 nominum
717 679 987 734 inscriptione
1017 680 1232 723 destitutas
1262 680 1444 723 reddunt
1475 680 1754 723 obscuriores.

1212 753 1349 804 Imaqo
1378 765 1495 793 nona.
1936 787 1949 790 ,

357 823 573 864 Extremae
600 819 780 863 tabellae
811 833 956 875 margo
991 822 1093 877 quia
1124 822 1323 864 Iohannis
1354 823 1633 877 evangelistae
1665 835 1751 866 non
1784 823 1897 878 capit
1926 823 2147 877 imaginem
2163 853 2175 875 ,
2204 823 2293 866 eius
2324 823 2469 866 hiero-

238 892 485 948 glyphicum
515 892 657 946 pictor
691 890 883 946 apponit.
916 893 1106 947 Apponit
1138 896 1280 935 autem
1314 892 1496 947 aquilam
1512 924 1523 946 ,
1555 905 1683 948 quam
1718 893 1835 935 latini
1868 897 2008 948 patres
2040 905 2089 934 ex
2124 893 2254 935 sacris
2289 897 2472 948 quatuor

237 961 486 1007 animalibus
515 960 694 1003 Iohanni
729 956 990 1015 potissimum
1022 962 1283 1016 tribuerunt3
1318 975 1415 1004 nam
1447 964 1641 1005 Irenaeus
1672 963 1784 1006 libro
1813 963 1939 1006 tertio
1973 964 2106 1018 capite
2138 961 2360 1005 undecimo
2395 964 2469 1005 Io-

238 1035 369 1078 hanni
396 1034 606 1085 Leonem,
638 1033 780 1074 Marco
813 1033 995 1088 aquilam
1026 1032 1252 1086 adscribit,
1285 1045 1412 1088 quem
1440 1032 1592 1088 passim
1621 1035 1768 1077 Graeci
1793 1035 1959 1089 sequuti
1984 1039 2103 1088 suut3
2136 1046 2310 1076 romana
2336 1039 2472 1077 tamen

238 1105 437 1158 ecclesia,
466 1116 563 1146 cum
589 1104 634 1145 in
660 1104 834 1146 vetustis
861 1117 911 1146 ex
936 1105 1099 1146 musivo
1126 1104 1344 1158 iconibus,
1377 1109 1466 1147 tum
1495 1106 1539 1147 in
1566 1105 1917 1162 baptizandorum
1942 1106 2172 1159 catechesi,
2201 1117 2328 1160 quam
2353 1117 2470 1148 scru—
2497 1138 2499 1141 .

237 1177 391 1220 tinium
424 1175 708 1230 appellamus,
740 1175 799 1217 ita
838 1179 1022 1229 quatuor
1055 1175 1128 1218 illa
1160 1175 1354 1217 animalia
1389 1180 1598 1227 recenset,
1631 1180 1672 1217 et
1708 1176 1979 1229 evangelistis
2000 1175 2315 1229 accommodat,
2348 1180 2397 1218 ut
2428 1176 2472 1218 in

230 1248 304 1303 ,his
334 1246 590 1290 carminibus
615 1245 810 1288 Sedulius
839 1246 917 1288 lib.
951 1247 988 1288 Ι.
1017 1245 1269 1288 mirabilium
1301 1246 1486 1301 exponit.
1515 1294 1517 1297 ¹

734 1319 818 1358 Hoc
849 1319 1069 1359 Matthaeus
1101 1321 1178 1369 ait,
1211 1320 1280 1370 qui
1312 1319 1504 1359 hominem
1535 1321 1771 1371 yeneraliter
1806 1321 1959 1372 implet.

737 1390 897 1428 Marcus
923 1392 970 1428 ut
995 1389 1079 1428 alta
1100 1387 1242 1440 fremit
1269 1401 1349 1429 vox
1372 1401 1450 1441 per
1477 1389 1630 1430 deserta
1656 1389 1791 1430 leonis.

732 1460 828 1499 Iure
855 1459 1067 1500 sacerdotii
1093 1460 1217 1500 Lucas
1245 1463 1349 1500 tenet
1373 1471 1441 1499 ore
1469 1459 1644 1500 lua-enci.

738 1531 848 1570 More
876 1531 1011 1570 volans
1039 1530 1196 1582 aquilae
1225 1531 1342 1571 verbo
1365 1533 1470 1582 petit
1495 1535 1602 1570 astra
1628 1531 1833 1572 Iohannes.

897 1673 959 1713 De
989 1675 1172 1726 utroque
1201 1672 1326 1714 huius
1354 1672 1574 1726 pugillaris
1603 1671 1822 1727 opercula.

355 1815 405 1856 In
435 1819 620 1856 extrema
650 1813 950 1868 oper-culorum
974 1817 1094 1868 parte
1112 1811 1238 1856 'vides
1263 1814 1501 1869 anaglypha
1526 1815 1680 1857 Christi
1706 1815 1867 1857 domini
1892 1817 2006 1857 cruci
2033 1815 2194 1869 suffixi,
2218 1820 2261 1859 et
2282 1817 2475 1872 martyris

237 1886 461 1928 levitarum
498 1897 617 1927 more
655 1883 925 1926 dalmaticati.
961 1885 1077 1926 Haec
1110 1884 1289 1927 fortasse
1329 1887 1447 1939 signa
1483 1891 1582 1928 suut
1616 1885 1860 1928 tutelarium
1895 1887 1984 1928 eius
2021 1887 2240 1939 ecclesiae,
2272 1886 2327 1929 ad
2360 1888 2477 1929 cuius

237 1969 361 1999 usum
390 1961 517 2011 atque
548 1955 898 1999 consuetudinem
928 1955 1013 1997 hoc
1045 1954 1332 1998 kalendarium
1365 1958 1662 1999 concinnatum
1690 1957 1785 1998 fuit.
1819 1957 1939 1999 Certe
1969 1957 2135 2000 levitam
2169 1958 2284 2000 illum
2317 1962 2474 2014 marty—

238 2040 329 2070 rem
355 2026 574 2069 tutelarem
608 2038 697 2068 csse
724 2025 910 2068 declarat
934 2038 1006 2080 ea,
1039 2038 1163 2081 quam
1193 2025 1363 2069 dextera
1395 2032 1529 2081 gestat
1559 2020 1774 2070 ecclesiam
1804 2030 1873 2081 (1).
1943 2043 1945 2045 “

757 2172 880 2211 Notae
909 2171 1026 2211 huius
1056 2172 1278 2213 kalendarii
1302 2177 1601 2224 praeponuntur
1630 2178 1667 2213 et
1695 2173 1959 2214 declarantur.

357 2312 546 2355 Circulus
581 2312 651 2354 ille
687 2312 754 2354 vel
793 2317 910 2364 rota,
945 2325 1070 2366 quam
1108 2313 1235 2368 primi
1267 2314 1455 2368 operculi
1491 2316 1667 2356 interior
1703 2327 1800 2369 pars
1833 2313 1985 2367 habet,
2019 2319 2161 2356 monet
2194 2319 2242 2357 ut
2279 2315 2330 2357 de
2366 2315 2478 2360 notis

241 2383 367 2426 huius
392 2383 609 2438 pugillaris
638 2382 799 2437 aliquid
825 2383 1088 2425 disseramus.
1124 2384 1316 2426 Ceterum
1341 2397 1434 2426 cum
1461 2385 1531 2426 ille
1557 2385 1738 2427 circulus
1761 2385 1894 2427 totius
1915 2386 2011 2427 anni
2041 2385 2303 2428 ecclesiastici
2335 2386 2478 2440 (quod

238 2454 420 2509 praefati
449 2455 617 2506 sumus)
649 2466 844 2506 cursum,
873 2454 1228 2507 vicissitudinem,
1260 2455 1588 2510 varietatemque
1616 2456 1940 2511 complectatur,
1963 2457 2054 2498 iure
2085 2457 2221 2511 pictor
2251 2457 2348 2499 hinc
2380 2456 2478 2498 inde

240 2525 444 2578 imagines
467 2525 714 2579 angelorum
737 2526 971 2580 appinxisse
997 2515 1191 2580 videtur,
1216 2538 1314 2568 cum
1336 2526 1431 2568 illos
1449 2531 1690 2581 temporum
1712 2526 1921 2582 praesides
1942 2539 2029 2568 esse
2057 2532 2183 2582 atque
2205 2527 2374 2569 illorum
2398 2527 2477 2568 mi-

241 2595 413 2637 nisterio
445 2596 612 2638 orbium
647 2598 884 2639 caelestium
912 2602 1053 2640 motus
1068 2631 1079 2652 ,
1112 2610 1160 2640 ac
1190 2602 1432 2654 temporum
1462 2599 1645 2641 rationes
1677 2599 2008 2653 mutationesque
2037 2600 2256 2654 temperari
2283 2599 2475 2642 sciamuS.

241 2665 376 2706 Notae
410 2676 512 2718 quas
543 2667 588 2707 in
612 2666 697 2710 hoc
726 2667 923 2721 pugillari
951 2668 1166 2722 videmus,
1191 2669 1280 2711 sive
1309 2669 1472 2711 illarum
1507 2669 1687 2711 formam
1719 2674 1879 2724 spectes
1902 2670 1987 2711 sive
2017 2669 2382 2724 significationem,
2409 2669 2475 2712 di-

241 2748 386 2778 versae
416 2735 588 2790 quidem
616 2740 739 2788 sunt3
762 2736 835 2778 sed
864 2738 1222 2791 quemadmodum
1252 2752 1394 2782 earum
1421 2741 1503 2782 vim
1531 2741 1696 2795 assequi
1726 2740 1836 2782 haud
1864 2740 2035 2782 difficile
2063 2740 2164 2791 fuit,
2188 2744 2332 2794 postea
2352 2752 2478 2793 quam

240 2806 324 2849 hoc
356 2806 617 2861 antiquitatis
645 2811 920 2847 monumento
953 2812 1197 2850 sanctorum
1226 2811 1405 2851 maxime
1434 2810 1565 2852 festos
1597 2811 1684 2854 dies
1716 2811 1920 2853 contineri
1950 2811 2247 2865 comperimus,
2272 2811 2328 2851 ita
2358 2810 2476 2863 plane

241 2877 365 2919 nobis
394 2877 656 2931 incomperta
685 2877 937 2931 relinquitur
963 2877 1100 2919 forma
1121 2878 1421 2934 ingeniumque
1452 2881 1615 2934 aliquot
1643 2886 1867 2932 notarum,
1886 2893 2022 2935 neque
2052 2893 2078 2922 a
2100 2893 2184 2935 qua
2214 2881 2476 2934 potissimum

240 2953 363 3002 gente
398 2951 622 3001 usurpatae
654 2947 750 2989 illae
780 2947 863 2989 sint
894 2952 1010 2989 certo
1047 2947 1257 2990 affirmare
1293 2960 1532 3002 possumus.
1566 2936 1722 2992 Harum
1753 2964 1883 3005 porro
1913 2956 2106 2992 notarum
2132 2939 2476 3004 ,quatuorsferme

241 3025 339 3061 sunt
375 3031 528 3073 genera
565 3019 747 3073 primum
779 3018 940 3060 clarum
974 3023 1099 3072 atque
1130 3020 1433 3078 perspicuum,
1458 3021 1557 3073 quia
1591 3033 1868 3063 romanorum
1893 3026 1990 3063 sunt
2021 3026 2145 3063 notae
2179 3033 2473 3074 numerorum,

242 3102 349 3145 quae
380 3090 532 3144 cuique
559 3091 690 3131 mensi
720 3089 804 3131 hoc
835 3093 897 3130 est
919 3089 1179 3142 singularum
1201 3089 1399 3131 lateribus
1427 3090 1674 3145 angulisque
1699 3092 1943 3134 tabellarum
1971 3093 2122 3134 incisae
2151 3096 2271 3144 sunt,
2295 3091 2475 3133 dierum-

241 3173 325 3216 que
355 3173 578 3203 numerum
598 3160 807 3213 referunt,
831 3172 941 3214 quos
971 3160 1150 3215 quisque
1180 3161 1331 3202 mensis
1362 3160 1501 3202 habet.
1535 3161 1725 3204 Totidem
1748 3175 1849 3204 vero
1874 3167 1976 3204 sunt.
1994 3163 2193 3204 mensium
2219 3162 2477 3215 singulorum

242 3230 353 3285 dies,
378 3231 414 3273 si
432 3231 486 3277 ¹ab
510 3231 700 3273 ianuario
727 3243 948 3273 numerum
981 3232 1230 3286 auspiceris,
1256 3230 1447 3285 duosque
1473 3231 1570 3273 illos
1591 3231 1752 3274 iunium
1775 3238 1815 3275 et
1834 3238 2055 3286 augustum
2084 3237 2344 3288 praetereas,
2370 3245 2477 3287 quos

239 3302 286 3344 in
317 3302 401 3344 boc
430 3302 629 3357 pugillari
661 3302 890 3345 desiderari
926 3316 1050 3358 saepe
1084 3303 1245 3345 monui.
1278 3302 1457 3344 Secundi
1487 3302 1649 3356 generis
1681 3308 1805 3345 notae
1836 3308 1995 3358 septem
2029 3304 2321 3346 tantummodo
2353 3309 2473 3357 sunt,

242 3386 354 3428 quae
386 3373 479 3428 pari
512 3385 686 3415 numero
713 3373 864 3415 litteris
895 3387 998 3429 quas
1026 3374 1298 3416 dominicales
1328 3373 1605 3428 appellamuS,
1629 3374 1904 3428 respondent,
1930 3379 1972 3416 et
2004 3387 2111 3429 quae
2132 3375 2308 3417 subinde
2335 3376 2377 3416 in
2406 3388 2477 3417 or-

240 3443 339 3486 bem
370 3443 617 3499 redeuntes,
642 3444 770 3486 toties
792 3445 834 3486 in
857 3445 1115 3498 singularum
1141 3444 1401 3498 marginibus
1430 3443 1679 3485 tabellarum
1709 3448 1978 3498 repetuntur,
2002 3450 2108 3499 quot
2134 3446 2333 3500 cuiusque
2356 3458 2475 3488 men-

241 3515 298 3557 sis
329 3514 418 3556 dies
446 3519 736 3557 munerantur.
770 3515 908 3567 Quare
940 3519 1104 3571 praeter
1136 3515 1446 3556 dominicalium
1478 3519 1726 3568 potestatem
1754 3515 2008 3569 litterarum,
2033 3517 2212 3559 induunt
2241 3515 2363 3559 etiam
2394 3519 2477 3559 vim

242 3583 676 3639 significationemque
701 3597 998 3638 numerorum,
1023 3589 1070 3626 ut
1099 3597 1148 3626 ex
1179 3586 1383 3627 mensium
1415 3586 1519 3627 serie
1551 3596 1652 3639 quas
1682 3590 1723 3627 et
1752 3598 1851 3627 mox
1877 3598 2112 3641 proponam
2142 3588 2365 3630 constabit.
2400 3589 2476 3630 Hic

357 3759 402 3799 (1)
424 3761 651 3794 Animadverte
676 3761 738 3793 hoe
759 3762 927 3794 Alemanni
953 3762 1120 3793 iudicium.
1144 3762 1289 3801 Namque
1309 3763 1342 3793 ct
1366 3761 1420 3794 alii
1445 3761 1511 3794 divi
1536 3761 1568 3794 in
1591 3762 1730 3796 romanis
1752 3763 1884 3797 musivis
1907 3764 2003 3805 (puta
2026 3765 2058 3796 in
2080 3767 2111 3797 S.
2138 3768 2237 3806 Agnes
2260 3766 2348 3796 extra
2369 3764 2479 3796 urbem

242 3811 400 3851 ecclesia)
421 3814 587 3854 visuntur,
611 3816 667 3856 qui
695 3816 812 3856 templa
834 3816 983 3848 manibus
1007 3816 1139 3856 gestant.
1168 3818 1201 3846 Α.
1227 3816 1268 3846 Μ.

2194 3885 2218 3910 G
