2970 4420
1222 257 1278 288 ns
1311 257 1585 289 eustosinus.
2473 249 2530 294 41

285 349 474 394 Pausan.
502 338 759 389 Eliacslih.
788 343 846 387 II.
878 340 978 403 (ed.
1007 343 1233 405 Xylandri
1260 360 1308 407 p.
1338 344 1479 406 361.)
1512 332 1660 407 Παροὶ
1679 328 1747 386 δὲ
1775 333 1871 386 τοῦ
1899 331 2130 395 Γέλωνος
2158 334 2214 387 τό
2246 333 2384 407 ἅρμα
2413 338 2532 394 οἰνά-

283 434 443 468 κειται
477 413 679 470 Φίλων,
713 406 867 478 τέχνη
903 408 997 462 τοῦ
1032 408 1302 482 αἰγινητου
1338 416 1615 465 Γλαυκίου·
1642 407 1807 483 τούτῳ
1842 410 1916 483 τῷ
1947 413 2142 465 Φίλωνι
2181 411 2464 481 Σιμώνιδης
2503 417 2527 468 0‘

283 485 608 560 Λεωπρέπους
647 485 881 557 ἐλεγεῖον
918 483 1231 559 δεξιώτατον
1270 488 1508 552 ἐποίησεν.
2214 543 2222 550 ,

552 560 745 634 Πατρὶς
780 561 871 634 μὲν
907 562 1170 639 Κορκύρα,
1204 568 1377 620 Φίλων
1414 562 1461 626 δ’
1501 561 1666 635 ὄ’νομ’,’
1703 563 1806 635 εἷμὶ
1849 559 1902 616 δὲ
1942 562 2187 618 Γλαύκου

666 638 823 706 Υἱὸς,
858 638 1084 717 καὶ,νι’κη
1119 637 1226 713 πῦξ
1262 638 1347 694 δύ’
1385 637 1730 712 ὀλυμπιάδας,

409 716 489 762 ΠΙ.
526 714 953 776 Corcyraeusalter
980 731 1098 777 puer
1129 717 1176 762 in
1205 731 1343 762 cursu
1370 716 1542 769 victor,
1571 717 1700 762 cuius
1730 717 1841 762 item
1876 723 2025 762 statua
2049 724 2148 762 erat
2178 716 2352 764 ibidem
2384 733 2532 780 prope

279 792 670 856 Meneptolemum
706 791 1062 854 apolloniatem‚
1095 799 1140 838 et
1180 793 1519 853 Hieronymum
1561 792 1794 839 andrium.
1838 794 2031 839 Pausan.
2072 793 2186 839 ibid.
2227 785 2434 838 Κεῖνται
2474 784 2527 839 δὲ

279 856 366 915 καὶ
399 860 446 915 ἕν
472 858 647 913 παισὶν
677 856 945 924 εἰληφότες
976 855 1170 930 δρόμου
1202 863 1336 920 νίκας
1369 857 1760 930 Μενεπτόλεμος
1797 859 1856 932 ἐξ
1885 860 2240 922 Ἀπολλωνίας
2268 862 2354 922 τῆς
2386 862 2432 916 ἐν
2460 862 2533 935 τῷ

274 937 474 1010 Ἰωνίῳ,
504 934 586 990 καὶ
624 936 919 1009 κερκυραῖος
946 939 1133 990 Φίλων·
1167 934 1243 988 ε’πὶ
1280 931 1337 989 δὲ
1371 935 1549 998 αὐτοῖς
1578 935 1870 1011 Ἱερώνυμος
1906 934 2125 1010 οἴνδριος.
2160 948 2234 993 An
2265 947 2388 993 idem
2424 965 2529 995 cum

276 1022 551 1086 superiore?
579 1023 767 1069 haereo.
811 1021 814 1024 ⁴

391 1101 480 1161 IV.
518 1101 733 1146 Cnossius
758 1098 923 1146 bellica
946 1099 1228 1162 experientia
1253 1097 1449 1145 celebris
1473 1101 1592 1146 inter
1614 1101 1863 1147 Ptolemaei
1883 1101 2189 1163 Philopatoris
2211 1100 2351 1148 duces
2366 1136 2377 1155 ‚
2399 1102 2528 1149 mille
2587 1097 2589 1101 ’

274 1179 606 1224 Neocretarum
639 1177 925 1239 praefectus,
962 1184 1072 1222 tunc
1102 1192 1208 1222 cum
1243 1178 1341 1239 ipse
1375 1176 1646 1240 Philopator
1679 1186 1722 1223 et
1762 1177 2016 1224 Antiochus
2052 1193 2248 1240 magnus
2280 1177 2339 1224 de
2371 1179 2530 1226 Coele-

272 1254 424 1315 syriae
456 1254 654 1315 imperio
683 1253 742 1298 ad
766 1268 893 1299 arma
921 1254 1131 1299 conversi
1165 1268 1321 1315 pugna
1356 1253 1414 1299 ad
1449 1254 1674 1315 Raphiam
1708 1255 1876 1316 insigni
1915 1254 2239 1308 decertarunt,
2266 1255 2528 1302 Ptolemaeo

271 1331 536 1378 discedente
558 1333 751 1377 victore.
780 1330 1001 1392 Polybius
1029 1331 1137 1377 hist.
1166 1329 1250 1376 lib.
1280 1332 1334 1376 V.
1365 1330 1468 1392 (ed.
1495 1332 1701 1377 Gronov.
1727 1333 1777 1376 T.
1806 1333 1841 1377 l.
1872 1347 1919 1393 p.
1949 1331 2092 1393 570.)
2130 1319 2332 1382 ούδενός
2363 1319 2413 1374 δὲ
2448 1318 2527 1379 Ξτ-

273 1433 359 1465 τον
397 1407 600 1464 ἔσπευδε
637 1407 768 1482 «περὶ
801 1405 1030 1471 τούς-ὑπ’
1070 1408 1223 1464 αὕτόν
1257 1409 1622 1481 τατὛομένους,
1658 1414 1888 1472 Κνωπίας
1925 1411 2208 1483 ἅλωρίτης,
2241 1407 2372 1479 ἔχων
2406 1408 2524 1473 τούς

271 1499 364 1571 μὲν
382 1497 576 1561 πάνΤας
606 1500 806 1573 Κρῆτας
844 1499 914 1560 εἷς
947 1503 1302 1572 τρισχιλίους,
1337 1499 1502 1553 αύτῶν
1539 1495 1592 1552 δὲ
1629 1497 1819 1553 τούτων
1855 1505 2064 1568 χιλίους
2102 1499 2419 1571 Νεοκρῆτας,
2451 1501 2520 1566 ἐφ’

270 1572 337 1631 οἷν
375 1575 608 1646 ἔπετοίχει
640 1581 858 1631 Φίλωνα,
881 1574 967 1630 τὸν
1003 1574 1255 1631 κνώσσιον.
2372 1579 2377 1583 ⁴

394 1652 449 1697 V.
488 1652 666 1697 Aenian
700 1666 968 1713 graecarum
1003 1653 1243 1713 copiarum
1269 1650 1454 1698 ductor.
1491 1652 1650 1697 Graeci
1683 1652 1857 1714 quippe
1891 1652 1949 1698 ad
1984 1662 2214 1701 extremos
2247 1656 2376 1717 regni
2408 1653 2523 1701 fines

268 1730 317 1775 in
352 1727 669 1791 superioribus
693 1729 904 1790 satrapiis
926 1729 1105 1779 reiecti,
1133 1729 1336 1776 extincto
1359 1728 1627 1774 Alexandro
1659 1744 1852 1789 magno,
1880 1729 2112 1786 desiderio
2135 1733 2282 1778 victus
2312 1748 2522 1778 morum—

263 1821 360 1867 que⁴
382 1820 685 1867 graecorum,
715 1820 739 1851 a
764 1805 980 1851 Perdicca
1002 1804 1213 1852 defecere
1228 1840 1240 1858 ,
1266 1813 1312 1850 et
1335 1807 1592 1865 coniunctis
1616 1807 1781 1852 animis
1813 1807 1938 1853 hunc
1966 1808 2208 1855 Philonem
2238 1809 2405 1856 ducem
2427 1809 2522 1856 ele-

263 1890 456 1944 gerunt,
483 1883 564 1943 qui
591 1890 749 1944 postea
774 1897 880 1928 cum
904 1882 1116 1943 Pythone
1141 1881 1385 1930 Perdiccae
1410 1882 1528 1929 duce
1551 1898 1709 1946 pugna
1738 1885 1850 1930 inita
1866 1919 1876 1936 ‚
1905 1885 2011 1931 licet
2044 1886 2343 1933 multitudine
2368 1887 2522 1949 copia-

263 1973 369 2004 rum
401 1959 706 2020 virorumque
735 1959 920 2004 virtutis
954 1959 1146 2004 eximiae
1178 1967 1572 2021 expertorumque
1605 1959 1775 2013 fretus,
1804 1969 2038 2007 certamen
2066 1977 2163 2008 non
2196 1962 2516 2016 detrectasset,

259 2037 526 2098 proditione
549 2035 772 2098 Lipodori
804 2035 952 2082 victus
985 2043 1054 2082 est
1087 2050 1113 2081 a
1147 2035 1381 2097 Pythone,
1409 2044 1690 2098 necatusque
1723 2053 1815 2083 una
1850 2054 1955 2085 cum
1980 2038 2080 2085 aliis
2102 2038 2285 2085 Graecis
2315 2054 2340 2085 a
2370 2040 2518 2085 Mace-

258 2113 488 2166 donibus,
523 2114 604 2174 qui
639 2111 904 2175 posthabita
936 2113 1050 2159 iuris
1087 2113 1272 2160 iurandi
1310 2114 1562 2175 religione,
1600 2113 1744 2161 fidem
1779 2115 1934 2162 datam
1967 2116 2218 2163 violarunt.
2255 2115 2393 2162 Diod.
2432 2117 2512 2162 sic.

258 2189 376 2236 bibl.
405 2189 488 2236 lib.
516 2191 678 2237 XVIII.
708 2192 755 2236 7.
843 2239 845 2242 ,

231 2280 237 2281 ’
385 2269 461 2314 VI.
499 2267 836 2320 Chalcidensis,
864 2283 1005 2330 quem
1038 2269 1087 2315 in
1120 2268 1310 2316 foedere
1345 2285 1451 2316 cum
1485 2271 1705 2317 Romanis
1737 2270 1933 2324 dedere,
1971 2287 2026 2317 ex
2060 2271 2222 2318 decem
2254 2271 2519 2334 legatorum

256 2345 480 2392 sententia
513 2345 791 2407 promiserat
823 2346 1080 2392 Antiochus
1111 2347 1161 2392 in
1194 2356 1398 2409 excerpt.
1433 2348 1492 2393 de
1531 2348 1670 2410 legat.
1708 2363 1764 2394 ex
1796 2348 1994 2410 Polybio
2028 2349 2109 2412 (T.
2146 2351 2291 2425 113p.
2335 2351 2513 2412 1136.)
2578 2389 2582 2392 .

256 2421 358 2478 Σῦν
388 2422 441 2477 δὲ
471 2422 674 2485 τούτοις
697 2424 934 2490 Ἀννίβαν
974 2421 1208 2480 ἐκδοῦναι
1245 2424 1340 2489 τὸν,
1367 2424 1735 2499 καρχηδόνιον,
1765 2427 1848 2481 καὶ
1893 2427 2101 2484 Θόαντα
2134 2428 2220 2486 τόν
2256 2432 2480 2488 αἷτωλόν
2503 2476 2514 2496 ,

255 2500 336 2554 καὶ
372 2505 710 2569 Μνασίλοχον
739 2501 1026 2574 ἀκαρνᾶνα,
1055 2501 1139 2555 καὶ
1169 2506 1378 2558 Φίλωνα
1406 2504 1489 2557 καὶ
1518 2502 1845 2570 Εὐβουλίδην
1869 2503 1989 2568 τούς
2016 2505 2319 2576 χαλκιδέας.
2357 2521 2413 2566 Et
2440 2521 2514 2565 Li-

252 2577 355 2621 vius
377 2575 462 2622 lib.
490 2577 734 2622 XXXVIII.
764 2577 843 2622 38.
879 2577 951 2621 De
974 2576 1254 2639 Hannibale
1274 2594 1446 2642 poeno,
1477 2590 1521 2623 et
1547 2581 1700 2625 aetolo
1727 2578 1956 2631 Thoante,
1986 2594 2030 2627 et
2055 2583 2346 2630 Mnasilocho
2372 2600 2516 2630 acar-

252 2667 398 2701 nane,
428 2662 476 2708 ee
506 2649 886 2696 Chalcidensibus
920 2629 1164 2698 EubulideJ
1189 2669 1249 2699 ae
1282 2652 1481 2700 Philone
1513 2655 1764 2706 dedendis,
1794 2655 1843 2701 in
1877 2655 1964 2701 hoc·
1988 2674 2169 2719 quoque
2188 2659 2389 2720 foedere
2423 2660 2511 2704 ad-

252 2727 480 2790 scriptum
514 2738 598 2793 est.
1678 2745 1682 2748 ’
2183 2752 2187 2753 ’

377 2805 475 2850 VII.
512 2802 757 2850 Thebanus
791 2820 883 2851 una
916 2821 1021 2852 cum
1055 2805 1156 2852 aliis
1189 2821 1215 2853 a
1248 2808 1342 2854 suis
1375 2807 1555 2854 civibus
1588 2810 1647 2855 ad
1680 2810 1952 2873 Philippum,
1970 2812 2146 2873 legatus
2179 2814 2371 2866 missus,
2399 2829 2504 2858 cum

248 2882 554 2928 Demosthene
587 2882 779 2943 aliisque
813 2881 872 2928 ab
903 2883 1284 2939 Atheniensibus,
1321 2887 1476 2933 animo
1511 2888 1696 2948 grandi,
1733 2889 1942 2934 moribus
1972 2891 2176 2950 integer,
2209 2890 2344 2935 donis
2378 2905 2483 2937 cor-

246 2959 402 3021 rumpi
426 2960 628 3011 nescius,
656 2960 832 3021 patriae
857 2961 1116 3007 commodis
1140 2977 1221 3008 sua
1255 2971 1558 3024 postponens.
1590 2965 1718 3010 Illius
1742 2965 2125 3026 elegantissimam
2145 2968 2348 3028 itemque
2372 2982 2509 3031 mag-

246 3037 477 3094 nanimam
512 3035 571 3082 ad
593 3031 858 3097 Philippum
891 3037 1234 3084 adlocutionem
1256 3040 1587 3086 Demosthenes
1610 3042 1819 3089 oratione
1853 3031 1960 3106 περὶ
1988 3039 2392 3108 παραπρεσβείας
2422 3064 2491 3094 ex-

244 3114 425 3175 posuit,
453 3121 505 3159 ut
527 3112 665 3173 legati
689 3114 947 3175 optimique
972 3115 1083 3161 civis
1108 3116 1347 3177 exemplar
1377 3131 1475 3162 esse
1499 3126 1681 3178 posset;
1707 3118 1843 3178 ‚quod
1873 3121 2034 3180 utique
2070 3111 2232 3166 καλὸν
2268 3112 2351 3165 καὶ
2392 3136 2509 3186 σεμ-

244 3179 321 3234 νὰν
356 3179 428 3240 εἷς
460 3179 638 3253 ἀρετῆς
673 3179 839 3252 λόγον
875 3180 958 3234 καὶ
1000 3178 1172 3254 δόξης.
1212 3193 1363 3238 Huius
1395 3193 1603 3239 Philonis
1635 3195 1853 3240 virtutem
1890 3198 2149 3258 egregiam,
2179 3208 2223 3245 et
2258 3203 2506 3264 praecipue

243 3253 593 3328 ἀδωροδοκίαν
628 3265 882 3313 admiratus
915 3276 984 3314 est
1020 3269 1118 3330 ipse
1157 3269 1461 3315 Macedonum
1502 3285 1583 3316 rex
1624 3271 1890 3333 Philippus,
1928 3281 1974 3318 et
2013 3277 2144 3335 quasi
2181 3291 2290 3323 suae
2325 3278 2505 3338 gloriae

196 3399 201 3404 .
241 3345 396 3390 nescio
428 3343 542 3406 quid
579 3344 899 3392 detrahentem
925 3346 1051 3409 apud
1074 3347 1372 3394 Plutarchum
1399 3349 1445 3393 in
1474 3349 1758 3410 apophtheg.
1787 3350 1836 3394 in
1860 3350 2091 3414 Philippo.
2129 3342 2264 3417 Πρὸς
2291 3347 2506 3400 Φίλωνα

242 3407 297 3464 δὲ
334 3407 419 3464 τόν
455 3411 686 3476 θηβαῖον
724 3411 989 3486 εὐεργέτην
1026 3413 1189 3467 αύτοῦ
1219 3413 1517 3485 γενόμενον,
1551 3415 1633 3468 καὶ
1677 3415 1823 3487 ξένον
1861 3417 2069 3473 ὁπηνίκα
2106 3415 2282 3492 διῆγεν
2318 3420 2364 3475 ἐν
2402 3421 2502 3478 Θή·

238 3492 362 3550 βαις
393 3486 681 3559 ὁμηρεύων,
714 3486 917 3561 ὕστερον
947 3486 1000 3543 δὲ
1036 3487 1289 3561 μηδεμίαν
1318 3491 1428 3562 παρ’
1460 3491 1621 3544 ada-00⁰
1649 3489 1839 3563 ’δωρεὰν
1869 3493 2301 3566 προσδεχόμενον,
2327 3496 2399 3568 μή
2431 3522 2495 3569 με

241 3559 343 3616 εἷπε
379 3564 610 3638 ἀφαιροῦ
641 3564 695 3618 τὸ
732 3565 960 3623 οἰνίκητον
998 3567 1294 3640 εὐεργεσίας
1330 3566 1412 3620 καὶ
1451 3566 1666 3641 χάριτος
1701 3567 1985 3641 ἦτὙοῖμενον.

365 3651 483 3696 VIII.
522 3652 647 3698 Unus
671 3667 696 3698 e
718 3652 1058 3699 successoribus
1091 3653 1343 3699 Alex-andri
1368 3655 1547 3715 magni,
1576 3655 1614 3700 si
1639 3655 1847 3703 Cedreno
1883 3658 2132 3705 credimus.
2171 3659 2334 3706 Scribit
2366 3677 2496 3706 nam-

237 3740 328 3786 que
362 3725 466 3786 (ed.
503 3729 641 3789 paris.
678 3730 728 3774 T.
757 3731 794 3775 I.
824 3746 872 3792 p.
913 3729 1057 3790 155.)
1094 3719 1246 3773 Μετοὶ
1285 3717 1337 3773 δὲ
1374 3719 1459 3776 την
1490 3718 1846 3795 Ἀλεξάνδρου
1883 3725 2123 3781 τελευτὴν
2163 3727 2235 3787 εἷς
2269 3728 2494 3788 «πολλὰς

238 3790 408 3862 ἅρχοὶς
435 3793 461 3850 ἦ
492 3799 740 3858 βασιλεία
767 3796 931 3850 αὐτοῦ’
958 3793 1180 3870 διῃρέθη·
1215 3795 1297 3850 καὶ
1332 3792 1610 3870 Περδίκκας
1636 3796 1728 3869 μὲν
1754 3798 1840 3856 την
1879 3801 1966 3863 τῆς
1995 3801 2319 3865 Μακεδονίας
2350 3803 2501 3860 ἔκλη-Δ

2035 3904 2040 3907 *
2237 3901 2259 3933 6
