2970 4420
474 257 565 303 176
1418 272 1573 304 monis
1602 271 1779 303 ΑιιΑΤιι

935 346 1149 403 Παππου
1185 345 1289 440 γάρ
1328 346 1603 420 εὖμοίρκκοι
1635 344 2100 420 προδρομωνόμου,

920 416 1040 478 Ka:
1074 424 1224 479 θεῖον
1261 421 1414 493 ἔσχον
1449 422 1670 496 Χριστὸν
1706 423 2073 495 ωνομοισμένον

936 502 1036 562 Γῆς
1070 500 1287 583 ῥωσικπς
1321 496 1594 573 πρόεδρον,
1631 498 1790 574 ἀβρὸν
1829 499 1876 555 ἓν
1910 499 2130 595 λόγοις,

899 577 1039 641 Ὑφ’
1078 582 1157 638 οἱς
1193 576 1451 645 ἀναχθεὶς
1488 576 1708 643 εὖσεβως
1744 575 2041 651 οἷνετροίφνιν.

597 664 889 725 Quibusdam
915 679 1011 710 non
1035 664 1187 725 placet
1211 663 1330 709 illud
1366 653 1586 720 εὐσεβως
1602 695 1614 716 ,
1650 663 1780 725 quod
1812 665 1961 710 errori
1991 664 2273 712 Graecorum
2296 665 2355 713 de
2379 667 2549 729 Spiritu
2574 674 2737 713 sancto

470 743 683 790 videatur
721 734 1074 788 addictissimus.
1112 741 1216 801 Ipse
1248 739 1308 786 ad
1342 741 1556 786 Baream:

930 808 994 859 ‘O
1030 804 1118 877 μὲν
1156 803 1353 880 λόγος,
1390 806 1478 862 νοῦ
1511 805 1667 878 γέννα
1700 829 1790 860 του
1829 812 2135 870 παναιτίου,

934 880 1197 954 Πανοίγιος
1232 883 1355 944 παῖς
1389 883 1582 957 πατρὸς
1620 883 1675 936 ἐκ
1707 889 1995 958 παναγίου,

936 957 1005 1011 Τὸ
1046 981 1243 1031 πνευμα
1278 956 1389 1012 δἐ’
1371 958 1688 1033 εκπόρευμοι,
1725 983 1808 1013 και
1848 959 2131 1035 πρόβλημα
2166 982 2269 1015 νου.

468 1050 686 1112 Alibique
711 1049 822 1095 dicit
849 1046 907 1093 de
933 1046 1102 1093 eodem
1118 1082 1130 1100 ,
1167 1035 1400 1109 ποῖΤρός’
1382 1058 1435 1090 εκ
1466 1035 1641 1108 μόνου.
1676 1048 1798 1102 Quin
1827 1047 1974 1094 immo
2000 1046 2224 1109 singulari
2248 1041 2498 1110 Opusculo
2500 1050 2590 1097 hoc
2613 1049 2739 1096 idem

398 1117 405 1123 ⁹
471 1136 632 1174 contra
660 1127 847 1172 Latinos
873 1124 1104 1178 defendit,
1132 1132 1182 1170 ut
1203 1124 1324 1170 infra
1349 1123 1629 1171 xidebimus.
1656 1125 1976 1187 Praepositum
1998 1125 2176 1171 nomini
2196 1122 2446 1172 Theodoro
2469 1127 2740 1174 adiunctum

469 1195 566 1248 τοῦ
600 1193 757 1265 κυροῦ
774 1234 785 1255 ,
821 1202 902 1264 qui
934 1202 1035 1247 eius
1070 1202 1401 1263 epigrammata
1434 1201 1709 1256 ediderunt,
1740 1200 1854 1264 Cyri
1886 1200 2116 1248 Theodori
2149 1201 2422 1253 Prodromi,
2454 1203 2740 1266 interpretati

470 1289 604 1332 sunt,
642 1294 814 1325 nomen
850 1292 949 1324 esse
991 1279 1237 1339 proprium
1273 1276 1501 1324 arbitrati.
1539 1278 1667 1333 Quos
1704 1280 1882 1341 optime
1917 1278 2087 1324 refellit
2120 1277 2355 1325 Gilbertus
2389 1280 2661 1325 Gaulminus
2691 1280 2742 1324 in

471 1357 630 1403 adnot.
661 1356 719 1402 ad
750 1354 951 1402 eundem
977 1354 1290 1400 Prodromum
1319 1370 1422 1417 cap.
1457 1356 1500 1401 1.
1535 1357 1614 1401 Est
1638 1356 1762 1402 enim
1797 1345 1948 1418 κυρός
1983 1357 2176 1418 nuperis
2198 1356 2413 1402 Graeciae
2438 1354 2744 1418 scriptoribus

470 1434 577 1479 loco
612 1422 811 1496 κύριος,
848 1440 900 1478 ut
938 1432 1110 1478 Latinis
1146 1431 1316 1478 eodem
1357 1431 1542 1487 saeculo
1581 1431 1784 1478 domnus
1823 1447 1912 1494 pro
1947 1431 2198 1478 dominus:
2233 1432 2545 1495 quodetiam
2586 1434 2744 1495 potius

471 1500 559 1574 κὰρ
579 1542 590 1562 ,
624 1510 698 1556 vel
735 1498 878 1572 κόρις
897 1541 908 1562 ,
944 1510 1210 1571 corruptius
1233 1507 1524 1563 extulerunt,
1554 1508 1817 1571 probatque
1842 1509 2040 1556 eandem
2063 1524 2225 1555 vocem
2253 1510 2318 1555 sic
2343 1523 2591 1572 perperam
2615 1524 2746 1556 acce-

470 1594 599 1648 ptam
633 1587 680 1632 in
705 1584 925 1632 omnibus
949 1585 1136 1646 linguis.
1174 1587 1278 1631 Fuit
1300 1586 1455 1631 variae
1477 1585 1754 1631 eruditionis
1778 1587 1875 1639 vir,
1903 1586 2179 1648 scripsitque
2206 1586 2335 1632 varia
2355 1587 2404 1631 in
2426 1587 2554 1632 omni
2577 1600 2745 1647 genere

471 1661 802 1709 scientiarum(
826 1663 956 1709 Illius
991 1663 1113 1709 edita
1151 1671 1258 1709 sunt
1288 1664 1619 1725 epigrammata
1654 1678 1817 1725 graeca
1853 1679 1959 1710 cum
1991 1663 2092 1709 aliis
2124 1662 2430 1725 quibusdam,
2456 1678 2576 1725 quae
2608 1670 2743 1709 sunt:

471 1751 787 1804 argumenta,
817 1757 899 1786 seu
922 1740 1087 1804 capita
1114 1739 1361 1803 utriusque
1389 1740 1663 1786 testamenti
1692 1739 1986 1787 tetrastichis
2016 1740 2236 1787 iambicis
2259 1740 2484 1792 senariis,
2515 1751 2560 1786 et
2590 1737 2749 1785 heroi-

472 1817 563 1869 cis,
594 1833 716 1880 qaae
752 1810 927 1880 ubique
963 1817 1183 1863 iambicis
1219 1817 1429 1863 eiusdem
1460 1818 1724 1864 sententiae
1756 1818 2123 1869 subnectuntur,
2152 1834 2246 1864 non
2281 1817 2473 1881 quidem
2504 1816 2555 1862 in
2587 1832 2748 1863 omnes

403 1919 405 1921 ·
474 1895 641 1945 libros,
671 1894 756 1940 sed
785 1895 835 1940 in
867 1893 1267 1954 Pentateuclmm‚
1296 1896 1458 1957 Iosue,
1487 1881 1774 1946 Iudicesset
1800 1897 1964 1959 Reges.
2002 1897 2125 1940 Item
2157 1895 2208 1941 in
2238 1906 2447 1958 quatuor
2469 1893 2743 1957 evangelia,
2765 1915 2776 1925 x

472 1986 517 2019 et
553 1985 666 2018 acta
701 1974 1041 2037 apostoloram.
1083 1972 1381 2019 Tetrasticha
1411 1972 1523 2018 ilem
1553 1972 1785 2023 iambica,
1815 1983 1861 2017 et
1891 1971 2108 2023 heroica,
2140 1972 2195 2018 in.
2223 1984 2318 2018 tres
2349 1983 2537 2018 sanctos
2560 1969 2749 2017 hierar-

474 2050 590 2097 chas
630 2038 945 2114 Gregorium,
989 2049 1400 2113 Clzrysostomum‚
1439 2062 1484 2095 et
1521 2049 1775 2096 Basiliam.
1814 2049 1982 2112 Elegi,
2021 2049 2192 2112 quibus
2234 2048 2498 2111 alloquitur
2537 2048 2748 2094 Paulum

474 2129 759 2192 apostolam.
800 2130 950 2173 Pares
988 2128 1057 2173 ad
1098 2127 1382 2191 Gregorium
1422 2126 1718 2190 theologum,
1764 2126 1856 2172 alii
1896 2127 1945 2172 in
1981 2142 2216 2190 magnum
2254 2125 2526 2176 Basiliam,
2567 2124 2660 2170 alii
2699 2124 2750 2169 in

476 2204 758 2268 Gregorium
793 2220 1070 2267 nyssenam,
1101 2204 1194 2249 alii
1226 2204 1276 2249 in
1299 2215 1521 2250 sanctam
1554 2203 1827 2250 Nicolaum.
1864 2203 2090 2249 Exilium
2122 2202 2371 2269 amicitiae
2399 2202 2603 2249 senariis
2632 2201 2751 2248 scr-*i-

471 2293 629 2345 ptam.
669 2283 730 2327 In
758 2281 1133 2345 providentiam.
1174 2282 1339 2345 Versus
1364 2280 1737 2345 expostulatori'i
1761 2280 1811 2326 in
1835 2282 2071 2332 Baream,
2102 2295 2132 2326 a
2158 2296 2250 2344 quo
2278 2291 2450 2326 temere
2474 2278 2751 2327 nominatus

466 2359 642 2420 suerat
685 2358 968 2405 haereticus.
1006 2361 1067 2405 In
1109 2358 1373 2423 imaginem
1413 2359 1557 2406 vitae.
1594 2359 1798 2410 Basileae
1837 2358 1963 2421 apud
2002 2357 2244 2405 Bebelium
2284 2373 2409 2404 anno
2445 2358 2587 2404 1536.
2625 2357 2751 2403 Haec

481 2435 644 2483 eadem
686 2438 843 2484 omnia
876 2437 924 2482 in
960 2438 1284 2499 manuscriptis
1318 2436 1482 2482 italicis
1518 2435 1751 2482 habentur
1785 2444 1830 2482 et
1866 2436 2176 2489 correctiora,
2213 2443 2258 2481 et
2289 2434 2546 2496 ampliora,
2581 2430 2754 2502 quibus

481 2530 577 2561 non
610 2529 749 2561 nemo
777 2513 997 2560 Suffultus
1031 2529 1199 2560 novam
1236 2514 1488 2561 editionem
1521 2529 1616 2560 non
1648 2514 1848 2575 inglorie
1882 2512 2040 2559 moliri
2073 2521 2245 2575 posset.
2282 2510 2528 2558 Habentur
2562 2523 2753 2571 quoque

481 2592 794 2653 manuscripta
832 2592 878 2636 in
911 2590 1196 2637 bibliotheca
1229 2593 1354 2653 regia
1389 2578 1606 2638 Scoriaci.
1645 2591 1775 2637 Illius
1805 2592 2139 2653 epigrammata
2162 2604 2325 2651 graeca
2349 2588 2578 2634 Iohannes
2601 2584 2754 2633 Ribis-

478 2685 555 2716 sus
587 2669 635 2714 in
668 2669 859 2715 latinam
884 2669 1093 2730 linguam
1120 2669 1381 2722 transtulit,
1410 2677 1455 2714 et
1488 2670 1698 2715 Genevae
1725 2668 1910 2714 excudit
1933 2667 2186 2729 CrispinuS.
2225 2666 2447 2728 Dialogus
2470 2666 2529 2711 de
2556 2663 2753 2710 amicitia
2827 2729 2830 2732 ,

477 2745 687 2792 iambicis
729 2747 954 2792 trimetris
987 2747 1208 2808 scriptus,
1248 2761 1409 2807 graece
1445 2754 1490 2792 et
1532 2746 1674 2792 latine
1711 2746 1965 2807 interprete
1997 2744 2214 2792 Conrado
2250 2744 2454 2790 Gesnero
2496 2741 2647 2788 editus
2685 2748 2755 2786 est

478 2824 684 2870 Basileae
717 2831 826 2886 post
858 2823 1078 2869 Iohannis
1112 2823 1297 2870 Stobaei
1332 2824 1581 2870 sententias
1612 2825 1659 2869 in
1692 2823 1776 2869 fol.
1815 2824 1868 2868 ln
1900 2823 1973 2868 his
2002 2831 2158 2868 tamen
2191 2819 2592 2884 quemadmodum
2626 2826 2672 2864 et
2706 2819 2778 2867 in-

480 2900 675 2962 reliquis
711 2900 812 2946 aliis
847 2901 1103 2946 accuratior
1135 2901 1405 2962 quantitatis
1436 2899 1723 2963 syllabarum
1757 2901 1877 2946 ratio
1912 2899 2218 2946 desideratur.

609 2976 828 3023 Eiusdem
851 2977 1137 3029 dissertatio,
1164 2993 1257 3038 qua
1278 2978 1449 3024 veteris
1471 2983 1637 3040 poetae
1660 2977 1968 3030 versiculum,
1990 2992 2087 3038 quo
2111 2976 2373 3039 paupertati
2398 2974 2669 3037 sapientiam
2693 2981 2760 3019 at-

482 3052 741 3108 tribuebat,
773 3055 994 3116 exagitat:
1032 3069 1201 3116 nempe
1237 3044 1489 3119 ἀνατροπὴ
1527 3045 1622 3098 τοῦ
1639 3085 1650 3108 ,
1688 3049 1864 3110 σοφίην
1901 3049 2038 3102 πενίη
2078 3041 2289 3112 ἔλαχεν.
2322 3050 2570 3113 Resutatio
2606 3064 2768 3113 argu-t

484 3130 659 3176 menti:
677 3131 935 3194 pauperies
958 3129 1176 3194 sophiam
1200 3143 1346 3177 nacta
1370 3143 1459 3182 est,
1489 3147 1544 3179 ex
1569 3132 1695 3192 regia
1719 3130 2002 3178 bibliotheca
2027 3131 2305 3193 deprompta
2320 3164 2331 3182 ,
2358 3128 2482 3175 edita
2505 3135 2571 3173 est
2594 3141 2757 3188 graece

486 3216 531 3254 et
561 3208 702 3254 latine
734 3223 840 3263 cum
874 3209 999 3255 notis
1036 3224 1120 3269 per
1145 3208 1421 3255 Federicum
1454 3209 1719 3255 Morellium
1755 3210 1995 3255 Lutetiae
1984 3225 2032 3253 ιη
2059 3210 2105 3255 8.
2143 3208 2215 3254 An
2244 3214 2407 3252 auctor
2435 3205 2627 3250 huiusce
2661 3202 2757 3249 dis-

486 3285 840 3331 sertatiunculae
873 3285 997 3337 idem
1022 3287 1080 3331 sit
1114 3301 1221 3331 cum
1257 3299 1390 3348 κυρῳ
1429 3286 1694 3345 Prodromo
1732 3275 1977 3348 ἐποποιῷ,
2013 3286 2146 3331 cuius
2176 3285 2364 3346 piorum
2388 3282 2647 3328 carminum
2685 3269 2757 3323 ἔκ·

489 3350 653 3423 noya>
694 3362 753 3408 de
786 3363 987 3409 oraculis
1009 3352 1252 3424 utriusque
1278 3364 1541 3409 tastamenti
1567 3372 1749 3416 extant,
1779 3364 2009 3409 incertum
2041 3361 2131 3408 sibi
2161 3376 2260 3407 esse
2283 3375 2369 3406 nec
2400 3359 2508 3404 satis
2543 3373 2782 3419 comper-⁴

487 3444 587 3481 tum
620 3436 790 3484 fatetur
820 3438 946 3485 idem
979 3439 1235 3486 Morellius.
1272 3441 1330 3485 Et
1363 3426 1566 3486 eundem
1590 3455 1715 3494 esse,
1744 3440 1938 3486 fortasse
1963 3440 2164 3500 aliquem
2190 3437 2522 3487 collecturum,
2547 3434 2679 3496 quod
2709 3435 2759 3480 in

487 3512 682 3559 exordio
716 3514 941 3569 fateatur,
971 3531 1018 3561 se
1052 3531 1077 3562 a
1113 3517 1268 3578 pueris
1303 3522 1466 3578 poetas
1490 3532 1651 3563 amore
1684 3533 1737 3564 ac
1767 3517 2024 3564 reverentia
2055 3522 2379 3578 prosecutum,
2407 3511 2623 3574 exemplo
2654 3511 2761 3560 Pla-

488 3589 627 3635 toniS.
665 3590 726 3635 At
757 3606 839 3637 cur
866 3595 968 3654 pius
994 3599 1132 3655 poeta
1166 3602 1404 3641 oratorem
1429 3610 1569 3657 agens
1599 3595 1699 3642 sola
1724 3595 2035 3662 profanorum
2058 3593 2337 3654 scriptorum
2364 3591 2636 3636 auctoritate
2661 3605 2759 3637 cre-

489 3663 579 3710 bro
613 3680 747 3719 usus,
777 3677 1043 3715 sanctorum
1069 3678 1338 3725 auctorum,
1366 3686 1487 3733 quos
1520 3665 1675 3734 digitis
1704 3671 1902 3718 callebat
1937 3679 1984 3717 et
2013 3684 2123 3716 aure
2158 3683 2217 3714 ne
2247 3655 2351 3730 γρῦ
2386 3653 2577 3728 quidem
2605 3668 2761 3714 nomi-

491 3744 669 3795 nasset,
707 3742 797 3789 hoc
830 3744 899 3789 illi
933 3761 1032 3792 rem
1072 3750 1212 3793 vertit
1248 3749 1295 3794 in
1336 3748 1550 3795 dubium.
1589 3750 1650 3794 At
1685 3750 1798 3795 sciat
1835 3748 2010 3795 auctori
2046 3754 2208 3792 contra
2248 3744 2474 3807 profanos
2513 3745 2762 3806 scriptores

493 3819 671 3880 agenti,
706 3835 877 3882 eosque
914 3823 1160 3883 exagitanti
1197 3826 1570 3887 inopportunum
1600 3827 1751 3873 visum
1787 3812 2014 3873 fuissessex
2047 3823 2211 3878 sacris,
2243 3821 2414 3884 quibus
2446 3822 2516 3868 illi
2553 3823 2759 3868 animum
