2970 4420
441 271 590 304 'xxvm
1315 274 1465 305 LEONIS
1499 274 1674 304 ALLATII
1707 273 1810 304 VITA
1819 293 1829 303 .

439 348 598 390 ordine
634 348 901 402 perscripsit,
941 347 1189 403 redegitque
1222 349 1263 390 in
1300 349 1489 390 ordinem
1525 349 1713 391 omnium
1754 347 2084 403 pulcherrimum
2127 355 2170 393 et
2211 351 2592 405 absolutissimum3
2625 351 2700 410 qui

445 424 594 474 postea
617 432 642 462 a
666 419 851 461 librariis
880 419 1141 473 elegantibus
1169 419 1483 478 characteribus
1512 419 1695 472 exarati,
1722 423 1885 473 septem
1913 432 2086 474 magnae
2114 422 2239 464 molis
2268 423 2487 465 volumina
2517 435 2702 477 occupa-

445 495 567 532 runt:
604 490 759 545 quibus
792 490 877 532 duo
908 495 1125 545 praeterea
1156 491 1310 532 adiecit
1334 489 1389 531 de
1419 489 1639 531 codicibus
1674 489 1958 532 bibliothecae
1987 492 2224 544 Palatinae,
2259 498 2300 535 et
2329 506 2428 535 mox
2457 494 2694 546 Urbinatis,

444 574 555 616 quae
582 566 624 603 et
650 560 828 616 propter
858 574 1002 603 earum
1033 561 1305 615 dignitatem,
1327 566 1371 602 et
1395 564 1573 615 propter
1602 561 1684 602 loci
1709 561 1820 603 unde
1849 562 2046 605 advectae
2075 569 2174 606 sunt
2201 566 2470 618 memoriam,
2496 566 2699 620 separatis

442 633 488 675 in
516 634 669 688 pluteis
694 637 975 674 asservantur.
1011 633 1200 686 Cumque
1228 636 1350 673 antea
1379 632 1519 673 omnia
1542 631 1645 673 hacc
1677 628 1906 675 admodum
1939 634 2115 676 confusa
2144 640 2270 690 atque
2298 636 2505 690 indigesta
2533 641 2695 690 essent,

445 706 759 760 plurimumque
791 704 952 758 negotii
979 703 1112 745 libros
1143 703 1458 745 consulentibus
1486 703 1756 756 exhiberent,
1783 704 1873 745 eius
1902 716 2029 759 opera
2057 705 2274 759 distincta,
2300 707 2515 759 ordinata,
2539 711 2693 748 tracta-

439 781 597 831 taque,
629 780 671 817 et
701 775 745 816 in
775 788 897 816 usum
927 775 1063 816 facilia
1093 779 1134 816 et
1165 774 1355 829 expedita
1385 774 1494 816 facta
1523 780 1636 817 sunt.
1670 775 1786 827 Quae
1816 788 1882 817 res
1912 788 2084 831 magnae
2111 777 2191 818 fuit
2221 790 2307 819 non
2338 777 2467 819 modo
2500 765 2624 819 curae
2655 781 2699 818 et

440 848 706 902 diligentiae,
730 847 803 889 sed
835 848 959 888 etiam
982 846 1244 888 eruditionis.
1278 846 1373 887 Non
1397 846 1507 887 enim
1529 847 1606 888 nisi
1630 847 1723 889 viro
1747 848 1798 888 111
1830 848 1974 901 primis
2007 847 2160 901 docte,
2185 853 2227 890 et
2248 850 2291 890 in
2323 850 2437 890 omni
2460 849 2697 890 litterarum

438 932 596 973 ‘genere
627 918 856 961 admodum
888 922 1078 971 versato,
1108 930 1159 959 ex
1189 917 1298 959 carie
1328 918 1498 971 situque
1527 918 1764 972 profundae
1793 919 2015 961 vetustatis
2044 924 2111 961 tot
2140 931 2205 962 res
2236 932 2475 973 eruere,·ac
2505 920 2550 961 in
2582 918 2699 961 ordi-

433 1003 538 1032 nem
567 994 653 1032 tam
683 990 913 1044 elegantem
934 988 1123 1041 redigere
1151 987 1358 1029 licuisset:
1385 988 1562 1031 maxime
1592 989 1712 1044 quod
1736 1002 1858 1045 saepe
1881 991 2053 1032 nomina
2084 995 2306 1033 auctorum
2331 997 2402 1034 aut
2423 992 2548 1034 >nulla
2579 994 2695 1032 exta-

444 1066 561 1115 rent,
585 1065 657 1103 aut
681 1061 813 1102 aliena
836 1064 876 1101 et
898 1059 1132 1113 suppositia
1153 1059 1198 1100 in
1219 1058 1428 1101 librorum
1450 1059 1798 1115 inscriptionibus
1824 1062 2080 1116 legerentur.
2115 1062 2312 1116 Tulitque
2343 1062 2516 1116 dignum
2537 1062 2698 1104 laboris

431 1138 485 1174 'et
517 1144 667 1187 operae
698 1144 793 1173 suae
823 1130 1034 1182 fructum,
1061 1131 1201 1184 primo
1232 1142 1281 1172 ex
1312 1132 1568 1173 conscientia
1596 1132 1732 1187 vitae,
1761 1137 1804 1174 et
1834 1146 1931 1176 cum
1960 1133 2046 1176 fide
2077 1133 2388 1176 administratae
2416 1146 2544 1188 quam
2574 1145 2696 1175 acce-

433 1208 563 1258 perat
584 1203 855 1258 provinciae:
879 1201 1032 1243 deinde
1056 1201 1175 1256 quod
1205 1214 1400 1256 magnam
1430 1204 1595 1257 paravit
1625 1205 1760 1246 omnis
1782 1205 2031 1247 eruditionis
2064 1206 2284 1260 omnisque
2309 1205 2523 1247 doctrinae
2553 1203 2694 1258 supel—

431 1276 646 1329 lectilem,
671 1287 756 1328 qua
785 1273 935 1319 deinde
966 1286 1065 1315 usus
1097 1274 1222 1315 estin
1251 1274 1508 1317 adornandis
1538 1276 1694 1329 ingenii
1724 1276 1790 1318 sui
1819 1277 2127 1326 monumentis,
2153 1288 2261 1330 quae
2292 1288 2405 1317 nunc
2427 1275 2596 1329 publice
2626 1286 2695 1316 ex-

440 1351 557 1399 tant,
583 1351 624 1387 et
654 1349 848 1387 tenentur
870 1344 1104 1386 avidissime
1127 1345 1319 1387 manibus
1342 1346 1602 1389 eruditorum
1619 1378 1630 1400 ,
1654 1360 1814 1390 summa
1845 1360 1941 1390 cum
1963 1347 2148 1389 auctoris
2179 1347 2300 1389 laude
2321 1351 2363 1388 et
2387 1338 2691 1397 admiratione,

432 1430 535 1460 -cum
567 1421 741 1472 propter
772 1419 950 1457 ceteram
989 1427 1134 1457 eorum
1160 1416 1396 1458 ‘utilitatem
1428 1421 1469 1459 et
1499 1418 1880 1472 pulchritudinem,
1912 1423 2001 1460 tum
2035 1420 2161 1460 etiam
2199 1422 2375 1472 propter
2411 1418 2690 1470 scriptorum,

441 1501 623 1543 quorum
653 1487 899 1529 testimonio
931 1487 1092 1541 utitur,
1120 1489 1420 1542 praestantiam
1452 1494 1494 1531 et
1523 1488 1763 1541 raritatem,
1797 1491 1974 1531 maxime
2005 1491 2050 1531 in
2080 1491 2129 1531 iis
2159 1502 2267 1544 quae
2300 1489 2354 1531 ad
2378 1487 2695 1530 controversias
2756 1490 2760 1495 “

440 1561 490 1602 (16
515 1560 722 1613 religione
753 1558 987 1613 pertinent,
1015 1570 1124 1615 quae
1158 1559 1284 1613 longe
1314 1559 1475 1602 firmius
1505 1566 1547 1602 et
1577 1560 1811 1615 expeditius
1833 1561 1917 1603 fide
1949 1565 2356 1618 rerumgestarum,
2382 1564 2424 1601 et
2446 1559 2693 1601 auctoritate

440 1627 960 1685 clarorum'scriptorum,
994 1643 1122 1685 quam
1156 1632 1394 1674 ration-ibus
1434 1632 1703 1674 dirimuntur.
1739 1634 1872 1675 Huius
1902 1633 1974 1675 1116
2004 1633 2160 1674 laboris
2199 1643 2367 1674 omnem
2403 1632 2610 1679 rationem
2644 1641 2694 1672 ac

438 1705 685 1747 methodum
721 1716 815 1746 cum
848 1704 1081 1746 Alemanno
1118 1705 1466 1758 communicavit,
1500 1706 1674 1759 eiusque
1713 1705 1891 1747 consilio
1925 1708 1967 1746 et
2001 1705 2254 1745 auctoritate
2291 1701 2344 1744 ad
2380 1699 2693 1755 suscipiendum

439 1777 758 1830 urgendumquc
790 1788 897 1829 opus
927 1776 1158 1830 plurimum
1190 1789 1290 1818 usus
1319 1780 1397 1818 est.
2438 1767 2459 1773 ”

558 1851 628 1890 48.
663 1850 748 1890 Nec
777 1849 914 1889 minus
945 1847 1202 1901 diligentiam
1231 1848 1276 1889 in
1306 1860 1355 1890 ea
1384 1861 1431 1890 re
1468 1848 1824 1902 suam-probavit
1854 1847 1980 1889 Felici
2012 1846 2282 1898 Contelorio,
2316 1844 2392 1899 qui
2426 1844 2470 1885 in
2506 1842 2690 1885 admini-

437 1921 608 1964 stranda
636 1919 897 1961 bibliotheca
927 1919 1158 1960 Alemanno
1189 1920 1403 1961 successit.
1437 1921 1532 1962 Hoc
1563 1920 1615 1962 (16
1645 1920 1818 1961 1101111116
1850 1931 1986 1973 pauca
2017 1917 2243 1959 memoriae
2274 1915 2466 1966 tradere,
2498 1926 2586 1956 non
2616 1912 2692 1955 ad·
2758 1928 2762 1932 ·

436 1994 612 2035 modum
643 1993 823 2034 alienum
853 2004 876 2033 a
906 1991 1127 2045 proposito
1161 2002 1255 2031 meo
1286 1989 1586 2043 iudicaverim3
1621 2003 1760 2045 neque
1791 1991 1928 2031 minus
1960 2001 2114 2043 operae
2143 1988 2329 2043 pretium
2357 1999 2425 2028 me
2454 1986 2688 2035 facturum,

435 2066 469 2106 si
505 2064 633 2119 paulo
669 2063 795 2105 etiam
828 2061 995 2115 digredi
1031 2061 1083 2103 ab
1119 2065 1368 2114 argumento
1407 2058 1621 2103 videbors
1638 2061 1844 2103 Acerrimi
1880 2061 2038 2114 ingenii
2071 2060 2136 2102 vir
2171 2059 2275 2111 fuit,
2309 2062 2352 2100 et
2383 2069 2472 2099 non
2499 2055 2692 2114 ,vulgaris

425 2135 674 2188 doctrinae,
701 2146 827 2188 quam
856 2138 996 2175 tamen
1029 2132 1144 2174 haud
1164 2133 1223 2174 ita
1243 2133 1375 2174 multa
1395 2132 1631 2174 litterarum
1662 2132 1944 2173 humanarum
1975 2126 2158 2173 suavitas
2184 2129 2391 2172 condiret.
2427 2128 2594 2182 Quippe
2616 2127 2690 2168 uni

433 2208 619 2248 intentus
649 2203 1025 2258 iurisprudentiae,
1050 2209 1092 2246 et
1121 2203 1365 2257 antiquitati
1395 2198 1547 2245 nostro
1566 2215 1669 2244 aevo
1701 2202 1898 2244 viciniori
1921 2200 2262 2255 cognoscendae,
2287 2191 2426 2242 cetera
2454 2199 2691 2240 litterarum

435 2278 699 2330 adiumenta,
724 2277 842 2330 quasi
864 2276 1000 2317 minus
1031 2275 1085 2318 ad
1115 2288 1182 2317 res
1202 2274 1404 2329 gerendas
1426 2275 1569 2328 utilia,
1593 2288 1738 2317 secure
1762 2278 2088 2328 contempserat.
2123 2273 2342 2314 Enituerat
2368 2271 2456 2312 eius
2484 2270 2690 2312 industria

435 2350 478 2390 in
511 2347 744 2389 ordinanda
775 2346 910 2388 nobili
940 2346 1199 2388 bibliotheca
1230 2346 1435 2392 Iohannis
1455 2347 1671 2400 Baptistae
1698 2347 1888 2395 Cuevae,
1921 2346 2056 2387 Rotae
2081 2342 2287 2385 auditoris
2319 2342 2454 2395 (quae
2479 2352 2592 2381 nunc
2621 2340 2687 2381 vi—

435 2420 540 2461 situr
569 2420 613 2459 in
644 2418 771 2459 domo
804 2417 992 2471 professa
1021 2417 1298 2470 Iesuitarum,
1332 2417 1494 2459 domini
1525 2421 1777 2459 testamento
1810 2416 1910 2458 illuc
1940 2415 2163 2466 translata)
2197 2426 2294 2454 cum
2324 2412 2405 2453 fuit
2434 2412 2478 2452 111
2503 2411 2592 2452 61113
2622 2410 2688 2451 sa-

433 2491 589 2533 mulatu
621 2489 864 2531 adiuvandis
884 2490 926 2529 in
949 2501 1168 2545 cansarum
1187 2490 1431 2542 cognitione
1451 2489 1670 2531 laboribus
1696 2488 1944 2542 adsumptus
1978 2489 2129 2541 (quam
2153 2484 2439 2527 conditionem
2462 2482 2585 2524 avide
2614 2494 2687 2524 so·-

433 2563 521 2604 lent
551 2561 745 2603 affectare
777 2559 1128 2613 iurisprudentiae
1161 2561 1319 2602 tirones
1351 2560 1406 2602 ad
1441 2560 1670 2602 acuendam
1704 2559 1978 2609 industriam,
2012 2562 2055 2599 et
2083 2557 2166 2599 fori
2198 2556 2538 2608 iudiciorumque
2568 2554 2685 2608 peri-

432 2636 540 2683 tiam¹
563 2631 890 2686 comparandam
907 2629 947 2687 >2
984 2644 1116 2686 eaque
1143 2645 1208 2674 res
1233 2632 1292 2674 illi
1319 2633 1498 2674 maxime
1521 2632 1750 2683 suffragata
1774 2635 1835 2672 est
1863 2630 1974 2684 apud
1996 2628 2259 2671 Cardinalem
2284 2626 2562 2669 Barberinum
2578 2655 2590 2678 ,
2614 2625 2688 2679 qui

434 2704 670 2747 Cobellutio
701 2704 787 2744 vita
817 2703 986 2754 functo,
1019 2704 1204 2757 supremi
1233 2703 1547 2745 bibliothecarii
1577 2703 1629 2744 ab
1660 2703 1832 2745 Urbano
1863 2701 2066 2756 pontifice
2097 2704 2248 2754 patruo
2280 2711 2357 2740 suo
2386 2709 2539 2739 munus
2568 2708 2688 2738 acce-

431 2780 572 2830 perat,
606 2774 831 2828 effecitque
863 2778 910 2814 ut
939 2774 1118 2816 idoneus
1150 2779 1398 2829 putaretur,
1433 2776 1506 2829 qui
1540 2774 1650 2830 (ab)
1683 2774 1913 2815 Alemanno
1946 2773 2138 2814 relictum
2168 2771 2311 2812 locum
2343 2769 2567 2811 obtineret.
2601 2769 2688 2810 Nec

431 2848 566 2890 multo
595 2850 743 2901 postea
771 2846 897 2887 etiam
927 2848 1270 2900 procurationem
1301 2846 1460 2902 publici
1490 2846 1604 2901 apud
1630 2846 1876 2887 Vaticanam
1908 2844 2105 2886 tabularii
2138 2841 2316 2896 adeptus
2348 2844 2438 2892 est,
2473 2838 2591 2893 quod
2623 2850 2688 2898 ar:-

424 2918 602 2960 chivum
643 2916 879 2958 vaticanum
920 2929 1136 2958 vocamus.
1174 2918 1276 2963 Hac,
1301 2917 1372 2959 ille
1407 2917 1658 2972 posteriore*
1679 2917 1921 2970 provincia,
1956 2914 2128 2968 iugenio
2167 2912 2399 2966 studiisque
2435 2911 2520 2952 suis
2553 2908 2687 2962 magis

432 2989 725 3042 conveniente,
754 2989 888 3029 multo
914 2989 1144 3042 impensius
1169 2993 1230 3030 est
1254 2989 1508 3041 delectatus3
1535 3001 1673 3043 neque
1699 2989 1808 3029 enim
1834 2987 1950 3029 illam
1971 2986 2051 3027 sibi
2075 2984 2217 3039 quoad
2238 2983 2340 3025 vixit
2364 2981 2514 3032 auferri
2541 2991 2686 3035 passus

430 3065 514 3113 cst,
539 3061 803 3113 multumque
830 3060 1032 3114 temporis
1055 3072 1102 3101 ac
1132 3060 1363 3101 industriae
1393 3060 1615 3102 collocavit
1640 3059 1690 3101 ad
1712 3060 1963 3112 scripturas,
1991 3069 2097 3111 quae
2124 3056 2210 3097 illic
2236 3057 2502 3096 asservantur
2526 3062 2687 3116 cogno-

432 3132 602 3174 scendas
638 3136 679 3172 et
717 3130 992 3182 ordinandas,
1024 3130 1170 3173 ablatis
1206 3131 1652 3186 auctoritate-publica
1684 3130 1736 3172 ab
1774 3129 2003 3171 hereditate
2039 3128 2156 3167 Petri
2188 3126 2388 3166 Franciscz'
2417 3121 2578 3173 Rubei,
2611 3120 2685 3174 qui

431 3203 622 3256 proxime
651 3215 801 3243 munus
831 3201 935 3243 illud
967 3201 1354 3255 administraverat,
1376 3203 1674 3258 pulcherrimis
1703 3201 1974 3250 adversariis,
2002 3210 2183 3252 quorum
2214 3208 2296 3250 ope
2324 3193 2610 3237 admirabilem
2641 3192 2685 3233 in

432 3285 483 3314 60
515 3285 666 3326 genere
706 3273 899 3326 peritiam
933 3277 996 3315 est
1032 3278 1304 3327 consecutus,
1339 3273 1593 3327 assiduoque
1627 3277 1668 3313 et
1698 3270 1899 3326 improbo
1935 3269 2082 3310 labore
2115 3266 2328 3319 adhibito,
2363 3264 2417 3306 ad
2422 3259 2684 3318 sexpeditam'

434 3343 542 3385 illius
571 3343 756 3384 thesauri
785 3344 1077 3386 tractationem
1108 3345 1339 3398 plurimum
1371 3345 1565 3386 contulit.
1601 3345 1684 3385 Nec
1708 3342 1925 3394 vulgarem
1957 3339 2196 3392 diligentiae
2223 3337 2466 3390 laborisque
2483 3334 2562 3376 ⁴sui
2590 3333 2684 3375 fru-

433 3418 547 3455 ctum
574 3413 694 3465 tulit,
722 3414 867 3455 relicta
896 3415 1179 3458 bibliothecae
1210 3415 1499 3470 praefectura,
1521 3415 1662 3456 locum
1694 3413 1870 3466 adeptus
1900 3412 1944 3452 in
1977 3414 2101 3451 coetu
2131 3407 2412 3450 Cardinalium
2442 3404 2685 3448 exercendis

432 3496 508 3538 per
539 3495 706 3524 omnem
738 3485 1054 3527 ecclesiasticam
1087 3486 1290 3528 ditionem
1321 3484 1488 3529 iudiciis
1516 3485 1835 3540 impositorum,
1863 3485 1904 3523 in
1937 3494 2023 3536 quo
2052 3513 2061 3521 .
2091 3512 2100 3520 .
2130 3511 2139 3520 .
2166 3482 2236 3531 (1).

527 3571 570 3612 (1)
592 3571 672 3603 Ileic
693 3569 896 3611 abrumpitur
917 3573 1098 3605 lucubratio
1118 3574 1152 3605 in
1172 3582 1232 3606 1113.
1250 3573 1487 3613 vallicelliano,
1505 3574 1537 3604 et
1552 3571 1684 3613 quidem
1703 3572 1735 3602 in
1753 3570 1859 3602 media
1877 3570 2005 3610 pagina.
2027 3571 2066 3600 Et
2080 3568 2258 3600 Contelorii
2276 3575 2353 3599 sane
2371 3568 2519 3607 coeptam
2535 3564 2685 3597 notitiam

422 3624 578 3666 supplere
600 3623 805 3664 aliquatenus
825 3623 935 3655 licebit
955 3633 993 3656 ex
1017 3626 1171 3658 Iacobillo
1192 3627 1233 3659 de
1255 3626 1473 3667 scriptoribus
1495 3625 1665 3664 Umbriae,
1688 3626 1720 3657 et
1738 3624 1876 3656 Marinio
1898 3623 1974 3654 hist.
1994 3622 2082 3654 arch.
2103 3624 2194 3663 pont.
2214 3621 2302 3653 circa
2322 3621 2437 3660 linem3
2462 3620 2685 3651 verumtamen

431 3678 538 3711 Allatii
562 3678 662 3709 vitam
683 3676 729 3709 sic
748 3676 946 3708 decurtatam
967 3687 1017 3710 me
1038 3679 1202 3720 hahuisse,
1223 3689 1416 3721 magnopere
1437 3680 1551 3719 doleo,
1571 3679 1633 3710 nisi
1655 3679 1737 3710 forte
1760 3678 1878 3710 alicubi
1900 3677 2100 3709 continuatio
2121 3676 2191 3708 cius
2215 3676 2310 3714 latet,
2331 3674 2474 3706 nondum
2497 3672 2576 3704 1111111
2598 3680 2685 3704 60111-

429 3733 531 3773 perta.
554 3730 813 3770 Prosequcbatur
839 3731 924 3761 enim
953 3733 1132 3766 necessario
1159 3734 1301 3765 narratio
1329 3733 1546 3774 pulcherrima
1573 3732 1722 3765 laborum
1749 3731 1857 3763 Allatii
1886 3731 1918 3762 in
1944 3730 2141 3762 bibliotheca
2168 3729 2315 3761 vaticana
2332 3719 2346 3769 ⁵(
2362 3728 2454 3759 cuius
2479 3726 2575 3759 etiam
2598 3736 2687 3768 prae-

431 3784 534 3816 fectus
560 3784 622 3815 fuit
646 3784 816 3824 postremis
844 3783 930 3815 vitae
957 3784 1073 3824 annis)
1096 3793 1169 3816 cum
1197 3795 1331 3826 operum
1357 3787 1426 3818 eius
1454 3786 1588 3818 historia
1615 3787 1648 3818 et
1674 3794 1826 3817 censura:
1851 3792 2048 3823 quamquam
2077 3791 2211 3824 operum
2239 3783 2325 3814 certe
2350 3780 2515 3821 catalogus
2536 3780 2615 3813 satis
2636 3789 2686 3813 ac-

427 3839 562 3871 curatus
580 3837 667 3878 apud
685 3837 759 3869 illos
774 3839 921 3869 auctores
933 3839 1075 3878 prostat,
1093 3847 1175 3879 quos
1194 3839 1227 3870 in
1243 3840 1440 3880 praefatione
1462 3840 1604 3872 laudavi.
1628 3841 1665 3871 In
1680 3838 1796 3880 primis
1814 3841 1922 3870 tamen
1940 3837 2049 3869 Allatii
2070 3837 2154 3868 vitae
2170 3835 2386 3868 cumulandae
2404 3835 2590 3875 profuturas
2606 3837 2686 3876 puto

432 3890 587 3932 plurimas
607 3891 751 3925 eiusdem
772 3893 804 3924 et
825 3890 997 3924 doctorum
1019 3891 1198 3925 amicorum
1220 3894 1349 3926 mutuas
1370 3893 1541 3934 epistolas,
1565 3901 1647 3934 qaas
1668 3893 1701 3924 in
1723 3893 1862 3932 quatuor
1883 3900 1959 3924 mss.
1985 3890 2207 3923 voluminibus
2229 3888 2385 3922 contineri
2408 3887 2485 3921 scio.
2511 3890 2548 3920 A.
2572 3889 2616 3919 Μ.
