<?xml version="1.0" encoding="UTF-8"?>
<!DOCTYPE html PUBLIC "-//W3C//DTD XHTML 1.0 Transitional//EN"
    "http://www.w3.org/TR/xhtml1/DTD/xhtml1-transitional.dtd">
<html xmlns="http://www.w3.org/1999/xhtml" xml:lang="en" lang="en">
 <head>
  <title>
</title>
<meta http-equiv="Content-Type" content="text/html;charset=utf-8" />
  <meta name='ocr-system' content='tesseract 3.04.00' />
  <meta name='ocr-capabilities' content='ocr_page ocr_carea ocr_par ocr_line ocrx_word'/>
</head>
<body>
  <div class='ocr_page' id='page_1' title='image "./novaepatrumbibli06maiauoft/novaepatrumbibli06maiauoft_0203.png"; bbox 0 0 2970 4420; ppageno 0'>
   <div class='ocr_carea' id='block_1_1' title="bbox 0 3185 41 4214">
    <p class='ocr_par' dir='ltr' id='par_1_1' title="bbox 0 3185 41 4214">
     <span class='ocr_line' id='line_1_1' title="bbox 0 3185 41 4214; baseline 0 0"><span class='ocrx_word' id='word_1_1' title='bbox 0 3185 41 4214; x_wconf 95' lang='lat' dir='ltr'> </span> 
     </span>
    </p>
   </div>
   <div class='ocr_carea' id='block_1_2' title="bbox 1327 293 2535 329">
    <p class='ocr_par' dir='ltr' id='par_1_2' title="bbox 1327 293 2535 329">
     <span class='ocr_line' id='line_1_2' title="bbox 1327 293 2535 329; baseline 0.005 -6"><span class='ocrx_word' id='word_1_2' title='bbox 1327 293 1454 324; x_wconf 75' lang='lat' dir='ltr'>vrrA.</span> <span class='ocrx_word' id='word_1_3' title='bbox 2449 299 2535 329; x_wconf 74' lang='lat' dir='ltr'>xtx</span> 
     </span>
    </p>
   </div>
   <div class='ocr_carea' id='block_1_3' title="bbox 259 365 2578 3843">
    <p class='ocr_par' dir='ltr' id='par_1_3' title="bbox 259 365 2541 2278">
     <span class='ocr_line' id='line_1_3' title="bbox 259 365 2539 423; baseline 0.001 -12"><span class='ocrx_word' id='word_1_4' title='bbox 259 369 356 411; x_wconf 85' lang='lat' dir='ltr'>Non</span> <span class='ocrx_word' id='word_1_5' title='bbox 386 367 581 410; x_wconf 90' lang='lat' dir='ltr'>omittam</span> <span class='ocrx_word' id='word_1_6' title='bbox 605 365 786 419; x_wconf 88' lang='lat' dir='ltr'>referre,</span> <span class='ocrx_word' id='word_1_7' title='bbox 819 366 939 422; x_wconf 90' lang='lat' dir='ltr'>quod</span> <span class='ocrx_word' id='word_1_8' title='bbox 967 367 1012 409; x_wconf 92' lang='lat' dir='ltr'>in</span> <span class='ocrx_word' id='word_1_9' title='bbox 1040 380 1092 410; x_wconf 90' lang='lat' dir='ltr'>eo</span> <span class='ocrx_word' id='word_1_10' title='bbox 1119 379 1273 423; x_wconf 83' lang='lat' dir='ltr'>genere</span> <span class='ocrx_word' id='word_1_11' title='bbox 1306 367 1466 410; x_wconf 92' lang='lat' dir='ltr'>multos</span> <span class='ocrx_word' id='word_1_12' title='bbox 1493 370 1593 422; x_wconf 89' lang='lat' dir='ltr'>post</span> <span class='ocrx_word' id='word_1_13' title='bbox 1617 377 1752 408; x_wconf 88' lang='lat' dir='ltr'>annos</span> <span class='ocrx_word' id='word_1_14' title='bbox 1781 365 1834 407; x_wconf 92' lang='lat' dir='ltr'>ab</span> <span class='ocrx_word' id='word_1_15' title='bbox 1864 365 1940 407; x_wconf 90' lang='lat' dir='ltr'>illo</span> <span class='ocrx_word' id='word_1_16' title='bbox 1965 369 2186 409; x_wconf 84' lang='lat' dir='ltr'>memorari</span> <span class='ocrx_word' id='word_1_17' title='bbox 2213 369 2356 412; x_wconf 88' lang='lat' dir='ltr'>audivi</span> <span class='ocrx_word' id='word_1_18' title='bbox 2381 371 2432 413; x_wconf 93' lang='lat' dir='ltr'>de</span> <span class='ocrx_word' id='word_1_19' title='bbox 2461 385 2539 413; x_wconf 83' lang='lat' dir='ltr'>su-</span> 
     </span>
     <span class='ocr_line' id='line_1_4' title="bbox 262 436 2537 495; baseline 0.002 -14"><span class='ocrx_word' id='word_1_20' title='bbox 262 437 462 494; x_wconf 86' lang='lat' dir='ltr'>perandis</span> <span class='ocrx_word' id='word_1_21' title='bbox 491 436 836 491; x_wconf 86' lang='lat' dir='ltr'>difficultatibus,</span> <span class='ocrx_word' id='word_1_22' title='bbox 858 449 968 492; x_wconf 87' lang='lat' dir='ltr'>quae</span> <span class='ocrx_word' id='word_1_23' title='bbox 994 438 1037 480; x_wconf 89' lang='lat' dir='ltr'>in</span> <span class='ocrx_word' id='word_1_24' title='bbox 1061 437 1370 493; x_wconf 84' lang='lat' dir='ltr'>cognoscendis</span> <span class='ocrx_word' id='word_1_25' title='bbox 1397 438 1630 481; x_wconf 81' lang='lat' dir='ltr'><strong>illustrium</strong></span> <span class='ocrx_word' id='word_1_26' title='bbox 1656 440 1882 480; x_wconf 89' lang='lat' dir='ltr'>auctorum</span> <span class='ocrx_word' id='word_1_27' title='bbox 1912 436 2083 492; x_wconf 77' lang='lat' dir='ltr'>scriptis</span> <span class='ocrx_word' id='word_1_28' title='bbox 2109 437 2359 495; x_wconf 89' lang='lat' dir='ltr'>plerumque</span> <span class='ocrx_word' id='word_1_29' title='bbox 2384 443 2537 495; x_wconf 83' lang='lat' dir='ltr'>legeu-</span> 
     </span>
     <span class='ocr_line' id='line_1_5' title="bbox 263 507 2535 568; baseline 0.001 -16"><span class='ocrx_word' id='word_1_30' title='bbox 263 515 325 552; x_wconf 87' lang='lat' dir='ltr'>tes</span> <span class='ocrx_word' id='word_1_31' title='bbox 355 507 599 551; x_wconf 82' lang='lat' dir='ltr'>offendunt.</span> <span class='ocrx_word' id='word_1_32' title='bbox 633 508 739 551; x_wconf 90' lang='lat' dir='ltr'>Cum</span> <span class='ocrx_word' id='word_1_33' title='bbox 769 509 881 550; x_wconf 90' lang='lat' dir='ltr'>enim</span> <span class='ocrx_word' id='word_1_34' title='bbox 912 509 1069 551; x_wconf 91' lang='lat' dir='ltr'>mentio</span> <span class='ocrx_word' id='word_1_35' title='bbox 1103 509 1334 564; x_wconf 87' lang='lat' dir='ltr'>aliquando</span> <span class='ocrx_word' id='word_1_36' title='bbox 1363 509 1580 552; x_wconf 87' lang='lat' dir='ltr'>incidisset</span> <span class='ocrx_word' id='word_1_37' title='bbox 1613 508 2013 550; x_wconf 81' lang='lat' dir='ltr'>de·commentario</span> <span class='ocrx_word' id='word_1_38' title='bbox 2046 509 2234 563; x_wconf 72' lang='lat' dir='ltr'>poetices</span> <span class='ocrx_word' id='word_1_39' title='bbox 2266 511 2535 568; x_wconf 70' lang='lat' dir='ltr'>Aristotelis,</span> 
     </span>
     <span class='ocr_line' id='line_1_6' title="bbox 263 577 2530 640; baseline 0.001 -18"><span class='ocrx_word' id='word_1_40' title='bbox 263 584 306 622; x_wconf 88' lang='lat' dir='ltr'>et</span> <span class='ocrx_word' id='word_1_41' title='bbox 329 579 540 635; x_wconf 77' lang='lat' dir='ltr'>plen‘sque</span> <span class='ocrx_word' id='word_1_42' title='bbox 568 591 638 620; x_wconf 86' lang='lat' dir='ltr'>res</span> <span class='ocrx_word' id='word_1_43' title='bbox 666 578 898 621; x_wconf 80' lang='lat' dir='ltr'>admodum</span> <span class='ocrx_word' id='word_1_44' title='bbox 929 578 1122 621; x_wconf 90' lang='lat' dir='ltr'>abstrusa</span> <span class='ocrx_word' id='word_1_45' title='bbox 1145 584 1187 622; x_wconf 90' lang='lat' dir='ltr'>et</span> <span class='ocrx_word' id='word_1_46' title='bbox 1215 579 1350 622; x_wconf 89' lang='lat' dir='ltr'>ardua</span> <span class='ocrx_word' id='word_1_47' title='bbox 1375 579 1592 640; x_wconf 84' lang='lat' dir='ltr'>intellectu</span> <span class='ocrx_word' id='word_1_48' title='bbox 1622 577 1865 631; x_wconf 88' lang='lat' dir='ltr'>videretur,</span> <span class='ocrx_word' id='word_1_49' title='bbox 1890 578 2172 632; x_wconf 83' lang='lat' dir='ltr'>interrogavit</span> <span class='ocrx_word' id='word_1_50' title='bbox 2199 579 2381 634; x_wconf 77' lang='lat' dir='ltr'>Magium</span> <span class='ocrx_word' id='word_1_51' title='bbox 2409 583 2530 625; x_wconf 86' lang='lat' dir='ltr'>Alla-</span> 
     </span>
     <span class='ocr_line' id='line_1_7' title="bbox 262 648 2533 711; baseline 0.001 -18"><span class='ocrx_word' id='word_1_52' title='bbox 262 652 371 703; x_wconf 89' lang='lat' dir='ltr'>tius‚</span> <span class='ocrx_word' id='word_1_53' title='bbox 405 662 532 705; x_wconf 91' lang='lat' dir='ltr'>quem</span> <span class='ocrx_word' id='word_1_54' title='bbox 564 650 638 692; x_wconf 93' lang='lat' dir='ltr'>ille</span> <span class='ocrx_word' id='word_1_55' title='bbox 670 662 720 692; x_wconf 85' lang='lat' dir='ltr'>ex</span> <span class='ocrx_word' id='word_1_56' title='bbox 755 650 1058 706; x_wconf 83' lang='lat' dir='ltr'><strong>interpretibus</strong></span> <span class='ocrx_word' id='word_1_57' title='bbox 1097 663 1148 693; x_wconf 91' lang='lat' dir='ltr'>eo</span> <span class='ocrx_word' id='word_1_58' title='bbox 1185 652 1230 693; x_wconf 91' lang='lat' dir='ltr'>in</span> <span class='ocrx_word' id='word_1_59' title='bbox 1264 663 1394 706; x_wconf 91' lang='lat' dir='ltr'>opere</span> <span class='ocrx_word' id='word_1_60' title='bbox 1431 651 1641 711; x_wconf 66' lang='lat' dir='ltr'>optimum</span> <span class='ocrx_word' id='word_1_61' title='bbox 1673 648 1911 692; x_wconf 84' lang='lat' dir='ltr'>iudicaret?</span> <span class='ocrx_word' id='word_1_62' title='bbox 1945 649 2087 704; x_wconf 90' lang='lat' dir='ltr'>ipsum</span> <span class='ocrx_word' id='word_1_63' title='bbox 2126 649 2397 693; x_wconf 82' lang='lat' dir='ltr'>Aristotelem</span> <span class='ocrx_word' id='word_1_64' title='bbox 2416 685 2427 706; x_wconf 92' lang='lat'>‚</span> <span class='ocrx_word' id='word_1_65' title='bbox 2466 667 2533 696; x_wconf 90' lang='lat' dir='ltr'>re-</span> 
     </span>
     <span class='ocr_line' id='line_1_8' title="bbox 262 721 2531 778; baseline 0 -13"><span class='ocrx_word' id='word_1_66' title='bbox 262 721 462 778; x_wconf 82' lang='lat' dir='ltr'>spondit3</span> <span class='ocrx_word' id='word_1_67' title='bbox 494 734 574 764; x_wconf 92' lang='lat' dir='ltr'>nec</span> <span class='ocrx_word' id='word_1_68' title='bbox 608 721 664 764; x_wconf 92' lang='lat' dir='ltr'>ad</span> <span class='ocrx_word' id='word_1_69' title='bbox 696 721 961 776; x_wconf 89' lang='lat' dir='ltr'>penetranda</span> <span class='ocrx_word' id='word_1_70' title='bbox 992 734 1192 764; x_wconf 88' lang='lat' dir='ltr'>sensuum</span> <span class='ocrx_word' id='word_1_71' title='bbox 1226 721 1337 764; x_wconf 91' lang='lat' dir='ltr'>illius</span> <span class='ocrx_word' id='word_1_72' title='bbox 1372 734 1524 765; x_wconf 89' lang='lat' dir='ltr'>arcana</span> <span class='ocrx_word' id='word_1_73' title='bbox 1559 722 1784 764; x_wconf 90' lang='lat' dir='ltr'>lectionem</span> <span class='ocrx_word' id='word_1_74' title='bbox 1820 721 2060 773; x_wconf 81' lang='lat' dir='ltr'>utiliorem,</span> <span class='ocrx_word' id='word_1_75' title='bbox 2092 721 2131 763; x_wconf 78' lang='lat' dir='ltr'>si</span> <span class='ocrx_word' id='word_1_76' title='bbox 2166 721 2321 764; x_wconf 85' lang='lat' dir='ltr'>iterum</span> <span class='ocrx_word' id='word_1_77' title='bbox 2354 735 2403 765; x_wconf 87' lang='lat' dir='ltr'>ac</span> <span class='ocrx_word' id='word_1_78' title='bbox 2437 736 2531 766; x_wconf 90' lang='lat' dir='ltr'>sae-</span> 
     </span>
     <span class='ocr_line' id='line_1_9' title="bbox 265 791 2530 850; baseline 0 -14"><span class='ocrx_word' id='word_1_79' title='bbox 265 794 360 848; x_wconf 90' lang='lat' dir='ltr'>pius</span> <span class='ocrx_word' id='word_1_80' title='bbox 387 797 546 836; x_wconf 88' lang='lat' dir='ltr'>attente</span> <span class='ocrx_word' id='word_1_81' title='bbox 569 796 612 834; x_wconf 90' lang='lat' dir='ltr'>et</span> <span class='ocrx_word' id='word_1_82' title='bbox 639 791 864 846; x_wconf 84' lang='lat' dir='ltr'>diligenter</span> <span class='ocrx_word' id='word_1_83' title='bbox 894 796 1146 848; x_wconf 90' lang='lat' dir='ltr'>usurpetur;</span> <span class='ocrx_word' id='word_1_84' title='bbox 1169 792 1371 833; x_wconf 91' lang='lat' dir='ltr'>nimirum</span> <span class='ocrx_word' id='word_1_85' title='bbox 1394 793 1439 834; x_wconf 90' lang='lat' dir='ltr'>in</span> <span class='ocrx_word' id='word_1_86' title='bbox 1468 791 1580 834; x_wconf 91' lang='lat' dir='ltr'>diem</span> <span class='ocrx_word' id='word_1_87' title='bbox 1605 791 1806 835; x_wconf 89' lang='lat' dir='ltr'>luctando</span> <span class='ocrx_word' id='word_1_88' title='bbox 1836 805 1934 834; x_wconf 92' lang='lat' dir='ltr'>cum</span> <span class='ocrx_word' id='word_1_89' title='bbox 1964 791 2212 837; x_wconf 83' lang='lat' dir='ltr'>difficultate</span> <span class='ocrx_word' id='word_1_90' title='bbox 2242 793 2530 850; x_wconf 87' lang='lat' dir='ltr'>intelligendi,</span> 
     </span>
     <span class='ocr_line' id='line_1_10' title="bbox 267 862 2535 920; baseline 0 -13"><span class='ocrx_word' id='word_1_91' title='bbox 267 866 303 907; x_wconf 83' lang='lat' dir='ltr'>si</span> <span class='ocrx_word' id='word_1_92' title='bbox 328 876 436 920; x_wconf 89' lang='lat' dir='ltr'>quae</span> <span class='ocrx_word' id='word_1_93' title='bbox 463 864 605 919; x_wconf 92' lang='lat' dir='ltr'>primo</span> <span class='ocrx_word' id='word_1_94' title='bbox 630 875 722 906; x_wconf 90' lang='lat' dir='ltr'>rem</span> <span class='ocrx_word' id='word_1_95' title='bbox 749 862 1012 918; x_wconf 82' lang='lat' dir='ltr'>aggredienti</span> <span class='ocrx_word' id='word_1_96' title='bbox 1036 874 1263 906; x_wconf 88' lang='lat' dir='ltr'>occurrere</span> <span class='ocrx_word' id='word_1_97' title='bbox 1288 862 1424 916; x_wconf 89' lang='lat' dir='ltr'>solet;</span> <span class='ocrx_word' id='word_1_98' title='bbox 1457 863 1604 906; x_wconf 90' lang='lat' dir='ltr'>relicta</span> <span class='ocrx_word' id='word_1_99' title='bbox 1629 863 1744 906; x_wconf 91' lang='lat' dir='ltr'>enim</span> <span class='ocrx_word' id='word_1_100' title='bbox 1766 867 1860 906; x_wconf 88' lang='lat' dir='ltr'>tum</span> <span class='ocrx_word' id='word_1_101' title='bbox 1885 863 1959 905; x_wconf 91' lang='lat' dir='ltr'>illa</span> <span class='ocrx_word' id='word_1_102' title='bbox 1987 867 2116 918; x_wconf 90' lang='lat' dir='ltr'>atque</span> <span class='ocrx_word' id='word_1_103' title='bbox 2146 864 2408 917; x_wconf 79' lang='lat' dir='ltr'>transmissa,</span> <span class='ocrx_word' id='word_1_104' title='bbox 2437 871 2535 920; x_wconf 88' lang='lat' dir='ltr'>post</span> 
     </span>
     <span class='ocr_line' id='line_1_11' title="bbox 266 933 2536 991; baseline 0.001 -13"><span class='ocrx_word' id='word_1_105' title='bbox 266 936 490 991; x_wconf 78' lang='lat' dir='ltr'>repetitam</span> <span class='ocrx_word' id='word_1_106' title='bbox 523 933 676 977; x_wconf 91' lang='lat' dir='ltr'>deinde</span> <span class='ocrx_word' id='word_1_107' title='bbox 708 935 861 976; x_wconf 92' lang='lat' dir='ltr'>iterum</span> <span class='ocrx_word' id='word_1_108' title='bbox 895 935 1134 990; x_wconf 85' lang='lat' dir='ltr'>iterumque</span> <span class='ocrx_word' id='word_1_109' title='bbox 1168 934 1355 976; x_wconf 90' lang='lat' dir='ltr'>universi</span> <span class='ocrx_word' id='word_1_110' title='bbox 1389 935 1531 990; x_wconf 90' lang='lat' dir='ltr'>operis</span> <span class='ocrx_word' id='word_1_111' title='bbox 1563 935 1814 988; x_wconf 91' lang='lat' dir='ltr'>(lectionem</span> <span class='ocrx_word' id='word_1_112' title='bbox 1831 938 1854 988; x_wconf 82' lang='grc'>)’</span> <span class='ocrx_word' id='word_1_113' title='bbox 1875 939 2029 991; x_wconf 89' lang='lat' dir='ltr'>sponte</span> <span class='ocrx_word' id='word_1_114' title='bbox 2065 947 2141 978; x_wconf 89' lang='lat' dir='ltr'>sua</span> <span class='ocrx_word' id='word_1_115' title='bbox 2179 935 2392 979; x_wconf 85' lang='lat' dir='ltr'>dilabetur</span> <span class='ocrx_word' id='word_1_116' title='bbox 2408 970 2419 991; x_wconf 91' lang='lat'>,</span> <span class='ocrx_word' id='word_1_117' title='bbox 2454 938 2536 981; x_wconf 88' lang='lat' dir='ltr'>alia</span> 
     </span>
     <span class='ocr_line' id='line_1_12' title="bbox 265 1006 2534 1064; baseline 0.001 -15"><span class='ocrx_word' id='word_1_118' title='bbox 265 1006 390 1049; x_wconf 89' lang='lat' dir='ltr'>aliam</span> <span class='ocrx_word' id='word_1_119' title='bbox 424 1006 661 1061; x_wconf 81' lang='lat' dir='ltr'>explicante</span> <span class='ocrx_word' id='word_1_120' title='bbox 693 1006 960 1048; x_wconf 88' lang='lat' dir='ltr'>sententiam.</span> <span class='ocrx_word' id='word_1_121' title='bbox 992 1007 1163 1061; x_wconf 87' lang='lat' dir='ltr'>Tuque,</span> <span class='ocrx_word' id='word_1_122' title='bbox 1196 1006 1280 1058; x_wconf 89' lang='lat' dir='ltr'>ait,</span> <span class='ocrx_word' id='word_1_123' title='bbox 1313 1007 1348 1048; x_wconf 90' lang='lat' dir='ltr'>si</span> <span class='ocrx_word' id='word_1_124' title='bbox 1375 1018 1443 1049; x_wconf 92' lang='lat' dir='ltr'>me</span> <span class='ocrx_word' id='word_1_125' title='bbox 1474 1006 1642 1059; x_wconf 92' lang='lat' dir='ltr'>audies,</span> <span class='ocrx_word' id='word_1_126' title='bbox 1673 1006 1933 1062; x_wconf 77' lang='lat' dir='ltr'>posthabitis</span> <span class='ocrx_word' id='word_1_127' title='bbox 1962 1007 2114 1049; x_wconf 89' lang='lat' dir='ltr'>ceteris</span> <span class='ocrx_word' id='word_1_128' title='bbox 2143 1007 2365 1062; x_wconf 66' lang='lat' dir='ltr'>omnibus,</span> <span class='ocrx_word' id='word_1_129' title='bbox 2397 1020 2534 1064; x_wconf 89' lang='lat' dir='ltr'>quan-</span> 
     </span>
     <span class='ocr_line' id='line_1_13' title="bbox 266 1077 2537 1134; baseline 0.001 -13"><span class='ocrx_word' id='word_1_130' title='bbox 266 1078 501 1134; x_wconf 90' lang='lat' dir='ltr'>doquidem</span> <span class='ocrx_word' id='word_1_131' title='bbox 537 1079 732 1133; x_wconf 66' lang='lat' dir='ltr'>pocticae</span> <span class='ocrx_word' id='word_1_132' title='bbox 766 1078 997 1133; x_wconf 78' lang='lat' dir='ltr'>elegantiae</span> <span class='ocrx_word' id='word_1_133' title='bbox 1031 1089 1285 1134; x_wconf 85' lang='lat' dir='ltr'>magnopere</span> <span class='ocrx_word' id='word_1_134' title='bbox 1322 1077 1560 1121; x_wconf 89' lang='lat' dir='ltr'>studiosum</span> <span class='ocrx_word' id='word_1_135' title='bbox 1598 1083 1643 1121; x_wconf 92' lang='lat' dir='ltr'>te</span> <span class='ocrx_word' id='word_1_136' title='bbox 1681 1091 1770 1121; x_wconf 88' lang='lat' dir='ltr'>esse</span> <span class='ocrx_word' id='word_1_137' title='bbox 1805 1077 2097 1121; x_wconf 88' lang='lat' dir='ltr'>animadverto</span> <span class='ocrx_word' id='word_1_138' title='bbox 2110 1110 2123 1134; x_wconf 90' lang='lat'>,</span> <span class='ocrx_word' id='word_1_139' title='bbox 2155 1082 2207 1122; x_wconf 91' lang='lat' dir='ltr'>ut</span> <span class='ocrx_word' id='word_1_140' title='bbox 2239 1079 2291 1121; x_wconf 86' lang='lat' dir='ltr'>in.</span> <span class='ocrx_word' id='word_1_141' title='bbox 2323 1084 2413 1123; x_wconf 82' lang='lat' dir='ltr'>arte</span> <span class='ocrx_word' id='word_1_142' title='bbox 2448 1085 2537 1123; x_wconf 90' lang='lat' dir='ltr'>tam</span> 
     </span>
     <span class='ocr_line' id='line_1_14' title="bbox 269 1148 2537 1208; baseline 0 -15"><span class='ocrx_word' id='word_1_143' title='bbox 269 1150 492 1205; x_wconf 87' lang='lat' dir='ltr'>praeclara</span> <span class='ocrx_word' id='word_1_144' title='bbox 525 1162 622 1192; x_wconf 92' lang='lat' dir='ltr'>cum</span> <span class='ocrx_word' id='word_1_145' title='bbox 652 1149 778 1192; x_wconf 89' lang='lat' dir='ltr'>laude</span> <span class='ocrx_word' id='word_1_146' title='bbox 814 1161 864 1191; x_wconf 90' lang='lat' dir='ltr'>ac</span> <span class='ocrx_word' id='word_1_147' title='bbox 893 1148 1100 1204; x_wconf 87' lang='lat' dir='ltr'>dignitate</span> <span class='ocrx_word' id='word_1_148' title='bbox 1132 1149 1334 1202; x_wconf 90' lang='lat' dir='ltr'>verseris,</span> <span class='ocrx_word' id='word_1_149' title='bbox 1365 1149 1488 1203; x_wconf 78' lang='lat' dir='ltr'>illum</span> <span class='ocrx_word' id='word_1_150' title='bbox 1518 1158 1650 1193; x_wconf 87' lang='lat' dir='ltr'>unum</span> <span class='ocrx_word' id='word_1_151' title='bbox 1682 1149 1847 1193; x_wconf 86' lang='lat' dir='ltr'>assidue</span> <span class='ocrx_word' id='word_1_152' title='bbox 1876 1150 1920 1192; x_wconf 91' lang='lat' dir='ltr'>in</span> <span class='ocrx_word' id='word_1_153' title='bbox 1952 1149 2172 1204; x_wconf 90' lang='lat' dir='ltr'>manibus,</span> <span class='ocrx_word' id='word_1_154' title='bbox 2203 1151 2248 1193; x_wconf 94' lang='lat' dir='ltr'>in</span> <span class='ocrx_word' id='word_1_155' title='bbox 2279 1162 2374 1204; x_wconf 81' lang='lat' dir='ltr'>ere,</span> <span class='ocrx_word' id='word_1_156' title='bbox 2405 1152 2537 1208; x_wconf 82' lang='lat' dir='ltr'>inque</span> 
     </span>
     <span class='ocr_line' id='line_1_15' title="bbox 265 1220 2534 1279; baseline 0 -13"><span class='ocrx_word' id='word_1_157' title='bbox 265 1224 406 1266; x_wconf 85' lang='lat' dir='ltr'>animo</span> <span class='ocrx_word' id='word_1_158' title='bbox 439 1227 483 1265; x_wconf 91' lang='lat' dir='ltr'>et</span> <span class='ocrx_word' id='word_1_159' title='bbox 511 1223 769 1276; x_wconf 88' lang='lat' dir='ltr'>cogitatione</span> <span class='ocrx_word' id='word_1_160' title='bbox 799 1222 1005 1276; x_wconf 86' lang='lat' dir='ltr'>tantisper</span> <span class='ocrx_word' id='word_1_161' title='bbox 1032 1221 1215 1274; x_wconf 90' lang='lat' dir='ltr'>habeto,</span> <span class='ocrx_word' id='word_1_162' title='bbox 1248 1220 1663 1278; x_wconf 88' lang='lat' dir='ltr'>delectationemque</span> <span class='ocrx_word' id='word_1_163' title='bbox 1692 1223 1781 1265; x_wconf 88' lang='lat' dir='ltr'>eius</span> <span class='ocrx_word' id='word_1_164' title='bbox 1809 1222 2006 1266; x_wconf 89' lang='lat' dir='ltr'>lectionis</span> <span class='ocrx_word' id='word_1_165' title='bbox 2034 1222 2117 1265; x_wconf 88' lang='lat' dir='ltr'>tibi</span> <span class='ocrx_word' id='word_1_166' title='bbox 2146 1223 2228 1279; x_wconf 91' lang='lat' dir='ltr'>ipsi</span> <span class='ocrx_word' id='word_1_167' title='bbox 2260 1236 2389 1279; x_wconf 88' lang='lat' dir='ltr'>quam</span> <span class='ocrx_word' id='word_1_168' title='bbox 2415 1237 2534 1267; x_wconf 89' lang='lat' dir='ltr'>seve-</span> 
     </span>
     <span class='ocr_line' id='line_1_16' title="bbox 267 1292 2538 1350; baseline 0.001 -13"><span class='ocrx_word' id='word_1_169' title='bbox 267 1295 429 1337; x_wconf 88' lang='lat' dir='ltr'>rissime</span> <span class='ocrx_word' id='word_1_170' title='bbox 456 1298 588 1350; x_wconf 90' lang='lat' dir='ltr'>potes</span> <span class='ocrx_word' id='word_1_171' title='bbox 619 1294 856 1350; x_wconf 84' lang='lat' dir='ltr'>imperat03</span> <span class='ocrx_word' id='word_1_172' title='bbox 889 1305 990 1336; x_wconf 83' lang='lat' dir='ltr'>mox</span> <span class='ocrx_word' id='word_1_173' title='bbox 1023 1297 1176 1348; x_wconf 88' lang='lat' dir='ltr'>sponte</span> <span class='ocrx_word' id='word_1_174' title='bbox 1213 1292 1486 1335; x_wconf 88' lang='lat' dir='ltr'>accedentem</span> <span class='ocrx_word' id='word_1_175' title='bbox 1522 1293 1705 1336; x_wconf 89' lang='lat' dir='ltr'>libenter</span> <span class='ocrx_word' id='word_1_176' title='bbox 1739 1298 1962 1350; x_wconf 88' lang='lat' dir='ltr'>usurpato.</span> <span class='ocrx_word' id='word_1_177' title='bbox 1995 1295 2083 1337; x_wconf 84' lang='lat' dir='ltr'>Nec</span> <span class='ocrx_word' id='word_1_178' title='bbox 2118 1294 2188 1337; x_wconf 91' lang='lat' dir='ltr'>ille</span> <span class='ocrx_word' id='word_1_179' title='bbox 2221 1295 2444 1338; x_wconf 85' lang='lat' dir='ltr'>consilium</span> <span class='ocrx_word' id='word_1_180' title='bbox 2474 1301 2538 1339; x_wconf 58' lang='lat' dir='ltr'>est</span> 
     </span>
     <span class='ocr_line' id='line_1_17' title="bbox 269 1364 2540 1425; baseline 0.001 -17"><span class='ocrx_word' id='word_1_181' title='bbox 269 1369 543 1422; x_wconf 89' lang='lat' dir='ltr'>aspernatus,</span> <span class='ocrx_word' id='word_1_182' title='bbox 577 1378 627 1408; x_wconf 91' lang='lat' dir='ltr'>ac</span> <span class='ocrx_word' id='word_1_183' title='bbox 654 1365 779 1408; x_wconf 89' lang='lat' dir='ltr'>brevi</span> <span class='ocrx_word' id='word_1_184' title='bbox 808 1369 858 1408; x_wconf 92' lang='lat' dir='ltr'>ut</span> <span class='ocrx_word' id='word_1_185' title='bbox 888 1365 1175 1420; x_wconf 89' lang='lat' dir='ltr'>planissimum</span> <span class='ocrx_word' id='word_1_186' title='bbox 1205 1364 1286 1406; x_wconf 90' lang='lat' dir='ltr'>sibi</span> <span class='ocrx_word' id='word_1_187' title='bbox 1315 1376 1405 1406; x_wconf 92' lang='lat' dir='ltr'>esse</span> <span class='ocrx_word' id='word_1_188' title='bbox 1435 1364 1598 1407; x_wconf 84' lang='lat' dir='ltr'>factum</span> <span class='ocrx_word' id='word_1_189' title='bbox 1628 1369 1827 1420; x_wconf 86' lang='lat' dir='ltr'>expertus</span> <span class='ocrx_word' id='word_1_190' title='bbox 1856 1370 1943 1418; x_wconf 87' lang='lat' dir='ltr'>est,</span> <span class='ocrx_word' id='word_1_191' title='bbox 1975 1366 2096 1422; x_wconf 91' lang='lat' dir='ltr'>quod</span> <span class='ocrx_word' id='word_1_192' title='bbox 2127 1366 2258 1425; x_wconf 85' lang='lat' dir='ltr'>nulla¹</span> <span class='ocrx_word' id='word_1_193' title='bbox 2274 1368 2441 1410; x_wconf 89' lang='lat' dir='ltr'>ratione</span> <span class='ocrx_word' id='word_1_194' title='bbox 2471 1380 2540 1410; x_wconf 81' lang='lat' dir='ltr'>as-</span> 
     </span>
     <span class='ocr_line' id='line_1_18' title="bbox 268 1435 2536 1494; baseline 0 -14"><span class='ocrx_word' id='word_1_195' title='bbox 268 1438 388 1493; x_wconf 88' lang='lat' dir='ltr'>sequi</span> <span class='ocrx_word' id='word_1_196' title='bbox 419 1450 465 1479; x_wconf 90' lang='lat' dir='ltr'>se</span> <span class='ocrx_word' id='word_1_197' title='bbox 493 1449 619 1493; x_wconf 88' lang='lat' dir='ltr'>posse</span> <span class='ocrx_word' id='word_1_198' title='bbox 646 1440 909 1492; x_wconf 85' lang='lat' dir='ltr'>speraverat.</span> <span class='ocrx_word' id='word_1_199' title='bbox 941 1436 1135 1490; x_wconf 91' lang='lat' dir='ltr'>Cumque</span> <span class='ocrx_word' id='word_1_200' title='bbox 1164 1447 1264 1477; x_wconf 87' lang='lat' dir='ltr'>mox</span> <span class='ocrx_word' id='word_1_201' title='bbox 1293 1435 1386 1489; x_wconf 91' lang='lat' dir='ltr'>ipse</span> <span class='ocrx_word' id='word_1_202' title='bbox 1401 1465 1413 1487; x_wconf 91' lang='lat'>‚</span> <span class='ocrx_word' id='word_1_203' title='bbox 1438 1436 1580 1489; x_wconf 84' lang='lat' dir='ltr'>Magio</span> <span class='ocrx_word' id='word_1_204' title='bbox 1612 1441 1811 1490; x_wconf 89' lang='lat' dir='ltr'>auctore,</span> <span class='ocrx_word' id='word_1_205' title='bbox 1834 1450 1921 1480; x_wconf 92' lang='lat' dir='ltr'>sese</span> <span class='ocrx_word' id='word_1_206' title='bbox 1949 1438 2006 1480; x_wconf 92' lang='lat' dir='ltr'>ad</span> <span class='ocrx_word' id='word_1_207' title='bbox 2027 1439 2278 1494; x_wconf 87' lang='lat' dir='ltr'>interpretes</span> <span class='ocrx_word' id='word_1_208' title='bbox 2309 1439 2536 1482; x_wconf 87' lang='lat' dir='ltr'>consulen-</span> 
     </span>
     <span class='ocr_line' id='line_1_19' title="bbox 268 1507 2541 1565; baseline 0 -13"><span class='ocrx_word' id='word_1_209' title='bbox 268 1508 348 1552; x_wconf 91' lang='lat' dir='ltr'>dos</span> <span class='ocrx_word' id='word_1_210' title='bbox 375 1509 579 1563; x_wconf 89' lang='lat' dir='ltr'>contulit,</span> <span class='ocrx_word' id='word_1_211' title='bbox 611 1521 750 1564; x_wconf 89' lang='lat' dir='ltr'>pauca</span> <span class='ocrx_word' id='word_1_212' title='bbox 776 1507 1007 1551; x_wconf 88' lang='lat' dir='ltr'>admodum</span> <span class='ocrx_word' id='word_1_213' title='bbox 1033 1507 1079 1548; x_wconf 91' lang='lat' dir='ltr'>in</span> <span class='ocrx_word' id='word_1_214' title='bbox 1110 1519 1259 1549; x_wconf 92' lang='lat' dir='ltr'>eorum</span> <span class='ocrx_word' id='word_1_215' title='bbox 1287 1507 1602 1549; x_wconf 88' lang='lat' dir='ltr'>commentariis</span> <span class='ocrx_word' id='word_1_216' title='bbox 1628 1521 1762 1562; x_wconf 90' lang='lat' dir='ltr'>nova,</span> <span class='ocrx_word' id='word_1_217' title='bbox 1796 1521 1992 1565; x_wconf 91' lang='lat' dir='ltr'>quaeque</span> <span class='ocrx_word' id='word_1_218' title='bbox 2021 1510 2101 1552; x_wconf 89' lang='lat' dir='ltr'>sibi</span> <span class='ocrx_word' id='word_1_219' title='bbox 2126 1510 2255 1552; x_wconf 90' lang='lat' dir='ltr'>etiam</span> <span class='ocrx_word' id='word_1_220' title='bbox 2280 1511 2323 1552; x_wconf 92' lang='lat' dir='ltr'>in</span> <span class='ocrx_word' id='word_1_221' title='bbox 2353 1515 2541 1553; x_wconf 85' lang='lat' dir='ltr'>mentem</span> 
     </span>
     <span class='ocr_line' id='line_1_20' title="bbox 269 1577 2539 1637; baseline 0 -14"><span class='ocrx_word' id='word_1_222' title='bbox 269 1592 359 1623; x_wconf 86' lang='lat' dir='ltr'>non</span> <span class='ocrx_word' id='word_1_223' title='bbox 384 1581 580 1623; x_wconf 89' lang='lat' dir='ltr'>venerint</span> <span class='ocrx_word' id='word_1_224' title='bbox 606 1578 793 1633; x_wconf 78' lang='lat' dir='ltr'>invenit3</span> <span class='ocrx_word' id='word_1_225' title='bbox 825 1590 963 1633; x_wconf 90' lang='lat' dir='ltr'>eoque</span> <span class='ocrx_word' id='word_1_226' title='bbox 990 1579 1083 1633; x_wconf 90' lang='lat' dir='ltr'>ipse</span> <span class='ocrx_word' id='word_1_227' title='bbox 1108 1578 1300 1633; x_wconf 87' lang='lat' dir='ltr'>tenacius</span> <span class='ocrx_word' id='word_1_228' title='bbox 1327 1577 1489 1631; x_wconf 86' lang='lat' dir='ltr'>hausit,</span> <span class='ocrx_word' id='word_1_229' title='bbox 1521 1580 1809 1635; x_wconf 86' lang='lat' dir='ltr'>memoriaque</span> <span class='ocrx_word' id='word_1_230' title='bbox 1837 1580 2004 1623; x_wconf 90' lang='lat' dir='ltr'>firmius</span> <span class='ocrx_word' id='word_1_231' title='bbox 2036 1594 2087 1624; x_wconf 91' lang='lat' dir='ltr'>ac</span> <span class='ocrx_word' id='word_1_232' title='bbox 2113 1581 2293 1624; x_wconf 88' lang='lat' dir='ltr'>solidius</span> <span class='ocrx_word' id='word_1_233' title='bbox 2322 1582 2539 1637; x_wconf 85' lang='lat' dir='ltr'>amplexus</span> 
     </span>
     <span class='ocr_line' id='line_1_21' title="bbox 269 1650 2537 1711; baseline 0.001 -17"><span class='ocrx_word' id='word_1_234' title='bbox 269 1657 349 1695; x_wconf 87' lang='lat' dir='ltr'>est.</span> <span class='ocrx_word' id='word_1_235' title='bbox 382 1650 520 1704; x_wconf 86' lang='lat' dir='ltr'>Quam</span> <span class='ocrx_word' id='word_1_236' title='bbox 546 1651 617 1694; x_wconf 92' lang='lat' dir='ltr'>ille</span> <span class='ocrx_word' id='word_1_237' title='bbox 648 1650 884 1694; x_wconf 87' lang='lat' dir='ltr'>meditandi</span> <span class='ocrx_word' id='word_1_238' title='bbox 912 1650 1125 1692; x_wconf 90' lang='lat' dir='ltr'>rationem</span> <span class='ocrx_word' id='word_1_239' title='bbox 1156 1650 1344 1692; x_wconf 89' lang='lat' dir='ltr'>omnium</span> <span class='ocrx_word' id='word_1_240' title='bbox 1378 1651 1585 1706; x_wconf 90' lang='lat' dir='ltr'>optimam</span> <span class='ocrx_word' id='word_1_241' title='bbox 1615 1650 1766 1694; x_wconf 91' lang='lat' dir='ltr'>deinde</span> <span class='ocrx_word' id='word_1_242' title='bbox 1795 1653 1966 1707; x_wconf 87' lang='lat' dir='ltr'>statuit,</span> <span class='ocrx_word' id='word_1_243' title='bbox 1997 1657 2047 1695; x_wconf 91' lang='lat' dir='ltr'>ut</span> <span class='ocrx_word' id='word_1_244' title='bbox 2075 1653 2131 1696; x_wconf 89' lang='lat' dir='ltr'>ad</span> <span class='ocrx_word' id='word_1_245' title='bbox 2152 1666 2212 1711; x_wconf 28' lang='lat' dir='ltr'>&#39;ea</span> <span class='ocrx_word' id='word_1_246' title='bbox 2240 1666 2348 1709; x_wconf 90' lang='lat' dir='ltr'>quae</span> <span class='ocrx_word' id='word_1_247' title='bbox 2378 1653 2537 1698; x_wconf 90' lang='lat' dir='ltr'>discere</span> 
     </span>
     <span class='ocr_line' id='line_1_22' title="bbox 270 1717 2539 1780; baseline 0.001 -14"><span class='ocrx_word' id='word_1_248' title='bbox 270 1727 446 1779; x_wconf 88' lang='lat' dir='ltr'>cuperet</span> <span class='ocrx_word' id='word_1_249' title='bbox 465 1722 669 1765; x_wconf 90' lang='lat' dir='ltr'>tenaciter</span> <span class='ocrx_word' id='word_1_250' title='bbox 691 1721 927 1764; x_wconf 90' lang='lat' dir='ltr'>haurienda</span> <span class='ocrx_word' id='word_1_251' title='bbox 940 1742 958 1775; x_wconf 95' lang='lat'>,·</span> <span class='ocrx_word' id='word_1_252' title='bbox 978 1722 1102 1763; x_wconf 85' lang='lat' dir='ltr'>anxio</span> <span class='ocrx_word' id='word_1_253' title='bbox 1128 1722 1314 1776; x_wconf 91' lang='lat' dir='ltr'>primum</span> <span class='ocrx_word' id='word_1_254' title='bbox 1335 1721 1546 1766; x_wconf 90' lang='lat' dir='ltr'>desiderio</span> <span class='ocrx_word' id='word_1_255' title='bbox 1570 1723 1783 1778; x_wconf 88' lang='lat' dir='ltr'>ingenium</span> <span class='ocrx_word' id='word_1_256' title='bbox 1809 1729 2104 1780; x_wconf 89' lang='lat' dir='ltr'>praepararet,</span> <span class='ocrx_word' id='word_1_257' title='bbox 2129 1717 2178 1767; x_wconf 86' lang='lat' dir='ltr'>id</span> <span class='ocrx_word' id='word_1_258' title='bbox 2202 1725 2343 1767; x_wconf 91' lang='lat' dir='ltr'>animo</span> <span class='ocrx_word' id='word_1_259' title='bbox 2369 1725 2539 1768; x_wconf 88' lang='lat' dir='ltr'>demum</span> 
     </span>
     <span class='ocr_line' id='line_1_23' title="bbox 269 1791 2536 1851; baseline 0.001 -15"><span class='ocrx_word' id='word_1_260' title='bbox 269 1793 453 1836; x_wconf 88' lang='lat' dir='ltr'>fideliter</span> <span class='ocrx_word' id='word_1_261' title='bbox 481 1792 665 1835; x_wconf 89' lang='lat' dir='ltr'>insidere</span> <span class='ocrx_word' id='word_1_262' title='bbox 694 1792 960 1847; x_wconf 80' lang='lat' dir='ltr'>intelligenS,</span> <span class='ocrx_word' id='word_1_263' title='bbox 994 1791 1047 1834; x_wconf 89' lang='lat' dir='ltr'>de</span> <span class='ocrx_word' id='word_1_264' title='bbox 1080 1804 1168 1847; x_wconf 92' lang='lat' dir='ltr'>quo</span> <span class='ocrx_word' id='word_1_265' title='bbox 1199 1793 1382 1835; x_wconf 92' lang='lat' dir='ltr'>multum</span> <span class='ocrx_word' id='word_1_266' title='bbox 1417 1797 1542 1836; x_wconf 86' lang='lat' dir='ltr'>antea</span> <span class='ocrx_word' id='word_1_267' title='bbox 1571 1794 1850 1837; x_wconf 86' lang='lat' dir='ltr'>laboraveris.</span> <span class='ocrx_word' id='word_1_268' title='bbox 1883 1796 1989 1838; x_wconf 80' lang='lat' dir='ltr'>Nam</span> <span class='ocrx_word' id='word_1_269' title='bbox 2022 1795 2242 1851; x_wconf 89' lang='lat' dir='ltr'>quomodo</span> <span class='ocrx_word' id='word_1_270' title='bbox 2279 1800 2403 1851; x_wconf 84' lang='lat' dir='ltr'>parta</span> <span class='ocrx_word' id='word_1_271' title='bbox 2431 1796 2536 1839; x_wconf 90' lang='lat' dir='ltr'>ludo</span> 
     </span>
     <span class='ocr_line' id='line_1_24' title="bbox 270 1863 2534 1921; baseline 0 -12"><span class='ocrx_word' id='word_1_272' title='bbox 270 1866 483 1921; x_wconf 88' lang='lat' dir='ltr'>pecunia,</span> <span class='ocrx_word' id='word_1_273' title='bbox 502 1865 563 1907; x_wconf 89' lang='lat' dir='ltr'>sic</span> <span class='ocrx_word' id='word_1_274' title='bbox 593 1864 714 1906; x_wconf 93' lang='lat' dir='ltr'>nullo</span> <span class='ocrx_word' id='word_1_275' title='bbox 744 1865 934 1919; x_wconf 88' lang='lat' dir='ltr'>quaesita</span> <span class='ocrx_word' id='word_1_276' title='bbox 965 1864 1113 1906; x_wconf 87' lang='lat' dir='ltr'>labore</span> <span class='ocrx_word' id='word_1_277' title='bbox 1143 1863 1342 1906; x_wconf 85' lang='lat' dir='ltr'>doctrina</span> <span class='ocrx_word' id='word_1_278' title='bbox 1356 1896 1367 1916; x_wconf 97' lang='lat'>,</span> <span class='ocrx_word' id='word_1_279' title='bbox 1400 1877 1480 1907; x_wconf 92' lang='lat' dir='ltr'>nec</span> <span class='ocrx_word' id='word_1_280' title='bbox 1507 1865 1685 1920; x_wconf 89' lang='lat' dir='ltr'>perinde</span> <span class='ocrx_word' id='word_1_281' title='bbox 1714 1866 1823 1908; x_wconf 90' lang='lat' dir='ltr'>solet</span> <span class='ocrx_word' id='word_1_282' title='bbox 1851 1867 2059 1909; x_wconf 86' lang='lat' dir='ltr'>aestimari</span> <span class='ocrx_word' id='word_1_283' title='bbox 2074 1898 2085 1920; x_wconf 93' lang='lat'>,</span> <span class='ocrx_word' id='word_1_284' title='bbox 2118 1872 2160 1909; x_wconf 91' lang='lat' dir='ltr'>et</span> <span class='ocrx_word' id='word_1_285' title='bbox 2191 1867 2384 1911; x_wconf 85' lang='lat' dir='ltr'>facillime</span> <span class='ocrx_word' id='word_1_286' title='bbox 2414 1867 2534 1911; x_wconf 89' lang='lat' dir='ltr'>dela-</span> 
     </span>
     <span class='ocr_line' id='line_1_25' title="bbox 269 1934 2537 1994; baseline 0.002 -17"><span class='ocrx_word' id='word_1_287' title='bbox 269 1936 401 1978; x_wconf 85' lang='lat' dir='ltr'>bitur.</span> <span class='ocrx_word' id='word_1_288' title='bbox 426 1934 680 1991; x_wconf 78' lang='lat' dir='ltr'>solebatque</span> <span class='ocrx_word' id='word_1_289' title='bbox 705 1935 975 1978; x_wconf 87' lang='lat' dir='ltr'>vehementer</span> <span class='ocrx_word' id='word_1_290' title='bbox 999 1934 1203 1978; x_wconf 89' lang='lat' dir='ltr'>damnare</span> <span class='ocrx_word' id='word_1_291' title='bbox 1231 1935 1353 1978; x_wconf 92' lang='lat' dir='ltr'>illum</span> <span class='ocrx_word' id='word_1_292' title='bbox 1375 1947 1541 1979; x_wconf 89' lang='lat' dir='ltr'>morem</span> <span class='ocrx_word' id='word_1_293' title='bbox 1564 1937 1683 1992; x_wconf 89' lang='lat' dir='ltr'>vulgi</span> <span class='ocrx_word' id='word_1_294' title='bbox 1710 1937 1959 1992; x_wconf 91' lang='lat' dir='ltr'>doctorum,</span> <span class='ocrx_word' id='word_1_295' title='bbox 1986 1938 2062 1993; x_wconf 90' lang='lat' dir='ltr'>qui</span> <span class='ocrx_word' id='word_1_296' title='bbox 2089 1938 2389 1994; x_wconf 87' lang='lat' dir='ltr'>philosophiae</span> <span class='ocrx_word' id='word_1_297' title='bbox 2414 1952 2537 1994; x_wconf 88' lang='lat' dir='ltr'>prae-</span> 
     </span>
     <span class='ocr_line' id='line_1_26' title="bbox 270 2006 2538 2065; baseline 0.001 -15"><span class='ocrx_word' id='word_1_298' title='bbox 270 2012 418 2063; x_wconf 88' lang='lat' dir='ltr'>cepta,</span> <span class='ocrx_word' id='word_1_299' title='bbox 451 2007 506 2050; x_wconf 90' lang='lat' dir='ltr'>ab</span> <span class='ocrx_word' id='word_1_300' title='bbox 531 2007 656 2050; x_wconf 89' lang='lat' dir='ltr'>buius</span> <span class='ocrx_word' id='word_1_301' title='bbox 680 2007 811 2063; x_wconf 89' lang='lat' dir='ltr'>ipsius</span> <span class='ocrx_word' id='word_1_302' title='bbox 837 2007 1023 2050; x_wconf 89' lang='lat' dir='ltr'>auctoris</span> <span class='ocrx_word' id='word_1_303' title='bbox 1049 2007 1243 2052; x_wconf 88' lang='lat' dir='ltr'>fontibus</span> <span class='ocrx_word' id='word_1_304' title='bbox 1270 2006 1397 2050; x_wconf 89' lang='lat' dir='ltr'>ducta</span> <span class='ocrx_word' id='word_1_305' title='bbox 1422 2007 1662 2061; x_wconf 85' lang='lat' dir='ltr'>tradentes,</span> <span class='ocrx_word' id='word_1_306' title='bbox 1693 2008 1920 2064; x_wconf 89' lang='lat' dir='ltr'>ipsumque</span> <span class='ocrx_word' id='word_1_307' title='bbox 1944 2021 2041 2051; x_wconf 90' lang='lat' dir='ltr'>cum</span> <span class='ocrx_word' id='word_1_308' title='bbox 2066 2009 2244 2052; x_wconf 82' lang='lat' dir='ltr'>maxime</span> <span class='ocrx_word' id='word_1_309' title='bbox 2267 2010 2538 2065; x_wconf 89' lang='lat' dir='ltr'>interpretari</span> 
     </span>
     <span class='ocr_line' id='line_1_27' title="bbox 271 2078 2536 2135; baseline 0.001 -14"><span class='ocrx_word' id='word_1_310' title='bbox 271 2091 315 2122; x_wconf 92' lang='lat' dir='ltr'>se</span> <span class='ocrx_word' id='word_1_311' title='bbox 346 2078 618 2134; x_wconf 81' lang='lat' dir='ltr'>profitentes,</span> <span class='ocrx_word' id='word_1_312' title='bbox 643 2091 732 2121; x_wconf 92' lang='lat' dir='ltr'>non</span> <span class='ocrx_word' id='word_1_313' title='bbox 763 2078 902 2123; x_wconf 89' lang='lat' dir='ltr'>solum</span> <span class='ocrx_word' id='word_1_314' title='bbox 930 2079 1022 2121; x_wconf 90' lang='lat' dir='ltr'>eius</span> <span class='ocrx_word' id='word_1_315' title='bbox 1052 2079 1282 2122; x_wconf 90' lang='lat' dir='ltr'>lectionem</span> <span class='ocrx_word' id='word_1_316' title='bbox 1308 2079 1392 2121; x_wconf 92' lang='lat' dir='ltr'>suis</span> <span class='ocrx_word' id='word_1_317' title='bbox 1420 2078 1688 2122; x_wconf 87' lang='lat' dir='ltr'>auditoribus</span> <span class='ocrx_word' id='word_1_318' title='bbox 1716 2080 1888 2122; x_wconf 90' lang='lat' dir='ltr'>minime</span> <span class='ocrx_word' id='word_1_319' title='bbox 1918 2079 2208 2135; x_wconf 90' lang='lat' dir='ltr'>usurpandam</span> <span class='ocrx_word' id='word_1_320' title='bbox 2238 2080 2439 2135; x_wconf 87' lang='lat' dir='ltr'>suadent,</span> <span class='ocrx_word' id='word_1_321' title='bbox 2464 2080 2536 2123; x_wconf 89' lang='lat' dir='ltr'>sed</span> 
     </span>
     <span class='ocr_line' id='line_1_28' title="bbox 270 2150 2536 2206; baseline 0 -13"><span class='ocrx_word' id='word_1_322' title='bbox 270 2150 523 2206; x_wconf 90' lang='lat' dir='ltr'>plerumque</span> <span class='ocrx_word' id='word_1_323' title='bbox 552 2162 606 2194; x_wconf 90' lang='lat' dir='ltr'>ne</span> <span class='ocrx_word' id='word_1_324' title='bbox 633 2151 718 2205; x_wconf 90' lang='lat' dir='ltr'>ipsi</span> <span class='ocrx_word' id='word_1_325' title='bbox 749 2150 925 2206; x_wconf 90' lang='lat' dir='ltr'>quidem</span> <span class='ocrx_word' id='word_1_326' title='bbox 954 2151 1192 2206; x_wconf 88' lang='lat' dir='ltr'>attingunt:</span> <span class='ocrx_word' id='word_1_327' title='bbox 1227 2151 1388 2206; x_wconf 91' lang='lat' dir='ltr'>quippe</span> <span class='ocrx_word' id='word_1_328' title='bbox 1417 2164 1462 2193; x_wconf 88' lang='lat' dir='ltr'>se</span> <span class='ocrx_word' id='word_1_329' title='bbox 1491 2150 1718 2204; x_wconf 89' lang='lat' dir='ltr'>theologos</span> <span class='ocrx_word' id='word_1_330' title='bbox 1747 2150 1911 2203; x_wconf 84' lang='lat' dir='ltr'>ferunt,</span> <span class='ocrx_word' id='word_1_331' title='bbox 1944 2150 2061 2194; x_wconf 86' lang='lat' dir='ltr'>nulla</span> <span class='ocrx_word' id='word_1_332' title='bbox 2089 2164 2187 2193; x_wconf 92' lang='lat' dir='ltr'>cum</span> <span class='ocrx_word' id='word_1_333' title='bbox 2218 2164 2431 2195; x_wconf 90' lang='lat' dir='ltr'>sacrarum</span> <span class='ocrx_word' id='word_1_334' title='bbox 2458 2152 2536 2194; x_wconf 91' lang='lat' dir='ltr'>lit-</span> 
     </span>
     <span class='ocr_line' id='line_1_29' title="bbox 271 2222 2330 2278; baseline 0 -14"><span class='ocrx_word' id='word_1_335' title='bbox 271 2227 460 2267; x_wconf 85' lang='lat' dir='ltr'>terarum</span> <span class='ocrx_word' id='word_1_336' title='bbox 495 2234 545 2265; x_wconf 92' lang='lat' dir='ltr'>ac</span> <span class='ocrx_word' id='word_1_337' title='bbox 575 2225 765 2264; x_wconf 85' lang='lat' dir='ltr'>veterum</span> <span class='ocrx_word' id='word_1_338' title='bbox 795 2226 966 2278; x_wconf 88' lang='lat' dir='ltr'>patrum</span> <span class='ocrx_word' id='word_1_339' title='bbox 1000 2223 1243 2277; x_wconf 88' lang='lat' dir='ltr'>cognitione</span> <span class='ocrx_word' id='word_1_340' title='bbox 1257 2254 1270 2276; x_wconf 87' lang='lat'>,</span> <span class='ocrx_word' id='word_1_341' title='bbox 1302 2223 1405 2265; x_wconf 88' lang='lat' dir='ltr'>solis</span> <span class='ocrx_word' id='word_1_342' title='bbox 1434 2222 1531 2265; x_wconf 84' lang='lat' dir='ltr'>freti</span> <span class='ocrx_word' id='word_1_343' title='bbox 1563 2223 1850 2265; x_wconf 89' lang='lat' dir='ltr'>recentiorum</span> <span class='ocrx_word' id='word_1_344' title='bbox 1882 2223 2168 2278; x_wconf 89' lang='lat' dir='ltr'>interpretum</span> <span class='ocrx_word' id='word_1_345' title='bbox 2194 2223 2330 2266; x_wconf 90' lang='lat' dir='ltr'>libris.</span> 
     </span>
    </p>

    <p class='ocr_par' dir='ltr' id='par_1_4' title="bbox 271 2293 2578 3843">
     <span class='ocr_line' id='line_1_30' title="bbox 392 2293 2539 2350; baseline 0 -14"><span class='ocrx_word' id='word_1_346' title='bbox 392 2295 464 2336; x_wconf 86' lang='lat'>30.</span> <span class='ocrx_word' id='word_1_347' title='bbox 499 2293 668 2336; x_wconf 91' lang='lat' dir='ltr'>Primus</span> <span class='ocrx_word' id='word_1_348' title='bbox 693 2293 805 2336; x_wconf 90' lang='lat' dir='ltr'>inter</span> <span class='ocrx_word' id='word_1_349' title='bbox 837 2294 953 2336; x_wconf 88' lang='lat' dir='ltr'>viros</span> <span class='ocrx_word' id='word_1_350' title='bbox 981 2294 1192 2347; x_wconf 85' lang='lat' dir='ltr'>illustres,</span> <span class='ocrx_word' id='word_1_351' title='bbox 1223 2299 1266 2337; x_wconf 92' lang='lat' dir='ltr'>et</span> <span class='ocrx_word' id='word_1_352' title='bbox 1291 2294 1503 2350; x_wconf 85' lang='lat' dir='ltr'>principes</span> <span class='ocrx_word' id='word_1_353' title='bbox 1532 2294 1738 2348; x_wconf 89' lang='lat' dir='ltr'>civitatis,</span> <span class='ocrx_word' id='word_1_354' title='bbox 1764 2307 1949 2349; x_wconf 92' lang='lat' dir='ltr'>quorum</span> <span class='ocrx_word' id='word_1_355' title='bbox 1977 2294 2127 2338; x_wconf 89' lang='lat' dir='ltr'>litteris</span> <span class='ocrx_word' id='word_1_356' title='bbox 2157 2294 2434 2350; x_wconf 89' lang='lat' dir='ltr'>doctrinaque</span> <span class='ocrx_word' id='word_1_357' title='bbox 2461 2307 2539 2350; x_wconf 93' lang='lat' dir='ltr'>per</span> 
     </span>
     <span class='ocr_line' id='line_1_31' title="bbox 272 2364 2578 2421; baseline 0 -14"><span class='ocrx_word' id='word_1_358' title='bbox 272 2377 321 2406; x_wconf 86' lang='lat' dir='ltr'>ea</span> <span class='ocrx_word' id='word_1_359' title='bbox 349 2369 546 2420; x_wconf 86' lang='lat' dir='ltr'>tempora</span> <span class='ocrx_word' id='word_1_360' title='bbox 573 2364 754 2407; x_wconf 88' lang='lat' dir='ltr'>florebat</span> <span class='ocrx_word' id='word_1_361' title='bbox 780 2364 884 2408; x_wconf 91' lang='lat' dir='ltr'>urbs</span> <span class='ocrx_word' id='word_1_362' title='bbox 909 2365 1068 2419; x_wconf 89' lang='lat' dir='ltr'>Roma,</span> <span class='ocrx_word' id='word_1_363' title='bbox 1097 2365 1350 2408; x_wconf 88' lang='lat' dir='ltr'>clarissimus</span> <span class='ocrx_word' id='word_1_364' title='bbox 1374 2365 1609 2408; x_wconf 88' lang='lat' dir='ltr'>habebatur</span> <span class='ocrx_word' id='word_1_365' title='bbox 1638 2365 1780 2421; x_wconf 86' lang='lat' dir='ltr'>Scipio</span> <span class='ocrx_word' id='word_1_366' title='bbox 1813 2365 2047 2408; x_wconf 88' lang='lat' dir='ltr'>Cardinalis</span> <span class='ocrx_word' id='word_1_367' title='bbox 2076 2365 2338 2409; x_wconf 90' lang='lat' dir='ltr'>Cobellutius</span> <span class='ocrx_word' id='word_1_368' title='bbox 2357 2365 2540 2408; x_wconf 85' lang='lat' dir='ltr'>modicis</span> <span class='ocrx_word' id='word_1_369' title='bbox 2575 2384 2578 2386; x_wconf 51' lang='lat'><strong><em>¹</em></strong></span> 
     </span>
     <span class='ocr_line' id='line_1_32' title="bbox 272 2434 2576 2494; baseline 0 -16"><span class='ocrx_word' id='word_1_370' title='bbox 272 2436 326 2478; x_wconf 88' lang='lat' dir='ltr'>ab</span> <span class='ocrx_word' id='word_1_371' title='bbox 352 2436 483 2479; x_wconf 85' lang='lat' dir='ltr'>initiis</span> <span class='ocrx_word' id='word_1_372' title='bbox 510 2436 565 2479; x_wconf 91' lang='lat' dir='ltr'>ad</span> <span class='ocrx_word' id='word_1_373' title='bbox 591 2436 714 2479; x_wconf 91' lang='lat' dir='ltr'>illum</span> <span class='ocrx_word' id='word_1_374' title='bbox 735 2436 915 2491; x_wconf 89' lang='lat' dir='ltr'>gradum</span> <span class='ocrx_word' id='word_1_375' title='bbox 936 2436 1151 2491; x_wconf 87' lang='lat' dir='ltr'>dignitatis</span> <span class='ocrx_word' id='word_1_376' title='bbox 1177 2434 1348 2479; x_wconf 86' lang='lat' dir='ltr'>evectus</span> <span class='ocrx_word' id='word_1_377' title='bbox 1376 2449 1454 2493; x_wconf 89' lang='lat' dir='ltr'>per</span> <span class='ocrx_word' id='word_1_378' title='bbox 1477 2436 1727 2480; x_wconf 89' lang='lat' dir='ltr'>industriam</span> <span class='ocrx_word' id='word_1_379' title='bbox 1749 2437 2028 2492; x_wconf 91' lang='lat' dir='ltr'>laboremque</span> <span class='ocrx_word' id='word_1_380' title='bbox 2057 2450 2105 2480; x_wconf 92' lang='lat' dir='ltr'>ac</span> <span class='ocrx_word' id='word_1_381' title='bbox 2136 2437 2393 2494; x_wconf 87' lang='lat' dir='ltr'>diligentiam</span> <span class='ocrx_word' id='word_1_382' title='bbox 2407 2469 2419 2491; x_wconf 92' lang='lat'>,</span> <span class='ocrx_word' id='word_1_383' title='bbox 2445 2437 2540 2492; x_wconf 91' lang='lat' dir='ltr'>qui·</span> <span class='ocrx_word' id='word_1_384' title='bbox 2573 2435 2576 2438; x_wconf 76' lang='grc'><strong>“</strong></span> 
     </span>
     <span class='ocr_line' id='line_1_33' title="bbox 271 2506 2539 2564; baseline 0.001 -16"><span class='ocrx_word' id='word_1_385' title='bbox 271 2507 353 2549; x_wconf 91' lang='lat' dir='ltr'>bus</span> <span class='ocrx_word' id='word_1_386' title='bbox 387 2507 458 2549; x_wconf 93' lang='lat' dir='ltr'>ille</span> <span class='ocrx_word' id='word_1_387' title='bbox 494 2506 658 2550; x_wconf 87' lang='lat' dir='ltr'>artibus</span> <span class='ocrx_word' id='word_1_388' title='bbox 694 2520 839 2550; x_wconf 88' lang='lat' dir='ltr'>causas</span> <span class='ocrx_word' id='word_1_389' title='bbox 872 2508 919 2550; x_wconf 85' lang='lat' dir='ltr'>in</span> <span class='ocrx_word' id='word_1_390' title='bbox 951 2507 1065 2551; x_wconf 90' lang='lat' dir='ltr'>Urbe</span> <span class='ocrx_word' id='word_1_391' title='bbox 1103 2507 1319 2550; x_wconf 91' lang='lat' dir='ltr'>actitando</span> <span class='ocrx_word' id='word_1_392' title='bbox 1360 2507 1514 2550; x_wconf 88' lang='lat' dir='ltr'>famam</span> <span class='ocrx_word' id='word_1_393' title='bbox 1553 2513 1685 2564; x_wconf 89' lang='lat' dir='ltr'>atque</span> <span class='ocrx_word' id='word_1_394' title='bbox 1719 2509 2072 2551; x_wconf 86' lang='lat' dir='ltr'>existimationem</span> <span class='ocrx_word' id='word_1_395' title='bbox 2108 2508 2539 2563; x_wconf 85' lang='lat' dir='ltr'>hominumadeptus</span> 
     </span>
     <span class='ocr_line' id='line_1_34' title="bbox 274 2578 2535 2639; baseline 0 -18"><span class='ocrx_word' id='word_1_396' title='bbox 274 2583 358 2621; x_wconf 79' lang='lat' dir='ltr'>est:</span> <span class='ocrx_word' id='word_1_397' title='bbox 383 2578 536 2621; x_wconf 91' lang='lat' dir='ltr'>deinde</span> <span class='ocrx_word' id='word_1_398' title='bbox 563 2579 823 2634; x_wconf 88' lang='lat' dir='ltr'>reipublicae</span> <span class='ocrx_word' id='word_1_399' title='bbox 853 2579 1074 2639; x_wconf 90' lang='lat' dir='ltr'>admotus,</span> <span class='ocrx_word' id='word_1_400' title='bbox 1097 2583 1140 2621; x_wconf 92' lang='lat' dir='ltr'>et</span> <span class='ocrx_word' id='word_1_401' title='bbox 1168 2579 1403 2621; x_wconf 90' lang='lat' dir='ltr'>scribendis</span> <span class='ocrx_word' id='word_1_402' title='bbox 1428 2579 1657 2634; x_wconf 88' lang='lat' dir='ltr'>pontificiis</span> <span class='ocrx_word' id='word_1_403' title='bbox 1689 2579 1912 2632; x_wconf 87' lang='lat' dir='ltr'>brevibus,</span> <span class='ocrx_word' id='word_1_404' title='bbox 1938 2585 1986 2622; x_wconf 85' lang='lat' dir='ltr'>ut</span> <span class='ocrx_word' id='word_1_405' title='bbox 2014 2580 2252 2635; x_wconf 88' lang='lat' dir='ltr'>appellant,</span> <span class='ocrx_word' id='word_1_406' title='bbox 2277 2580 2535 2635; x_wconf 79' lang='lat' dir='ltr'>praefectus,</span> 
     </span>
     <span class='ocr_line' id='line_1_35' title="bbox 273 2648 2539 2706; baseline 0.001 -15"><span class='ocrx_word' id='word_1_407' title='bbox 273 2648 388 2692; x_wconf 90' lang='lat' dir='ltr'>haud</span> <span class='ocrx_word' id='word_1_408' title='bbox 417 2649 542 2692; x_wconf 81' lang='lat' dir='ltr'>facile</span> <span class='ocrx_word' id='word_1_409' title='bbox 572 2649 690 2692; x_wconf 90' lang='lat' dir='ltr'>dictu</span> <span class='ocrx_word' id='word_1_410' title='bbox 719 2654 784 2692; x_wconf 91' lang='lat' dir='ltr'>est</span> <span class='ocrx_word' id='word_1_411' title='bbox 811 2654 1021 2705; x_wconf 90' lang='lat' dir='ltr'>quantum</span> <span class='ocrx_word' id='word_1_412' title='bbox 1049 2650 1129 2693; x_wconf 89' lang='lat' dir='ltr'>sibi</span> <span class='ocrx_word' id='word_1_413' title='bbox 1155 2649 1470 2694; x_wconf 76' lang='lat' dir='ltr'>benivolentiae</span> <span class='ocrx_word' id='word_1_414' title='bbox 1497 2650 1683 2706; x_wconf 81' lang='lat' dir='ltr'>fideique</span> <span class='ocrx_word' id='word_1_415' title='bbox 1713 2653 1927 2706; x_wconf 86' lang='lat' dir='ltr'>paraverit</span> <span class='ocrx_word' id='word_1_416' title='bbox 1955 2652 1999 2693; x_wconf 91' lang='lat' dir='ltr'>in</span> <span class='ocrx_word' id='word_1_417' title='bbox 2030 2652 2171 2694; x_wconf 89' lang='lat' dir='ltr'>animo</span> <span class='ocrx_word' id='word_1_418' title='bbox 2201 2651 2322 2694; x_wconf 91' lang='lat' dir='ltr'>Pauli</span> <span class='ocrx_word' id='word_1_419' title='bbox 2345 2652 2400 2694; x_wconf 85' lang='lat' dir='ltr'>V.</span> <span class='ocrx_word' id='word_1_420' title='bbox 2431 2664 2539 2706; x_wconf 84' lang='lat' dir='ltr'>pon·</span> 
     </span>
     <span class='ocr_line' id='line_1_36' title="bbox 273 2720 2538 2778; baseline 0.001 -16"><span class='ocrx_word' id='word_1_421' title='bbox 273 2720 401 2763; x_wconf 87' lang='lat' dir='ltr'>tificis</span> <span class='ocrx_word' id='word_1_422' title='bbox 427 2721 626 2775; x_wconf 75' lang='lat' dir='ltr'>maximi,</span> <span class='ocrx_word' id='word_1_423' title='bbox 653 2721 772 2763; x_wconf 89' lang='lat' dir='ltr'>cuius</span> <span class='ocrx_word' id='word_1_424' title='bbox 798 2725 972 2763; x_wconf 89' lang='lat' dir='ltr'>naturae</span> <span class='ocrx_word' id='word_1_425' title='bbox 1001 2720 1177 2763; x_wconf 87' lang='lat' dir='ltr'>mirifice</span> <span class='ocrx_word' id='word_1_426' title='bbox 1204 2721 1490 2775; x_wconf 87' lang='lat' dir='ltr'>congruebat,</span> <span class='ocrx_word' id='word_1_427' title='bbox 1520 2727 1712 2764; x_wconf 90' lang='lat' dir='ltr'>austerus</span> <span class='ocrx_word' id='word_1_428' title='bbox 1738 2723 1938 2777; x_wconf 89' lang='lat' dir='ltr'>ingenio,</span> <span class='ocrx_word' id='word_1_429' title='bbox 1962 2722 2113 2778; x_wconf 88' lang='lat' dir='ltr'>priscis</span> <span class='ocrx_word' id='word_1_430' title='bbox 2140 2723 2357 2775; x_wconf 91' lang='lat' dir='ltr'>moribus,</span> <span class='ocrx_word' id='word_1_431' title='bbox 2386 2721 2538 2764; x_wconf 89' lang='lat' dir='ltr'>adver-</span> 
     </span>
     <span class='ocr_line' id='line_1_37' title="bbox 275 2790 2533 2849; baseline -0 -15"><span class='ocrx_word' id='word_1_432' title='bbox 275 2803 346 2834; x_wconf 88' lang='lat' dir='ltr'>sus</span> <span class='ocrx_word' id='word_1_433' title='bbox 373 2791 554 2846; x_wconf 87' lang='lat' dir='ltr'>gratiam</span> <span class='ocrx_word' id='word_1_434' title='bbox 582 2790 700 2833; x_wconf 82' lang='lat' dir='ltr'>iuxta</span> <span class='ocrx_word' id='word_1_435' title='bbox 723 2803 772 2833; x_wconf 89' lang='lat' dir='ltr'>ac</span> <span class='ocrx_word' id='word_1_436' title='bbox 797 2790 946 2833; x_wconf 90' lang='lat' dir='ltr'>sordes</span> <span class='ocrx_word' id='word_1_437' title='bbox 969 2791 1194 2844; x_wconf 87' lang='lat' dir='ltr'>immotus,</span> <span class='ocrx_word' id='word_1_438' title='bbox 1229 2795 1274 2833; x_wconf 89' lang='lat' dir='ltr'>et</span> <span class='ocrx_word' id='word_1_439' title='bbox 1299 2792 1638 2847; x_wconf 87' lang='lat' dir='ltr'>corruptelarum</span> <span class='ocrx_word' id='word_1_440' title='bbox 1661 2794 1776 2836; x_wconf 89' lang='lat' dir='ltr'>illius</span> <span class='ocrx_word' id='word_1_441' title='bbox 1803 2793 1960 2836; x_wconf 90' lang='lat' dir='ltr'>saeculi</span> <span class='ocrx_word' id='word_1_442' title='bbox 1984 2794 2236 2849; x_wconf 89' lang='lat' dir='ltr'>praecipuus</span> <span class='ocrx_word' id='word_1_443' title='bbox 2260 2797 2533 2848; x_wconf 85' lang='lat' dir='ltr'>aspernator:</span> 
     </span>
     <span class='ocr_line' id='line_1_38' title="bbox 276 2861 2537 2919; baseline 0 -15"><span class='ocrx_word' id='word_1_444' title='bbox 276 2874 363 2918; x_wconf 92' lang='lat' dir='ltr'>qua</span> <span class='ocrx_word' id='word_1_445' title='bbox 394 2861 568 2918; x_wconf 88' lang='lat' dir='ltr'>quidem</span> <span class='ocrx_word' id='word_1_446' title='bbox 598 2863 841 2917; x_wconf 87' lang='lat' dir='ltr'>severitate,</span> <span class='ocrx_word' id='word_1_447' title='bbox 873 2862 1054 2905; x_wconf 89' lang='lat' dir='ltr'>inhibita</span> <span class='ocrx_word' id='word_1_448' title='bbox 1089 2862 1284 2918; x_wconf 90' lang='lat' dir='ltr'>plerique</span> <span class='ocrx_word' id='word_1_449' title='bbox 1321 2867 1472 2918; x_wconf 92' lang='lat' dir='ltr'>putant</span> <span class='ocrx_word' id='word_1_450' title='bbox 1504 2864 1765 2906; x_wconf 88' lang='lat' dir='ltr'>incrementa</span> <span class='ocrx_word' id='word_1_451' title='bbox 1796 2865 1885 2907; x_wconf 88' lang='lat' dir='ltr'>eius</span> <span class='ocrx_word' id='word_1_452' title='bbox 1915 2863 2129 2919; x_wconf 89' lang='lat' dir='ltr'>dignitatis</span> <span class='ocrx_word' id='word_1_453' title='bbox 2161 2876 2214 2906; x_wconf 91' lang='lat' dir='ltr'>ne</span> <span class='ocrx_word' id='word_1_454' title='bbox 2245 2863 2300 2905; x_wconf 92' lang='lat' dir='ltr'>ad</span> <span class='ocrx_word' id='word_1_455' title='bbox 2326 2875 2537 2905; x_wconf 92' lang='lat' dir='ltr'>summum</span> 
     </span>
     <span class='ocr_line' id='line_1_39' title="bbox 274 2933 2539 2989; baseline 0 -14"><span class='ocrx_word' id='word_1_456' title='bbox 274 2933 490 2989; x_wconf 87' lang='lat' dir='ltr'>fastigium</span> <span class='ocrx_word' id='word_1_457' title='bbox 526 2933 802 2989; x_wconf 91' lang='lat' dir='ltr'>procederet,</span> <span class='ocrx_word' id='word_1_458' title='bbox 833 2933 1082 2976; x_wconf 89' lang='lat' dir='ltr'>verentibus</span> <span class='ocrx_word' id='word_1_459' title='bbox 1113 2933 1354 2976; x_wconf 89' lang='lat' dir='ltr'>hominibus</span> <span class='ocrx_word' id='word_1_460' title='bbox 1390 2935 1664 2989; x_wconf 86' lang='lat' dir='ltr'>supercilium</span> <span class='ocrx_word' id='word_1_461' title='bbox 1694 2935 1931 2978; x_wconf 88' lang='lat' dir='ltr'>damnantis</span> <span class='ocrx_word' id='word_1_462' title='bbox 1967 2935 2142 2977; x_wconf 89' lang='lat' dir='ltr'>nimium</span> <span class='ocrx_word' id='word_1_463' title='bbox 2176 2947 2300 2989; x_wconf 90' lang='lat' dir='ltr'>saepe</span> <span class='ocrx_word' id='word_1_464' title='bbox 2328 2934 2539 2989; x_wconf 90' lang='lat' dir='ltr'>collapsos</span> 
     </span>
     <span class='ocr_line' id='line_1_40' title="bbox 276 3004 2538 3060; baseline -0 -13"><span class='ocrx_word' id='word_1_465' title='bbox 276 3005 428 3060; x_wconf 90' lang='lat' dir='ltr'>populi</span> <span class='ocrx_word' id='word_1_466' title='bbox 458 3017 623 3059; x_wconf 74' lang='lat' dir='ltr'>morea,</span> <span class='ocrx_word' id='word_1_467' title='bbox 654 3009 698 3047; x_wconf 89' lang='lat' dir='ltr'>et</span> <span class='ocrx_word' id='word_1_468' title='bbox 726 3006 880 3048; x_wconf 88' lang='lat' dir='ltr'>veteris</span> <span class='ocrx_word' id='word_1_469' title='bbox 913 3004 1163 3060; x_wconf 88' lang='lat' dir='ltr'>disciplinae</span> <span class='ocrx_word' id='word_1_470' title='bbox 1195 3005 1508 3047; x_wconf 87' lang='lat' dir='ltr'>revocationem</span> <span class='ocrx_word' id='word_1_471' title='bbox 1538 3005 1709 3048; x_wconf 89' lang='lat' dir='ltr'>alternis</span> <span class='ocrx_word' id='word_1_472' title='bbox 1741 3005 2009 3048; x_wconf 89' lang='lat' dir='ltr'>sermonibus</span> <span class='ocrx_word' id='word_1_473' title='bbox 2037 3006 2294 3060; x_wconf 87' lang='lat' dir='ltr'>usurpantis.</span> <span class='ocrx_word' id='word_1_474' title='bbox 2328 3005 2433 3047; x_wconf 89' lang='lat' dir='ltr'>Cum</span> <span class='ocrx_word' id='word_1_475' title='bbox 2463 3016 2538 3046; x_wconf 91' lang='lat' dir='ltr'>au-</span> 
     </span>
     <span class='ocr_line' id='line_1_41' title="bbox 276 3075 2537 3132; baseline -0 -13"><span class='ocrx_word' id='word_1_476' title='bbox 276 3080 365 3119; x_wconf 88' lang='lat' dir='ltr'>tem</span> <span class='ocrx_word' id='word_1_477' title='bbox 389 3075 621 3132; x_wconf 79' lang='lat' dir='ltr'>plurimum</span> <span class='ocrx_word' id='word_1_478' title='bbox 647 3077 820 3131; x_wconf 90' lang='lat' dir='ltr'>ingenio</span> <span class='ocrx_word' id='word_1_479' title='bbox 853 3076 1034 3129; x_wconf 88' lang='lat' dir='ltr'>valeret,</span> <span class='ocrx_word' id='word_1_480' title='bbox 1068 3080 1111 3118; x_wconf 92' lang='lat' dir='ltr'>et</span> <span class='ocrx_word' id='word_1_481' title='bbox 1138 3080 1377 3118; x_wconf 88' lang='lat' dir='ltr'>versaretur</span> <span class='ocrx_word' id='word_1_482' title='bbox 1409 3087 1506 3117; x_wconf 90' lang='lat' dir='ltr'>cum</span> <span class='ocrx_word' id='word_1_483' title='bbox 1530 3075 1657 3126; x_wconf 57' lang='lat' dir='ltr'>‚libris</span> <span class='ocrx_word' id='word_1_484' title='bbox 1687 3077 1874 3128; x_wconf 88' lang='lat' dir='ltr'>assidue,</span> <span class='ocrx_word' id='word_1_485' title='bbox 1908 3089 2121 3119; x_wconf 88' lang='lat' dir='ltr'>musarum</span> <span class='ocrx_word' id='word_1_486' title='bbox 2154 3076 2291 3118; x_wconf 87' lang='lat' dir='ltr'>cultus</span> <span class='ocrx_word' id='word_1_487' title='bbox 2314 3080 2356 3118; x_wconf 93' lang='lat' dir='ltr'>et</span> <span class='ocrx_word' id='word_1_488' title='bbox 2385 3075 2537 3118; x_wconf 88' lang='lat' dir='ltr'>huma-</span> 
     </span>
     <span class='ocr_line' id='line_1_42' title="bbox 277 3147 2537 3206; baseline -0 -15"><span class='ocrx_word' id='word_1_489' title='bbox 277 3149 410 3191; x_wconf 89' lang='lat' dir='ltr'>nioris</span> <span class='ocrx_word' id='word_1_490' title='bbox 442 3148 708 3191; x_wconf 88' lang='lat' dir='ltr'>litteraturae</span> <span class='ocrx_word' id='word_1_491' title='bbox 738 3147 879 3191; x_wconf 90' lang='lat' dir='ltr'>studia</span> <span class='ocrx_word' id='word_1_492' title='bbox 911 3148 1021 3190; x_wconf 85' lang='lat' dir='ltr'>inter</span> <span class='ocrx_word' id='word_1_493' title='bbox 1050 3148 1268 3190; x_wconf 90' lang='lat' dir='ltr'>inamoena</span> <span class='ocrx_word' id='word_1_494' title='bbox 1298 3147 1648 3202; x_wconf 89' lang='lat' dir='ltr'>iurisprudentiae</span> <span class='ocrx_word' id='word_1_495' title='bbox 1682 3149 1847 3203; x_wconf 86' lang='lat' dir='ltr'>spineta</span> <span class='ocrx_word' id='word_1_496' title='bbox 1872 3148 1995 3206; x_wconf 87' lang='lat' dir='ltr'>facile</span> <span class='ocrx_word' id='word_1_497' title='bbox 2024 3148 2223 3200; x_wconf 87' lang='lat' dir='ltr'>retinuit,</span> <span class='ocrx_word' id='word_1_498' title='bbox 2256 3151 2305 3190; x_wconf 93' lang='lat' dir='ltr'>ut</span> <span class='ocrx_word' id='word_1_499' title='bbox 2331 3160 2418 3190; x_wconf 92' lang='lat' dir='ltr'>non</span> <span class='ocrx_word' id='word_1_500' title='bbox 2450 3148 2537 3190; x_wconf 91' lang='lat' dir='ltr'>ele-</span> 
     </span>
     <span class='ocr_line' id='line_1_43' title="bbox 278 3217 2538 3278; baseline -0 -16"><span class='ocrx_word' id='word_1_501' title='bbox 278 3220 449 3274; x_wconf 87' lang='lat' dir='ltr'>gantius</span> <span class='ocrx_word' id='word_1_502' title='bbox 479 3220 643 3274; x_wconf 85' lang='lat' dir='ltr'>minus,</span> <span class='ocrx_word' id='word_1_503' title='bbox 676 3232 806 3275; x_wconf 90' lang='lat' dir='ltr'>quam</span> <span class='ocrx_word' id='word_1_504' title='bbox 842 3219 994 3272; x_wconf 89' lang='lat' dir='ltr'>docte,</span> <span class='ocrx_word' id='word_1_505' title='bbox 1026 3231 1137 3275; x_wconf 91' lang='lat' dir='ltr'>quae</span> <span class='ocrx_word' id='word_1_506' title='bbox 1167 3231 1276 3275; x_wconf 91' lang='lat' dir='ltr'>opus</span> <span class='ocrx_word' id='word_1_507' title='bbox 1311 3223 1452 3271; x_wconf 92' lang='lat' dir='ltr'>erant,</span> <span class='ocrx_word' id='word_1_508' title='bbox 1485 3218 1711 3271; x_wconf 85' lang='lat' dir='ltr'>scriberet,</span> <span class='ocrx_word' id='word_1_509' title='bbox 1745 3231 1802 3261; x_wconf 33' lang='lat' dir='ltr'>ac.</span> <span class='ocrx_word' id='word_1_510' title='bbox 1824 3218 2012 3273; x_wconf 88' lang='lat' dir='ltr'>legendis</span> <span class='ocrx_word' id='word_1_511' title='bbox 2041 3219 2166 3261; x_wconf 92' lang='lat' dir='ltr'>bonis</span> <span class='ocrx_word' id='word_1_512' title='bbox 2194 3217 2462 3278; x_wconf 84' lang='lat' dir='ltr'>auctoribus,</span> <span class='ocrx_word' id='word_1_513' title='bbox 2495 3223 2538 3261; x_wconf 91' lang='lat' dir='ltr'>et</span> 
     </span>
     <span class='ocr_line' id='line_1_44' title="bbox 278 3287 2535 3345; baseline 0 -14"><span class='ocrx_word' id='word_1_514' title='bbox 278 3290 518 3344; x_wconf 89' lang='lat' dir='ltr'>antiquitati</span> <span class='ocrx_word' id='word_1_515' title='bbox 543 3289 885 3344; x_wconf 86' lang='lat' dir='ltr'>cognoscendae,</span> <span class='ocrx_word' id='word_1_516' title='bbox 913 3289 1142 3345; x_wconf 91' lang='lat' dir='ltr'>plurimum</span> <span class='ocrx_word' id='word_1_517' title='bbox 1170 3301 1325 3344; x_wconf 90' lang='lat' dir='ltr'>operae</span> <span class='ocrx_word' id='word_1_518' title='bbox 1355 3287 1672 3344; x_wconf 89' lang='lat' dir='ltr'>industriaeque</span> <span class='ocrx_word' id='word_1_519' title='bbox 1693 3289 1914 3331; x_wconf 87' lang='lat' dir='ltr'>tribueret.</span> <span class='ocrx_word' id='word_1_520' title='bbox 1949 3290 2044 3342; x_wconf 88' lang='lat' dir='ltr'>Quo</span> <span class='ocrx_word' id='word_1_521' title='bbox 2065 3289 2222 3332; x_wconf 88' lang='lat' dir='ltr'>factum</span> <span class='ocrx_word' id='word_1_522' title='bbox 2253 3293 2317 3333; x_wconf 87' lang='lat' dir='ltr'>est</span> <span class='ocrx_word' id='word_1_523' title='bbox 2339 3294 2388 3332; x_wconf 94' lang='lat' dir='ltr'>ut</span> <span class='ocrx_word' id='word_1_524' title='bbox 2410 3302 2535 3332; x_wconf 91' lang='lat' dir='ltr'>nemo</span> 
     </span>
     <span class='ocr_line' id='line_1_45' title="bbox 279 3359 2538 3416; baseline 0.001 -14"><span class='ocrx_word' id='word_1_525' title='bbox 279 3362 503 3415; x_wconf 42' lang='lat' dir='ltr'>potiorfsit</span> <span class='ocrx_word' id='word_1_526' title='bbox 529 3362 668 3416; x_wconf 89' lang='lat' dir='ltr'>visus,</span> <span class='ocrx_word' id='word_1_527' title='bbox 693 3363 763 3404; x_wconf 93' lang='lat' dir='ltr'>cui</span> <span class='ocrx_word' id='word_1_528' title='bbox 787 3360 1034 3405; x_wconf 89' lang='lat' dir='ltr'>crederetur</span> <span class='ocrx_word' id='word_1_529' title='bbox 1064 3363 1278 3403; x_wconf 85' lang='lat' dir='ltr'>vaticanae</span> <span class='ocrx_word' id='word_1_530' title='bbox 1307 3359 1590 3404; x_wconf 90' lang='lat' dir='ltr'>bibliothecae</span> <span class='ocrx_word' id='word_1_531' title='bbox 1614 3361 1903 3415; x_wconf 80' lang='lat' dir='ltr'>praefectura,</span> <span class='ocrx_word' id='word_1_532' title='bbox 1926 3361 1972 3403; x_wconf 89' lang='lat' dir='ltr'>in</span> <span class='ocrx_word' id='word_1_533' title='bbox 2001 3373 2087 3416; x_wconf 90' lang='lat' dir='ltr'>qua</span> <span class='ocrx_word' id='word_1_534' title='bbox 2112 3361 2183 3409; x_wconf 87' lang='lat' dir='ltr'>ille</span> <span class='ocrx_word' id='word_1_535' title='bbox 2208 3361 2538 3404; x_wconf 89' lang='lat' dir='ltr'>administranda</span> 
     </span>
     <span class='ocr_line' id='line_1_46' title="bbox 278 3430 2536 3488; baseline -0 -14"><span class='ocrx_word' id='word_1_536' title='bbox 278 3432 559 3487; x_wconf 86' lang='lat' dir='ltr'>expectationi</span> <span class='ocrx_word' id='word_1_537' title='bbox 588 3432 643 3476; x_wconf 89' lang='lat' dir='ltr'>de</span> <span class='ocrx_word' id='word_1_538' title='bbox 672 3446 717 3476; x_wconf 91' lang='lat' dir='ltr'>se</span> <span class='ocrx_word' id='word_1_539' title='bbox 746 3437 887 3476; x_wconf 89' lang='lat' dir='ltr'>motae</span> <span class='ocrx_word' id='word_1_540' title='bbox 918 3432 1136 3488; x_wconf 88' lang='lat' dir='ltr'>respondit</span> <span class='ocrx_word' id='word_1_541' title='bbox 1167 3433 1353 3487; x_wconf 91' lang='lat' dir='ltr'>egregie,</span> <span class='ocrx_word' id='word_1_542' title='bbox 1385 3431 1559 3474; x_wconf 88' lang='lat' dir='ltr'>adiectis</span> <span class='ocrx_word' id='word_1_543' title='bbox 1589 3430 1780 3485; x_wconf 86' lang='lat' dir='ltr'>diligenti</span> <span class='ocrx_word' id='word_1_544' title='bbox 1810 3431 2082 3486; x_wconf 91' lang='lat' dir='ltr'>inquisitione</span> <span class='ocrx_word' id='word_1_545' title='bbox 2110 3432 2304 3487; x_wconf 89' lang='lat' dir='ltr'>plurimis</span> <span class='ocrx_word' id='word_1_546' title='bbox 2334 3433 2536 3487; x_wconf 87' lang='lat' dir='ltr'>egregiis-</span> 
     </span>
     <span class='ocr_line' id='line_1_47' title="bbox 280 3501 2538 3559; baseline 0 -15"><span class='ocrx_word' id='word_1_547' title='bbox 280 3514 364 3557; x_wconf 90' lang='lat' dir='ltr'>que</span> <span class='ocrx_word' id='word_1_548' title='bbox 390 3501 608 3546; x_wconf 83' lang='lat' dir='ltr'>codicibus</span> <span class='ocrx_word' id='word_1_549' title='bbox 638 3505 691 3556; x_wconf 90' lang='grc'>(1)</span> <span class='ocrx_word' id='word_1_550' title='bbox 705 3536 718 3558; x_wconf 87' lang='grc'>,</span> <span class='ocrx_word' id='word_1_551' title='bbox 751 3508 795 3546; x_wconf 93' lang='lat' dir='ltr'>et</span> <span class='ocrx_word' id='word_1_552' title='bbox 821 3507 961 3547; x_wconf 89' lang='lat' dir='ltr'>cetera</span> <span class='ocrx_word' id='word_1_553' title='bbox 989 3504 1077 3547; x_wconf 90' lang='lat' dir='ltr'>eius</span> <span class='ocrx_word' id='word_1_554' title='bbox 1104 3503 1308 3558; x_wconf 90' lang='lat' dir='ltr'>dignitate</span> <span class='ocrx_word' id='word_1_555' title='bbox 1339 3502 1568 3558; x_wconf 89' lang='lat' dir='ltr'>plurimum</span> <span class='ocrx_word' id='word_1_556' title='bbox 1597 3514 1647 3544; x_wconf 89' lang='lat' dir='ltr'>ac</span> <span class='ocrx_word' id='word_1_557' title='bbox 1676 3501 1851 3544; x_wconf 87' lang='lat' dir='ltr'>mirifice</span> <span class='ocrx_word' id='word_1_558' title='bbox 1881 3506 2004 3545; x_wconf 90' lang='lat' dir='ltr'>aucta</span> <span class='ocrx_word' id='word_1_559' title='bbox 2029 3507 2072 3545; x_wconf 91' lang='lat' dir='ltr'>et</span> <span class='ocrx_word' id='word_1_560' title='bbox 2101 3507 2356 3559; x_wconf 87' lang='lat' dir='ltr'>propagata.</span> <span class='ocrx_word' id='word_1_561' title='bbox 2387 3502 2538 3546; x_wconf 88' lang='lat' dir='ltr'>Cobel-</span> 
     </span>
     <span class='ocr_line' id='line_1_48' title="bbox 278 3571 2536 3630; baseline 0.001 -15"><span class='ocrx_word' id='word_1_562' title='bbox 278 3572 386 3616; x_wconf 91' lang='lat' dir='ltr'>lutio</span> <span class='ocrx_word' id='word_1_563' title='bbox 411 3572 598 3628; x_wconf 90' lang='lat' dir='ltr'>primum</span> <span class='ocrx_word' id='word_1_564' title='bbox 620 3573 673 3616; x_wconf 91' lang='lat' dir='ltr'>ab</span> <span class='ocrx_word' id='word_1_565' title='bbox 695 3586 769 3617; x_wconf 90' lang='lat' dir='ltr'>ore</span> <span class='ocrx_word' id='word_1_566' title='bbox 790 3571 928 3617; x_wconf 83' lang='lat' dir='ltr'>famae</span> <span class='ocrx_word' id='word_1_567' title='bbox 941 3605 954 3628; x_wconf 92' lang='lat'>,</span> <span class='ocrx_word' id='word_1_568' title='bbox 975 3573 1129 3617; x_wconf 91' lang='lat' dir='ltr'>deinde</span> <span class='ocrx_word' id='word_1_569' title='bbox 1154 3573 1518 3617; x_wconf 90' lang='lat' dir='ltr'>commendatione</span> <span class='ocrx_word' id='word_1_570' title='bbox 1542 3572 1758 3615; x_wconf 70' lang='lat' dir='ltr'>Michaelis</span> <span class='ocrx_word' id='word_1_571' title='bbox 1777 3572 1973 3616; x_wconf 88' lang='lat' dir='ltr'>Ghislerii</span> <span class='ocrx_word' id='word_1_572' title='bbox 1994 3574 2194 3630; x_wconf 89' lang='lat' dir='ltr'>sapientis</span> <span class='ocrx_word' id='word_1_573' title='bbox 2217 3574 2298 3617; x_wconf 89' lang='lat' dir='ltr'>viri</span> <span class='ocrx_word' id='word_1_574' title='bbox 2320 3578 2363 3617; x_wconf 91' lang='lat' dir='ltr'>et</span> <span class='ocrx_word' id='word_1_575' title='bbox 2381 3575 2536 3617; x_wconf 90' lang='lat' dir='ltr'>summi</span> 
     </span>
     <span class='ocr_line' id='line_1_49' title="bbox 280 3643 2535 3700; baseline 0.001 -15"><span class='ocrx_word' id='word_1_576' title='bbox 280 3643 472 3698; x_wconf 84' lang='lat' dir='ltr'>theologi</span> <span class='ocrx_word' id='word_1_577' title='bbox 499 3643 682 3687; x_wconf 87' lang='lat' dir='ltr'>traditus</span> <span class='ocrx_word' id='word_1_578' title='bbox 707 3645 886 3688; x_wconf 84' lang='lat' dir='ltr'>Allatius</span> <span class='ocrx_word' id='word_1_579' title='bbox 913 3649 1002 3700; x_wconf 87' lang='lat' dir='ltr'>est,</span> <span class='ocrx_word' id='word_1_580' title='bbox 1036 3645 1323 3699; x_wconf 89' lang='lat' dir='ltr'>continuoque</span> <span class='ocrx_word' id='word_1_581' title='bbox 1352 3644 1396 3686; x_wconf 92' lang='lat' dir='ltr'>in</span> <span class='ocrx_word' id='word_1_582' title='bbox 1421 3643 1551 3686; x_wconf 90' lang='lat' dir='ltr'>fidem</span> <span class='ocrx_word' id='word_1_583' title='bbox 1580 3647 1622 3686; x_wconf 90' lang='lat' dir='ltr'>et</span> <span class='ocrx_word' id='word_1_584' title='bbox 1650 3643 1886 3686; x_wconf 87' lang='lat' dir='ltr'>clientelam</span> <span class='ocrx_word' id='word_1_585' title='bbox 1915 3649 2126 3700; x_wconf 88' lang='lat' dir='ltr'>receptus.</span> <span class='ocrx_word' id='word_1_586' title='bbox 2160 3645 2296 3690; x_wconf 84' lang='lat' dir='ltr'>Huius</span> <span class='ocrx_word' id='word_1_587' title='bbox 2323 3645 2535 3689; x_wconf 88' lang='lat' dir='ltr'>clientelae</span> 
     </span>
     <span class='ocr_line' id='line_1_50' title="bbox 282 3713 2536 3771; baseline 0.001 -16"><span class='ocrx_word' id='word_1_588' title='bbox 282 3713 553 3768; x_wconf 87' lang='lat' dir='ltr'>splendorem</span> <span class='ocrx_word' id='word_1_589' title='bbox 581 3716 766 3758; x_wconf 86' lang='lat' dir='ltr'>muneris</span> <span class='ocrx_word' id='word_1_590' title='bbox 794 3715 866 3758; x_wconf 89' lang='lat' dir='ltr'>ille</span> <span class='ocrx_word' id='word_1_591' title='bbox 896 3715 995 3758; x_wconf 87' lang='lat' dir='ltr'>loco</span> <span class='ocrx_word' id='word_1_592' title='bbox 1025 3719 1242 3770; x_wconf 85' lang='lat' dir='ltr'>acceperat</span> <span class='ocrx_word' id='word_1_593' title='bbox 1270 3727 1294 3756; x_wconf 92' lang='lat' dir='ltr'>a</span> <span class='ocrx_word' id='word_1_594' title='bbox 1324 3714 1533 3756; x_wconf 85' lang='lat' dir='ltr'>Ghislerio</span> <span class='ocrx_word' id='word_1_595' title='bbox 1547 3746 1559 3768; x_wconf 91' lang='lat'>,</span> <span class='ocrx_word' id='word_1_596' title='bbox 1585 3727 1682 3757; x_wconf 91' lang='lat' dir='ltr'>cum</span> <span class='ocrx_word' id='word_1_597' title='bbox 1714 3715 1805 3758; x_wconf 89' lang='lat' dir='ltr'>eius</span> <span class='ocrx_word' id='word_1_598' title='bbox 1832 3720 1988 3771; x_wconf 85' lang='lat' dir='ltr'>rogatu</span> <span class='ocrx_word' id='word_1_599' title='bbox 2014 3716 2216 3760; x_wconf 89' lang='lat' dir='ltr'>latinitate</span> <span class='ocrx_word' id='word_1_600' title='bbox 2249 3729 2336 3759; x_wconf 91' lang='lat' dir='ltr'>non</span> <span class='ocrx_word' id='word_1_601' title='bbox 2358 3718 2420 3758; x_wconf 87' lang='lat' dir='ltr'>ita</span> <span class='ocrx_word' id='word_1_602' title='bbox 2450 3717 2536 3771; x_wconf 91' lang='lat' dir='ltr'>pri-</span> 
     </span>
     <span class='ocr_line' id='line_1_51' title="bbox 283 3778 2533 3843; baseline 0.001 -17"><span class='ocrx_word' id='word_1_603' title='bbox 283 3783 380 3826; x_wconf 90' lang='lat' dir='ltr'>dem</span> <span class='ocrx_word' id='word_1_604' title='bbox 413 3783 611 3829; x_wconf 84' lang='lat' dir='ltr'>donasset</span> <span class='ocrx_word' id='word_1_605' title='bbox 644 3797 841 3841; x_wconf 87' lang='lat' dir='ltr'>graecum</span> <span class='ocrx_word' id='word_1_606' title='bbox 874 3786 1223 3829; x_wconf 88' lang='lat' dir='ltr'>commentarium</span> <span class='ocrx_word' id='word_1_607' title='bbox 1252 3786 1296 3827; x_wconf 91' lang='lat' dir='ltr'>in</span> <span class='ocrx_word' id='word_1_608' title='bbox 1330 3785 1608 3839; x_wconf 85' lang='lat' dir='ltr'>Hieremiam,</span> <span class='ocrx_word' id='word_1_609' title='bbox 1639 3786 1866 3833; x_wconf 85' lang='lat' dir='ltr'>collectum</span> <span class='ocrx_word' id='word_1_610' title='bbox 1898 3800 1949 3829; x_wconf 87' lang='lat' dir='ltr'>ex</span> <span class='ocrx_word' id='word_1_611' title='bbox 1968 3778 2155 3831; x_wconf 76' lang='lat' dir='ltr'>&#39;diversis</span> <span class='ocrx_word' id='word_1_612' title='bbox 2183 3788 2369 3843; x_wconf 91' lang='lat' dir='ltr'>antiquis</span> <span class='ocrx_word' id='word_1_613' title='bbox 2400 3788 2533 3842; x_wconf 89' lang='lat' dir='ltr'>patri-</span> 
     </span>
    </p>
   </div>
   <div class='ocr_carea' id='block_1_4' title="bbox 377 3855 2397 3946">
    <p class='ocr_par' dir='ltr' id='par_1_5' title="bbox 377 3855 2397 3946">
     <span class='ocr_line' id='line_1_52' title="bbox 377 3855 2397 3923; baseline 0.001 -19"><span class='ocrx_word' id='word_1_614' title='bbox 377 3871 422 3912; x_wconf 72' lang='grc' dir='ltr'>(ί)</span> <span class='ocrx_word' id='word_1_615' title='bbox 442 3873 616 3905; x_wconf 73' lang='lat' dir='ltr'>‘testantur</span> <span class='ocrx_word' id='word_1_616' title='bbox 635 3855 673 3905; x_wconf 60' lang='lat' dir='ltr'>&#39;id</span> <span class='ocrx_word' id='word_1_617' title='bbox 698 3873 880 3906; x_wconf 79' lang='lat' dir='ltr'>cardinalis</span> <span class='ocrx_word' id='word_1_618' title='bbox 903 3873 1078 3907; x_wconf 78' lang='lat' dir='ltr'>Cobellutii</span> <span class='ocrx_word' id='word_1_619' title='bbox 1103 3873 1291 3923; x_wconf 77' lang='lat' dir='ltr'>stemmata,</span> <span class='ocrx_word' id='word_1_620' title='bbox 1315 3880 1399 3914; x_wconf 86' lang='lat' dir='ltr'>quae</span> <span class='ocrx_word' id='word_1_621' title='bbox 1425 3881 1483 3913; x_wconf 79' lang='lat' dir='ltr'>ego</span> <span class='ocrx_word' id='word_1_622' title='bbox 1511 3881 1605 3914; x_wconf 87' lang='lat' dir='ltr'>saepe</span> <span class='ocrx_word' id='word_1_623' title='bbox 1632 3873 1791 3906; x_wconf 84' lang='lat' dir='ltr'>vaticanis</span> <span class='ocrx_word' id='word_1_624' title='bbox 1814 3873 1982 3907; x_wconf 86' lang='lat' dir='ltr'>codicibus</span> <span class='ocrx_word' id='word_1_625' title='bbox 2010 3875 2165 3916; x_wconf 83' lang='lat' dir='ltr'>impressa</span> <span class='ocrx_word' id='word_1_626' title='bbox 2189 3874 2268 3907; x_wconf 88' lang='lat' dir='ltr'>vidi.</span> <span class='ocrx_word' id='word_1_627' title='bbox 2293 3877 2331 3906; x_wconf 80' lang='grc' dir='ltr'>Α.</span> <span class='ocrx_word' id='word_1_628' title='bbox 2354 3875 2397 3906; x_wconf 81' lang='grc' dir='ltr'>Μ.</span> 
     </span>
     <span class='ocr_line' id='line_1_53' title="bbox 2309 3929 2326 3946; baseline 0 -1"><span class='ocrx_word' id='word_1_629' title='bbox 2309 3929 2326 3946; x_wconf 65' lang='lat' dir='ltr'>n</span> 
     </span>
    </p>
   </div>
  </div>
 </body>
</html>
