2970 4420
504 280 592 325 156
1441 295 1591 326 morus
1624 296 1801 326 ALLATn

624 382 862 428 LXXXIX.
898 382 1170 429 Theodorus
1206 384 1321 442 alter
1354 381 1621 443 presbyter,
1650 388 1884 429 successor
1919 385 2089 445 gratiae
2113 394 2157 431 et
2190 389 2543 449 praepositurae
2573 387 2755 435 abbatis

497 458 757 511 Pachumii,
787 459 966 520 scripsit
992 459 1164 504 adalia
1193 460 1469 504 monasteria
1492 457 1716 521 epistolas
1751 474 1986 505 sacrarum
2020 462 2353 523 scripturarum
2383 480 2595 511 sermone
2625 465 2751 526 dige-

496 543 586 581 stas
602 570 612 587 ,
644 536 690 581 in
715 534 885 596 quibus
910 544 1062 581 tamen
1091 535 1356 596 frequenter
1381 536 1591 579 meminit
1615 536 1819 597 magistri
1845 544 1889 581 et
1915 538 2188 584 institutoris
2211 541 2279 585 sui
2305 540 2562 594 Pachumii,
2591 557 2642 587 ac
2668 543 2757 588 do-

496 614 671 659 ctrinae
706 614 827 666 eius,
857 621 902 658 et
936 614 1055 658 vitae
1091 612 1312 673 proponit
1349 605 1585 673 exempla,
1612 628 1731 673 quae
1764 613 1844 658 ille
1878 622 1929 659 ut
1955 610 2174 668 doceret,
2207 618 2372 677 angelo
2407 618 2754 664 administrante

497 691 744 736 didicerat:
777 690 912 735 simul
941 698 984 734 et
1012 689 1221 734 hortatur
1249 688 1614 749 permanendum
1644 690 1690 734 in
1722 691 1965 752 proposito
1988 692 2164 744 cordis,
2192 702 2237 739 et
2267 702 2316 739 ut
2343 695 2533 757 redeant
2556 696 2614 741 ad
2640 711 2753 742 con-

498 768 705 814 cordiam
732 775 774 813 et
800 768 1023 812 unitatem
1057 766 1114 818 ii,
1144 765 1222 826 qui
1250 773 1353 826 post
1381 764 1560 811 abbatis
1584 765 1790 820 obitum,
1819 767 2095 829 discessione
2121 769 2236 816 facta
2266 786 2290 816 a
2323 780 2456 817 coetu
2483 775 2752 836 semetipsos

498 844 789 891 absciderant
818 844 1021 888 unitatis.
1061 843 1174 887 Sunt
1207 850 1357 887 autem
1387 842 1524 888 huius
1556 844 1890 890 exhortationis
1918 843 2144 906 epistolae
2174 858 2283 893 tres.
2321 849 2581 895 Gennadius
2604 851 2651 896 in
2679 866 2751 897 ca-

500 921 673 982 talogo.
712 919 904 966 Vivebat
939 933 1060 963 anno
1094 919 1203 963 420.
1239 913 1531 965 Trithemius.

628 998 719 1043 XC.
757 995 1027 1042 Theodorus
1061 995 1177 1040 alter
1209 995 1451 1057 presbyter
1475 997 1523 1041 in
1554 996 1814 1057 Coelesyria
1847 999 2105 1060 composuit
2136 997 2309 1046 librum
2342 1001 2560 1058 adversus
2590 1003 2752 1050 haere-

501 1075 614 1120 ticos
654 1074 710 1119 de
745 1072 1056 1118 consonantia
1090 1071 1254 1118 veteris
1288 1084 1332 1117 et
1369 1072 1480 1119 novi
1512 1073 1800 1119 testamenti.
1841 1074 2014 1120 Claruit
2047 1073 2134 1120 sub
2170 1077 2372 1123 Zenone.
2408 1067 2669 1126 Gennadius
2702 1082 2750 1127 in

497 1152 724 1211 catalogo.
762 1150 1058 1210 Eisingranus
1094 1164 1201 1194 eum
1235 1149 1398 1195 vixisse
1430 1149 1492 1195 ait
1522 1165 1645 1195 anno
1677 1151 1789 1196 1485.
2597 1140 2599 1142 ¹
2720 1152 2722 1154 ’

624 1229 736 1274 XCI.
773 1227 1044 1283 Theodorus
1079 1225 1222 1272 abbas
1251 1235 1295 1273 et
1330 1227 1638 1290 philosophus
1674 1228 1896 1290 pleraque
1925 1229 1972 1274 in
2006 1228 2261 1276 haereticos
2293 1231 2506 1286 dictavit,
2534 1229 2587 1278 eir
2623 1234 2751 1280 cuius

494 1321 578 1351 ote
611 1305 789 1367 excepit
819 1305 1038 1349 Leontius
1069 1302 1344 1365 byzantinus
1368 1303 1667 1350 scholasticus
1701 1302 1882 1350 scholia
1910 1304 1960 1350 in
1986 1306 2320 1353 Monothelitas
2350 1308 2510 1355 decem
2535 1310 2752 1356 sectioni·-

493 1383 582 1428 bus
615 1382 850 1427 distincta·
888 1375 1127 1424 Λεοντίου
1171 1366 1530 1440 σχολαστικου
1563 1371 1838 1443 βυζαντίου
1878 1370 2076 1441 σχόλια
2117 1374 2228 1427 OE'OE'&
2274 1390 2436 1439 φωννις
2480 1374 2684 1450 Θεοδωρ
2691 1399 2747 1429 ου

492 1449 585 1502 τοῦ
618 1446 1036 1513 θεοφιλεστάτου
1076 1448 1255 1514 οἰββα,
1287 1471 1375 1500 και
1418 1446 1715 1513 σοφωτάτου
1754 1448 2075 1514 φιλοσοφου,
2108 1473 2195 1506 ⁴rav
2230 1473 2281 1504 τε
2318 1454 2468 1505 θείαν
2503 1475 2585 1504 και
2628 1452 2750 1525 ἔξω·

491 1549 628 1582 τικκν
666 1523 1108 1590 φιλοσοφήσαντος
1146 1523 1361 1599 γραφήν.
1398 1534 1586 1580 Leontii
1608 1534 1861 1597 byzantini
1882 1533 2156 1581 scholasti'ei
2184 1536 2365 1583 scholia
2399 1555 2462 1583 ex
2494 1554 2573 1584 ore
2609 1537 2752 1584 Theo-

491 1613 600 1659 dori
632 1612 987 1676 religtmoszsstmi
1009 1612 1221 1663 abbatis,
1251 1610 1603 1677 doeti‘sstntzque
1617 1611 1911 1676 plzisslosopht
1938 1612 2113 1660 dzmvmzs
2134 1626 2324 1677 pariter
2346 1615 2647 1678 externisque
2670 1615 2752 1662 lz't-

492 1703 605 1736 teris
631 1689 834 1740 eruditi,
871 1693 1089 1753 elveepta.
1127 1690 1259 1737 Edita
1284 1685 1391 1737 sunt
1416 1691 1617 1737 Basileae
1648 1706 1703 1737 ex
1727 1691 1911 1744 officina
1941 1693 2062 1737 Petri
2090 1694 2263 1739 Pernae
2297 1709 2420 1740 anno
2451 1694 2592 1739 1578.
2619 1694 2668 1739 in
2693 1694 2746 1747 8,

492 1768 550 1814 de
586 1768 761 1829 graecis
797 1767 935 1812 latina
969 1766 1179 1813 faciente
1193 1767 1396 1814 Iohanne
1421 1767 1717 1814 Leunclavio.
1754 1767 2102 1814 Discutiendum
2126 1783 2271 1830 porro
2298 1778 2392 1824 est,
2421 1785 2479 1816 an
2505 1770 2581 1816 hic
2601 1769 2751 1816 Theo-

496 1845 641 1891 dorus
676 1846 734 1890 sit
767 1846 846 1906 qui
883 1845 1091 1906 sequitur

621 1923 755 1968 XCII.
793 1921 1063 1967 Theodorus
1098 1921 1432 1983 scvthopolita‚
1465 1922 1546 1983 qui
1575 1922 1755 1984 scripsit
1790 1909 1954 1984 δόξας
1988 1912 2357 1987 αἱρεσιαρχῶν,
2393 1923 2451 1968 de
2483 1922 2748 1970 haeresiar-

493 1997 707 2045 charum
727 1998 1049 2062 opini‘.onzbus
1087 1992 1141 2041 P.
1172 1988 1273 2040 ‘O'
1274 1986 1467 2061 Ἀρειος
1503 1988 1610 2057 οὐχ
1642 1987 1928 2058 ὁμοοόσιον.
1965 2001 2134 2045 Extat'
2122 2016 2170 2045 in
2194 1999 2477 2046 bibliotheca
2506 2002 2634 2062 regia
2663 2003 2750 2048 Pa-

493 2078 613 2122 risiis
646 2077 752 2122 cod.
784 2077 894 2121 912.
930 2077 987 2121 Et
1019 2075 1125 2122 cod.
1154 2076 1266 2122 943.
1297 2074 1536 2121 scribitur·
1576 2064 1775 2134 σχόλια
1809 2065 1906 2118 οἷπό
1943 2081 2103 2131 φωνῆς
2135 2063 2404 2139 Θεοδωρου
2439 2067 2535 2120 τοῦ
2568 2071 2750 2133 θεοφι-

494 2141 748 2197 λεστοίτου
787 2142 963 2208 αββοῖ,
993 2165 1075 2195 και
1113 2140 1404 2206 σοφωὙάτου
1440 2164 1523 2195 και
1566 2140 1889 2207 φιλοσόφου,
1917 2141 2002 2200 τήν
2036 2164 2088 2197 τε
2128 2140 2261 2196 θείαν
2293 2166 2377 2197 και
2415 2142 2648 2216 ἔξωὛικὴν
2682 2144 2748 2206 ὦς

495 2220 593 2293 χρὴ
629 2216 1069 2285 φιλοσοφήσαντος
1104 2216 1322 2292 γραφκν.
1359 2223 1414 2270 Ρ.
1444 2219 1508 2271 ‘O
1538 2216 1738 2291 ’Άρειος
1773 2240 1910 2292 τρεις
1946 2217 2248 2281 ὑποστάσεις
2286 2217 2452 2283 ἕλεΓε,
2486 2243 2569 2273 και
2606 2243 2747 2295 τρεις

498 2294 672 2361 φύσεις
711 2295 978 2362 ἐκφόλους.
1014 2305 1157 2352 Index
1190 2321 1278 2384 ms.
1313 2306 1465 2368 regiae
1499 2307 1543 2353 S.
1572 2307 1828 2353 Laurentii:
1859 2304 2124 2353 Theodorus
2153 2305 2303 2352 abbas
2336 2318 2503 2353 contra
2537 2299 2748 2389 diversas

496 2384 727 2433 haereses.

626 2462 782 2508 XCIII.
821 2463 870 2507 ln
897 2463 1167 2524 magistrum
1190 2461 1486 2508 Theodorum
1509 2458 1816 2526 decapolitam
1839 2478 1994 2510 sermo
2018 2462 2208 2525 quidam
2233 2478 2423 2524 graecus
2445 2471 2585 2510 extat.
2615 2464 2748 2509 Eius-

498 2539 606 2585 dem
643 2539 692 2584 in
727 2538 942 2595 diversos
972 2551 1182 2589 sanctos,
1221 2550 1265 2583 et
1301 2526 1694 2602 ἀναδενδράδας
1728 2540 2059 2601 epitomatores
2095 2540 2367 2600 gesneriani.
2404 2538 2597 2585 Vivebat
2630 2547 2748 2586 tem-

498 2631 613 2678 pore
638 2616 920 2662 Constantini
947 2617 1436 2678 porphyrogennetae,
1460 2618 1589 2662 cuius
1612 2616 1845 2662 novellam
1868 2616 2244 2662 constitutionem
2269 2615 2329 2662 de
2351 2613 2628 2663 militaribus
2650 2615 2749 2664 fun-

498 2694 569 2739 dis
603 2694 808 2739 dietavit.
837 2680 927 2738 ιῊν
965 2681 1276 2756 ὑπηγόρευσε
1310 2679 1574 2757 Θεόδωρος
1609 2687 1868 2755 πατρίκιος
1903 2681 1987 2735 καὶ
2029 2687 2294 2756 κοιαίστωρ
2334 2682 2358 2735 ὁ
2396 2679 2744 2745 ὃεκαπολίτκς.

499 2771 654 2825 Quam
686 2770 884 2816 disctanc
920 2769 1182 2816 Theodorus
1210 2769 1447 2833 patriotas
1472 2782 1516 2815 et
1546 2781 1767 2833 quaestor
1798 2768 2083 2833 decapolita.
2119 2768 2251 2815 Edita
2279 2777 2348 2816 est
2371 2784 2396 2815 a
2430 2769 2596 2817 Carolo
2627 2770 2748 2817 Lab-
2814 2805 2815 2809 η

496 2846 640 2900 baeo,
668 2856 716 2894 et
739 2847 944 2893 Iohanne
964 2848 1181 2894 Meursio.
1218 2848 1274 2892 Et
1306 2846 1499 2893 fortasse
1523 2847 1663 2893 etiam
1696 2847 1744 2892 in
1780 2846 1869 2893 alia
1904 2845 2110 2893 eiusdem
2140 2846 2446 2899 Constantini,
2474 2845 2531 2891 de
2563 2857 2747 2910 sportu-

498 2924 579 2974 li,s
618 2927 724 2971 loco
752 2920 1023 2978 Theodosii,
1058 2923 1329 2971 Theodorus
1360 2923 1610 2986 legendum
1643 2931 1727 2969 est.
1755 2909 1847 2968 Ην
1889 2911 2219 2987 ὑωηγόρευσε
2259 2902 2537 2974 Θεοδόσιος
2576 2919 2746 2986 πατρί·

498 3013 604 3052 κιος
640 3014 721 3044 και
756 2993 1033 3064 κοιαί.σ7ωρ
1070 3003 1225 3057 Quam
1249 3002 1449 3048 dietavit
1476 3001 1756 3048 Theodosius
1778 3000 2018 3064 patricius
2040 3012 2085 3045 et
2111 3011 2349 3063 quaestor.
2388 3002 2440 3046 In
2465 2999 2746 3048 bibliotheca

498 3080 623 3140 regia
659 3080 840 3125 Parisiis
872 3079 978 3125 cod.
1008 3080 1118 3125 396.
1148 3079 1342 3141 legitur:
1381 3067 1530 3142 νεαροὶ
1561 3071 1848 3137 νομοθεσία
1877 3067 2144 3136 Ῥωμανου
2178 3064 2436 3132 βασιλέως
2470 3088 2559 3119 του
2600 3088 2743 3130 νεου,

499 3143 609 3200 κ’τοι
648 3144 798 3207 λύσις
836 3145 1094 3219 αναφορας
1129 3146 1422 3217 θεματικου
1454 3167 1660 3219 κριτου,
1697 3167 1748 3202 nv
1786 3142 2111 3238 υτσκγόρευσε
2150 3140 2416 3216 Θεόδωρος
2454 3140 2744 3217 μα’γιστρος

503 3219 849 3294 &anastaxi-5714
884 3233 1079 3279 Novella
1104 3232 1377 3279 constitutio
1402 3232 1610 3278 Romani
1641 3231 1941 3295 i'mperatorts
1974 3230 2197 3281 i‘',umorts
2226 3245 2320 3278 swe
2350 3228 2524 3275 decisio
2553 3228 2746 3275 relatio-

500 3306 572 3351 nis
604 3307 660 3352 de
694 3307 950 3354 tlzematieo
981 3308 1160 3359 iudice,
1191 3324 1336 3372 quam
1368 3307 1569 3355 dictavit
1602 3306 1865 3353 Theodorus
1892 3306 2125 3370 magister
2158 3305 2442 3369 decapolita.

629 3385 779 3431 XCIV.
816 3385 1086 3447 Theodorus
1117 3385 1372 3431 monachus
1402 3384 1963 3447 tarsensisfpostmodum
1993 3383 2318 3430 cantuariensis
2347 3382 2741 3445 archiepiscopus,

503 3463 710 3520 quamvis
743 3463 882 3508 latine
905 3463 1161 3525 scripserit,
1188 3463 1296 3524 quia
1320 3471 1474 3508 tamen
1496 3472 1686 3523 graecus
1701 3495 1712 3515 ,
1737 3477 1871 3508 suum
1895 3462 2032 3508 etiam
2056 3461 2103 3507 in
2128 3459 2214 3506 hac
2239 3466 2395 3505 nostra
2424 3458 2746 3506 dissertatione

504 3537 563 3583 de
586 3537 847 3598 Theodoris
872 3540 1026 3585 locum
1059 3539 1243 3586 habeat.
1280 3541 1347 3585 De
1376 3554 1472 3600 quo
1498 3539 1606 3585 satis
1638 3539 1836 3592 dixero,
1853 3539 1891 3586 si
1923 3553 2041 3599 quae
2071 3537 2359 3583 doctissimus
2388 3535 2616 3582 Iohannes
2644 3537 2745 3584 Μο-

505 3614 635 3659 rinus
663 3613 721 3660 de
745 3615 1138 3663 administratione
1160 3617 1432 3663 sacramenti
1469 3617 1771 3678 paenitentiae
1795 3615 1878 3661 lib.
1906 3616 2004 3663 VII.
2030 3629 2131 3676 cap.
2163 3615 2205 3659 1.
2231 3612 2395 3667 tradit,
2421 3612 2498 3659 hic
2526 3613 2739 3661 referam.

509 3688 772 3749 Theodorus
801 3706 1000 3752 graecus
1032 3704 1135 3738 erat
1166 3691 1424 3738 monachus
1456 3692 1592 3738 Tarsi
1622 3691 1815 3738 szlzezae
1843 3702 2010 3744 natus,
2038 3705 2173 3752 quem
2206 3705 2474 3752 episcopum
2503 3689 2745 3737 ordinavit

512 3765 782 3812 Vitalianus
808 3782 943 3829 papa
969 3783 1094 3813 anno
1120 3768 1294 3814 Chri-,sti
1319 3770 1437 3822 668,
1462 3781 1506 3815 et
1532 3785 1583 3814 ιη
1608 3768 1918 3816 Britanniam
1941 3763 2092 3817 misit,
2121 3765 2189 3812 ad
2216 3781 2362 3830 quam
2383 3778 2595 3829 pervenit
2618 3781 2743 3813 anno

508 3842 825 3889 ordzfflnctttonzs
851 3859 965 3888 suae
987 3844 1202 3890 secundo.
1234 3845 1524 3891 Cantuartae
1545 3845 1667 3892 sedit
1688 3861 1839 3891 annos
1864 3846 1943 3891 21.
1971 3859 2148 3889 menses
2175 3854 2288 3894 tres.
2318 3842 2418 3889 dzes
2440 3845 2526 3899 26,
2555 3855 2607 3889 ut
2629 3859 2742 3889 scri-

2902 3792 2910 3794 ’
2909 3490 2915 3496 .

2960 3518 2970 3826 ..ῌμῳ-ΛμΛὰκΨΑ
2962 3426 2970 3431 ι.
2968 3368 2970 3373 Δ
2965 3319 2970 3345 ..Α
2960 3262 2970 3271 ¹.
2969 3213 2970 3216 „
2968 3191 2970 3194 .
2968 3122 2970 3127 .
