<?xml version="1.0" encoding="UTF-8"?>
<!DOCTYPE html PUBLIC "-//W3C//DTD XHTML 1.0 Transitional//EN"
    "http://www.w3.org/TR/xhtml1/DTD/xhtml1-transitional.dtd">
<html xmlns="http://www.w3.org/1999/xhtml" xml:lang="en" lang="en">
 <head>
  <title>
</title>
<meta http-equiv="Content-Type" content="text/html;charset=utf-8" />
  <meta name='ocr-system' content='tesseract 3.04.00' />
  <meta name='ocr-capabilities' content='ocr_page ocr_carea ocr_par ocr_line ocrx_word'/>
</head>
<body>
  <div class='ocr_page' id='page_1' title='image "./novaepatrumbibli06maiauoft/novaepatrumbibli06maiauoft_0215.png"; bbox 0 0 2970 4420; ppageno 0'>
   <div class='ocr_carea' id='block_1_1' title="bbox 1037 287 2494 332">
    <p class='ocr_par' dir='ltr' id='par_1_1' title="bbox 1037 287 2494 332">
     <span class='ocr_line' id='line_1_1' title="bbox 1037 287 2494 332; baseline 0.004 -6"><span class='ocrx_word' id='word_1_1' title='bbox 1037 297 1094 329; x_wconf 71' lang='lat' dir='ltr'><strong><em>mi</em></strong></span> <span class='ocrx_word' id='word_1_2' title='bbox 1127 287 1410 328; x_wconf 67' lang='lat' dir='ltr'><strong><em>utrumme</em></strong></span> <span class='ocrx_word' id='word_1_3' title='bbox 1442 294 1693 327; x_wconf 71' lang='lat' dir='ltr'><strong><em>mmmm.</em></strong></span> <span class='ocrx_word' id='word_1_4' title='bbox 2382 301 2494 332; x_wconf 75' lang='lat' dir='ltr'><strong><em>xxxi</em></strong></span> 
     </span>
    </p>
   </div>
   <div class='ocr_carea' id='block_1_2' title="bbox 234 361 2565 635">
    <p class='ocr_par' dir='ltr' id='par_1_2' title="bbox 234 361 2565 635">
     <span class='ocr_line' id='line_1_2' title="bbox 235 361 2565 425; baseline 0 -11"><span class='ocrx_word' id='word_1_5' title='bbox 235 371 408 424; x_wconf 81' lang='lat' dir='ltr'><strong><em>floruit,</em></strong></span> <span class='ocrx_word' id='word_1_6' title='bbox 441 361 549 409; x_wconf 75' lang='grc' dir='ltr'><strong>ποῖον</strong></span> <span class='ocrx_word' id='word_1_7' title='bbox 581 373 664 411; x_wconf 89' lang='lat' dir='ltr'><strong><em>etc.</em></strong></span> <span class='ocrx_word' id='word_1_8' title='bbox 699 370 811 420; x_wconf 76' lang='lat' dir='ltr'><strong><em>Quae</em></strong></span> <span class='ocrx_word' id='word_1_9' title='bbox 840 371 945 411; x_wconf 85' lang='lat' dir='ltr'><strong><em>enim</em></strong></span> <span class='ocrx_word' id='word_1_10' title='bbox 972 366 1102 423; x_wconf 75' lang='lat' dir='ltr'><strong><em>natio&#39;,</em></strong></span> <span class='ocrx_word' id='word_1_11' title='bbox 1130 375 1278 425; x_wconf 77' lang='lat' dir='ltr'><strong><em>inquit,</em></strong></span> <span class='ocrx_word' id='word_1_12' title='bbox 1306 372 1371 413; x_wconf 86' lang='lat' dir='ltr'><strong><em>vel</em></strong></span> <span class='ocrx_word' id='word_1_13' title='bbox 1396 371 1451 412; x_wconf 84' lang='lat' dir='ltr'><strong><em>ad</em></strong></span> <span class='ocrx_word' id='word_1_14' title='bbox 1478 371 1666 412; x_wconf 77' lang='lat' dir='ltr'><strong><em>orientem</em></strong></span> <span class='ocrx_word' id='word_1_15' title='bbox 1695 372 1735 410; x_wconf 89' lang='lat' dir='ltr'><strong><em>et</em></strong></span> <span class='ocrx_word' id='word_1_16' title='bbox 1762 370 2020 420; x_wconf 81' lang='lat' dir='ltr'><strong><em>occidentem,</em></strong></span> <span class='ocrx_word' id='word_1_17' title='bbox 2049 372 2114 410; x_wconf 86' lang='lat' dir='ltr'><strong><em>vel</em></strong></span> <span class='ocrx_word' id='word_1_18' title='bbox 2141 372 2195 411; x_wconf 84' lang='lat' dir='ltr'><strong><em>ad</em></strong></span> <span class='ocrx_word' id='word_1_19' title='bbox 2220 378 2498 425; x_wconf 78' lang='lat' dir='ltr'><em>septentriones</em></span> <span class='ocrx_word' id='word_1_20' title='bbox 2559 415 2565 421; x_wconf 79' lang='grc'><strong>,</strong></span> 
     </span>
     <span class='ocr_line' id='line_1_3' title="bbox 234 434 2501 495; baseline 0 -11"><span class='ocrx_word' id='word_1_21' title='bbox 234 449 277 484; x_wconf 80' lang='lat' dir='ltr'><strong><em>et</em></strong></span> <span class='ocrx_word' id='word_1_22' title='bbox 308 446 488 484; x_wconf 79' lang='lat' dir='ltr'><strong><em>austrum</em></strong></span> <span class='ocrx_word' id='word_1_23' title='bbox 521 441 669 482; x_wconf 79' lang='lat' dir='ltr'><strong><em>Christi</em></strong></span> <span class='ocrx_word' id='word_1_24' title='bbox 692 441 820 492; x_wconf 83' lang='lat' dir='ltr'><strong><em>fidem</em></strong></span> <span class='ocrx_word' id='word_1_25' title='bbox 853 444 1041 494; x_wconf 77' lang='lat' dir='ltr'><strong><em>suscepit,</em></strong></span> <span class='ocrx_word' id='word_1_26' title='bbox 1077 455 1178 495; x_wconf 82' lang='lat' dir='ltr'><strong><em>quae</em></strong></span> <span class='ocrx_word' id='word_1_27' title='bbox 1210 446 1317 483; x_wconf 81' lang='lat' dir='ltr'><strong><em>certa</em></strong></span> <span class='ocrx_word' id='word_1_28' title='bbox 1347 434 1499 482; x_wconf 80' lang='lat' dir='ltr'><strong><em>ratione</em></strong></span> <span class='ocrx_word' id='word_1_29' title='bbox 1533 440 1773 492; x_wconf 73' lang='lat' dir='ltr'><strong><em>diversisque</em></strong></span> <span class='ocrx_word' id='word_1_30' title='bbox 1810 439 2048 480; x_wconf 83' lang='lat' dir='ltr'><strong><em>numerandi</em></strong></span> <span class='ocrx_word' id='word_1_31' title='bbox 2078 441 2201 481; x_wconf 85' lang='lat' dir='ltr'><strong><em>modis</em></strong></span> <span class='ocrx_word' id='word_1_32' title='bbox 2236 447 2325 483; x_wconf 84' lang='lat' dir='ltr'><strong><em>ante</em></strong></span> <span class='ocrx_word' id='word_1_33' title='bbox 2359 447 2501 486; x_wconf 86' lang='lat' dir='ltr'><strong><em>multos</em></strong></span> 
     </span>
     <span class='ocr_line' id='line_1_4' title="bbox 234 499 2501 565; baseline 0.001 -13"><span class='ocrx_word' id='word_1_34' title='bbox 234 524 363 553; x_wconf 72' lang='lat' dir='ltr'><strong><em>anmsv</em></strong></span> <span class='ocrx_word' id='word_1_35' title='bbox 380 510 610 564; x_wconf 74' lang='lat' dir='ltr'><strong><em>paschalem</em></strong></span> <span class='ocrx_word' id='word_1_36' title='bbox 635 499 892 562; x_wconf 83' lang='lat' dir='ltr'><strong><em>festivitatem</em></strong></span> <span class='ocrx_word' id='word_1_37' title='bbox 919 517 1023 552; x_wconf 84' lang='lat' dir='ltr'><strong><em>certo</em></strong></span> <span class='ocrx_word' id='word_1_38' title='bbox 1049 525 1127 553; x_wconf 83' lang='lat' dir='ltr'><strong><em>non</em></strong></span> <span class='ocrx_word' id='word_1_39' title='bbox 1149 513 1378 565; x_wconf 79' lang='lat' dir='ltr'><strong><em>praedicat,</em></strong></span> <span class='ocrx_word' id='word_1_40' title='bbox 1405 515 1465 553; x_wconf 85' lang='lat' dir='ltr'><strong><em>ita</em></strong></span> <span class='ocrx_word' id='word_1_41' title='bbox 1482 516 1528 552; x_wconf 86' lang='lat' dir='ltr'><strong><em>ut</em></strong></span> <span class='ocrx_word' id='word_1_42' title='bbox 1549 514 1666 552; x_wconf 76' lang='lat' dir='ltr'><strong><em>iuxta</em></strong></span> <span class='ocrx_word' id='word_1_43' title='bbox 1692 511 1866 551; x_wconf 84' lang='lat' dir='ltr'><strong><em>diversas</em></strong></span> <span class='ocrx_word' id='word_1_44' title='bbox 1889 511 1982 551; x_wconf 86' lang='lat' dir='ltr'><strong><em>illas</em></strong></span> <span class='ocrx_word' id='word_1_45' title='bbox 2006 514 2328 564; x_wconf 82' lang='lat' dir='ltr'><strong><em>computationes,</em></strong></span> <span class='ocrx_word' id='word_1_46' title='bbox 2356 520 2394 554; x_wconf 78' lang='lat' dir='ltr'><strong><em>et</em></strong></span> <span class='ocrx_word' id='word_1_47' title='bbox 2416 527 2501 555; x_wconf 87' lang='lat' dir='ltr'><strong><em>me-</em></strong></span> 
     </span>
     <span class='ocr_line' id='line_1_5' title="bbox 237 580 2500 635; baseline 0.002 -14"><span class='ocrx_word' id='word_1_48' title='bbox 237 581 376 622; x_wconf 73' lang='lat' dir='ltr'><strong><em>thodos</em></strong></span> <span class='ocrx_word' id='word_1_49' title='bbox 404 593 534 622; x_wconf 87' lang='lat' dir='ltr'><strong><em>omnes</em></strong></span> <span class='ocrx_word' id='word_1_50' title='bbox 563 581 798 633; x_wconf 77' lang='lat' dir='ltr'><strong><em>ubicumque</em></strong></span> <span class='ocrx_word' id='word_1_51' title='bbox 831 586 1029 630; x_wconf 85' lang='lat' dir='ltr'><strong><em>terrarum</em></strong></span> <span class='ocrx_word' id='word_1_52' title='bbox 1056 582 1310 634; x_wconf 73' lang='lat' dir='ltr'><strong><em>uniformiter</em></strong></span> <span class='ocrx_word' id='word_1_53' title='bbox 1337 583 1474 624; x_wconf 84' lang='lat' dir='ltr'><strong><em>eadem</em></strong></span> <span class='ocrx_word' id='word_1_54' title='bbox 1502 583 1567 623; x_wconf 85' lang='lat' dir='ltr'><strong><em>die</em></strong></span> <span class='ocrx_word' id='word_1_55' title='bbox 1589 581 1740 635; x_wconf 80' lang='lat' dir='ltr'><strong><em>festum</em></strong></span> <span class='ocrx_word' id='word_1_56' title='bbox 1772 583 1923 635; x_wconf 74' lang='lat' dir='ltr'><strong><em>ayant?</em></strong></span> <span class='ocrx_word' id='word_1_57' title='bbox 1951 580 2150 635; x_wconf 87' lang='lat' dir='ltr'><strong>Legimus</strong></span> <span class='ocrx_word' id='word_1_58' title='bbox 2175 581 2220 622; x_wconf 88' lang='lat' dir='ltr'><strong><em>in</em></strong></span> <span class='ocrx_word' id='word_1_59' title='bbox 2250 582 2398 624; x_wconf 89' lang='lat' dir='ltr'><strong><em>codice</em></strong></span> <span class='ocrx_word' id='word_1_60' title='bbox 2425 596 2500 626; x_wconf 84' lang='lat' dir='ltr'><strong><em>va—</em></strong></span> 
     </span>
    </p>
   </div>
   <div class='ocr_carea' id='block_1_3' title="bbox 237 650 2501 798">
    <p class='ocr_par' dir='ltr' id='par_1_3' title="bbox 237 650 2501 778">
     <span class='ocr_line' id='line_1_6' title="bbox 238 650 2501 726; baseline 0 -32"><span class='ocrx_word' id='word_1_61' title='bbox 238 652 383 694; x_wconf 87' lang='lat' dir='ltr'><strong><em>ticano</em></strong></span> <span class='ocrx_word' id='word_1_62' title='bbox 411 652 513 693; x_wconf 88' lang='lat'><strong>525.</strong></span> <span class='ocrx_word' id='word_1_63' title='bbox 539 650 655 693; x_wconf 90' lang='lat' dir='ltr'><strong><em>hunc</em></strong></span> <span class='ocrx_word' id='word_1_64' title='bbox 682 651 895 706; x_wconf 86' lang='lat' dir='ltr'><strong><em>paschatis</em></strong></span> <span class='ocrx_word' id='word_1_65' title='bbox 913 652 1161 696; x_wconf 83' lang='lat' dir='ltr'><strong><em>inveniendi</em></strong></span> <span class='ocrx_word' id='word_1_66' title='bbox 1186 652 1364 695; x_wconf 90' lang='lat' dir='ltr'><strong><em>modum</em></strong></span> <span class='ocrx_word' id='word_1_67' title='bbox 1389 653 1647 726; x_wconf 86' lang='lat' dir='ltr'><strong><em>insculptum</em></strong></span> <span class='ocrx_word' id='word_1_68' title='bbox 1666 652 1801 695; x_wconf 91' lang='lat' dir='ltr'><strong><em>anulo</em></strong></span> <span class='ocrx_word' id='word_1_69' title='bbox 1830 652 2058 706; x_wconf 65' lang='lat' dir='ltr'><strong><em>electum,</em></strong></span> <span class='ocrx_word' id='word_1_70' title='bbox 2083 653 2159 726; x_wconf 90' lang='lat' dir='ltr'><strong><em>qui</em></strong></span> <span class='ocrx_word' id='word_1_71' title='bbox 2189 651 2290 694; x_wconf 92' lang='lat' dir='ltr'><strong><em>dum</em></strong></span> <span class='ocrx_word' id='word_1_72' title='bbox 2312 654 2501 708; x_wconf 81' lang='lat' dir='ltr'><strong>Byzantii</strong></span> 
     </span>
     <span class='ocr_line' id='line_1_7' title="bbox 237 708 2500 798; baseline -0.001 -37"><span class='ocrx_word' id='word_1_73' title='bbox 237 721 380 776; x_wconf 82' lang='lat' dir='ltr'><strong>platea</strong></span> <span class='ocrx_word' id='word_1_74' title='bbox 409 725 670 796; x_wconf 77' lang='lat' dir='ltr'><strong><em>sterneretur</em></strong></span> <span class='ocrx_word' id='word_1_75' title='bbox 698 722 895 764; x_wconf 79' lang='lat' dir='ltr'><strong><em>inventus</em></strong></span> <span class='ocrx_word' id='word_1_76' title='bbox 922 708 1141 778; x_wconf 64' lang='lat' dir='ltr'><strong><em>fuit-&gt;0071</em></strong></span> <span class='ocrx_word' id='word_1_77' title='bbox 1171 708 1315 759; x_wconf 77' lang='grc' dir='ltr'>εἰδέναι</span> <span class='ocrx_word' id='word_1_78' title='bbox 1347 713 1390 761; x_wconf 77' lang='grc' dir='ltr'><strong><em>ὅτ</em></strong></span> <span class='ocrx_word' id='word_1_79' title='bbox 1371 734 1407 758; x_wconf 89' lang='grc' dir='ltr'>ι</span> <span class='ocrx_word' id='word_1_80' title='bbox 1439 714 1543 760; x_wconf 76' lang='grc' dir='ltr'><strong><em>δεῖ</em></strong></span> <span class='ocrx_word' id='word_1_81' title='bbox 1530 733 1721 778; x_wconf 73' lang='grc' dir='ltr'>επιτηρειν</span> <span class='ocrx_word' id='word_1_82' title='bbox 1753 715 1810 774; x_wconf 80' lang='grc' dir='ltr'><strong><em>τῷ</em></strong></span> <span class='ocrx_word' id='word_1_83' title='bbox 1838 708 2037 778; x_wconf 76' lang='grc' dir='ltr'><strong>ὁκτωβρῖῳ</strong></span> <span class='ocrx_word' id='word_1_84' title='bbox 2067 733 2165 798; x_wconf 37' lang='grc' dir='ltr'>μηνιε</span> <span class='ocrx_word' id='word_1_85' title='bbox 2191 710 2264 762; x_wconf 66' lang='grc' dir='ltr'><strong><em>τὴν</em></strong></span> <span class='ocrx_word' id='word_1_86' title='bbox 2296 709 2344 759; x_wconf 78' lang='grc' dir='ltr'><strong><em>ιδ’</em></strong></span> <span class='ocrx_word' id='word_1_87' title='bbox 2379 711 2500 763; x_wconf 81' lang='grc' dir='ltr'>σελη-</span> 
     </span>
    </p>
   </div>
   <div class='ocr_carea' id='block_1_4' title="bbox 239 777 2502 918">
    <p class='ocr_par' dir='ltr' id='par_1_4' title="bbox 239 777 2502 918">
     <span class='ocr_line' id='line_1_8' title="bbox 239 777 2502 850; baseline 0.002 -23"><span class='ocrx_word' id='word_1_88' title='bbox 239 800 332 838; x_wconf 85' lang='grc' dir='ltr'><strong>νης,</strong></span> <span class='ocrx_word' id='word_1_89' title='bbox 357 802 423 828; x_wconf 83' lang='grc' dir='ltr'><strong><em>και</em></strong></span> <span class='ocrx_word' id='word_1_90' title='bbox 458 781 500 835; x_wconf 78' lang='grc' dir='ltr'><strong><em>ἐξ</em></strong></span> <span class='ocrx_word' id='word_1_91' title='bbox 533 781 678 835; x_wconf 77' lang='grc' dir='ltr'><strong>ἐκείνης</strong></span> <span class='ocrx_word' id='word_1_92' title='bbox 711 783 784 834; x_wconf 78' lang='grc' dir='ltr'><strong><em>τῆς</em></strong></span> <span class='ocrx_word' id='word_1_93' title='bbox 814 777 969 847; x_wconf 56' lang='grc' dir='ltr'>ἡμέρας</span> <span class='ocrx_word' id='word_1_94' title='bbox 1000 804 1070 832; x_wconf 76' lang='lat' dir='ltr'><strong><em>tw</em></strong></span> <span class='ocrx_word' id='word_1_95' title='bbox 1100 780 1311 846; x_wconf 77' lang='grc' dir='ltr'>ὄκτωβρισυ</span> <span class='ocrx_word' id='word_1_96' title='bbox 1340 801 1457 843; x_wconf 82' lang='grc' dir='ltr'><strong>μηνος</strong></span> <span class='ocrx_word' id='word_1_97' title='bbox 1482 783 1669 850; x_wconf 65' lang='grc' dir='ltr'>ἀριθμεῖν</span> <span class='ocrx_word' id='word_1_98' title='bbox 1700 779 1794 846; x_wconf 81' lang='grc' dir='ltr'><em>ρπβ’</em></span> <span class='ocrx_word' id='word_1_99' title='bbox 1822 779 1994 848; x_wconf 61' lang='grc' dir='ltr'>ἡμέρας·</span> <span class='ocrx_word' id='word_1_100' title='bbox 2025 803 2094 830; x_wconf 85' lang='grc' dir='ltr'><strong><em>και</em></strong></span> <span class='ocrx_word' id='word_1_101' title='bbox 2125 777 2300 846; x_wconf 78' lang='grc' dir='ltr'>εὑρησεις</span> <span class='ocrx_word' id='word_1_102' title='bbox 2332 779 2375 830; x_wconf 79' lang='grc' dir='ltr'>τὸ</span> <span class='ocrx_word' id='word_1_103' title='bbox 2407 781 2502 831; x_wconf 81' lang='grc' dir='ltr'>πότε</span> 
     </span>
     <span class='ocr_line' id='line_1_9' title="bbox 239 847 2501 918; baseline 0.004 -20"><span class='ocrx_word' id='word_1_104' title='bbox 239 847 377 913; x_wconf 79' lang='grc' dir='ltr'>μέλλει</span> <span class='ocrx_word' id='word_1_105' title='bbox 402 848 573 900; x_wconf 67' lang='grc' dir='ltr'>ἔσεσθαι</span> <span class='ocrx_word' id='word_1_106' title='bbox 598 872 643 898; x_wconf 89' lang='grc' dir='ltr'><strong><em>το</em></strong></span> <span class='ocrx_word' id='word_1_107' title='bbox 668 848 818 914; x_wconf 80' lang='grc' dir='ltr'>πσῖσχα</span> <span class='ocrx_word' id='word_1_108' title='bbox 842 853 882 899; x_wconf 82' lang='grc' dir='ltr'><strong><em>ἐν</em></strong></span> <span class='ocrx_word' id='word_1_109' title='bbox 905 855 1082 917; x_wconf 73' lang='grc' dir='ltr'><strong>κυριακῇ.</strong></span> <span class='ocrx_word' id='word_1_110' title='bbox 1111 865 1216 906; x_wconf 82' lang='lat' dir='ltr'><strong><em>Seito</em></strong></span> <span class='ocrx_word' id='word_1_111' title='bbox 1245 866 1527 907; x_wconf 84' lang='lat' dir='ltr'><strong><em>observandam</em></strong></span> <span class='ocrx_word' id='word_1_112' title='bbox 1556 879 1636 907; x_wconf 86' lang='lat' dir='ltr'><strong><em>esse</em></strong></span> <span class='ocrx_word' id='word_1_113' title='bbox 1665 867 1857 907; x_wconf 83' lang='lat' dir='ltr'><strong><em>decimam</em></strong></span> <span class='ocrx_word' id='word_1_114' title='bbox 1882 870 2065 918; x_wconf 80' lang='lat' dir='ltr'><strong><em>quartam</em></strong></span> <span class='ocrx_word' id='word_1_115' title='bbox 2093 866 2199 906; x_wconf 74' lang='lat' dir='ltr'><strong><em>diem</em></strong></span> <span class='ocrx_word' id='word_1_116' title='bbox 2227 868 2368 906; x_wconf 80' lang='lat' dir='ltr'><strong><em>mensis</em></strong></span> <span class='ocrx_word' id='word_1_117' title='bbox 2396 871 2501 906; x_wconf 84' lang='lat' dir='ltr'><strong><em>octo-</em></strong></span> 
     </span>
    </p>
   </div>
   <div class='ocr_carea' id='block_1_5' title="bbox 237 935 2502 1058">
    <p class='ocr_par' dir='ltr' id='par_1_5' title="bbox 237 935 2502 1058">
     <span class='ocr_line' id='line_1_10' title="bbox 245 935 2502 991; baseline 0.001 -16"><span class='ocrx_word' id='word_1_118' title='bbox 245 935 349 987; x_wconf 77' lang='lat' dir='ltr'><strong><em>bris5</em></strong></span> <span class='ocrx_word' id='word_1_119' title='bbox 382 935 435 975; x_wconf 83' lang='lat' dir='ltr'><strong><em>ab</em></strong></span> <span class='ocrx_word' id='word_1_120' title='bbox 461 947 589 987; x_wconf 80' lang='lat' dir='ltr'><strong><em>eaque</em></strong></span> <span class='ocrx_word' id='word_1_121' title='bbox 617 937 879 977; x_wconf 84' lang='lat' dir='ltr'><strong><em>numerandos</em></strong></span> <span class='ocrx_word' id='word_1_122' title='bbox 907 949 988 978; x_wconf 89' lang='lat' dir='ltr'><strong><em>esse</em></strong></span> <span class='ocrx_word' id='word_1_123' title='bbox 1016 941 1171 978; x_wconf 86' lang='lat' dir='ltr'><strong><em>eentum</em></strong></span> <span class='ocrx_word' id='word_1_124' title='bbox 1200 938 1396 990; x_wconf 75' lang='lat' dir='ltr'><strong><em>octoqinta</em></strong></span> <span class='ocrx_word' id='word_1_125' title='bbox 1421 938 1519 981; x_wconf 84' lang='lat' dir='ltr'><strong><em>duos</em></strong></span> <span class='ocrx_word' id='word_1_126' title='bbox 1547 939 1657 990; x_wconf 82' lang='lat' dir='ltr'><strong><em>dies‚·</em></strong></span> <span class='ocrx_word' id='word_1_127' title='bbox 1688 950 1768 991; x_wconf 82' lang='lat' dir='ltr'><strong><em>qua</em></strong></span> <span class='ocrx_word' id='word_1_128' title='bbox 1797 939 1948 979; x_wconf 84' lang='lat' dir='ltr'><strong><em>ratione</em></strong></span> <span class='ocrx_word' id='word_1_129' title='bbox 1978 938 2211 979; x_wconf 78' lang='lat' dir='ltr'><strong><em>dominicam</em></strong></span> <span class='ocrx_word' id='word_1_130' title='bbox 2239 939 2431 989; x_wconf 76' lang='lat' dir='ltr'><strong><em>invenies,</em></strong></span> <span class='ocrx_word' id='word_1_131' title='bbox 2459 940 2502 978; x_wconf 85' lang='lat' dir='ltr'><strong><em>in</em></strong></span> 
     </span>
     <span class='ocr_line' id='line_1_11' title="bbox 237 1005 978 1058; baseline 0.004 -12"><span class='ocrx_word' id='word_1_132' title='bbox 237 1018 361 1057; x_wconf 83' lang='lat' dir='ltr'><strong><em>quam</em></strong></span> <span class='ocrx_word' id='word_1_133' title='bbox 383 1007 586 1058; x_wconf 76' lang='lat' dir='ltr'><strong><em>paschatis</em></strong></span> <span class='ocrx_word' id='word_1_134' title='bbox 606 1005 758 1058; x_wconf 81' lang='lat' dir='ltr'><strong><em>festum</em></strong></span> <span class='ocrx_word' id='word_1_135' title='bbox 786 1010 978 1049; x_wconf 83' lang='lat' dir='ltr'><strong><em>incurret.</em></strong></span> 
     </span>
    </p>
   </div>
   <div class='ocr_carea' id='block_1_6' title="bbox 212 1142 2517 3614">
    <p class='ocr_par' dir='ltr' id='par_1_6' title="bbox 212 1142 2517 3614">
     <span class='ocr_line' id='line_1_12' title="bbox 658 1142 2345 1204; baseline 0.001 -13"><span class='ocrx_word' id='word_1_136' title='bbox 658 1160 919 1191; x_wconf 74' lang='lat' dir='ltr'><strong>IANUARan.</strong></span> <span class='ocrx_word' id='word_1_137' title='bbox 1565 1153 1718 1193; x_wconf 79' lang='lat' dir='ltr'><strong><em>Desunt</em></strong></span> <span class='ocrx_word' id='word_1_138' title='bbox 1743 1165 1889 1203; x_wconf 79' lang='lat' dir='ltr'><strong><em>menses</em></strong></span> <span class='ocrx_word' id='word_1_139' title='bbox 1915 1142 2112 1193; x_wconf 60' lang='lat' dir='ltr'><strong><em>iulius‘et</em></strong></span> <span class='ocrx_word' id='word_1_140' title='bbox 2139 1157 2345 1204; x_wconf 75' lang='lat' dir='ltr'><strong><em>anqustus.</em></strong></span> 
     </span>
     <span class='ocr_line' id='line_1_13' title="bbox 250 1219 762 1262; baseline 0 -2"><span class='ocrx_word' id='word_1_141' title='bbox 250 1220 318 1260; x_wconf 84' lang='lat'><strong><em>13.</em></strong></span> <span class='ocrx_word' id='word_1_142' title='bbox 351 1219 502 1261; x_wconf 83' lang='lat' dir='ltr'><strong><em>Felicis</em></strong></span> <span class='ocrx_word' id='word_1_143' title='bbox 532 1219 578 1261; x_wconf 92' lang='lat' dir='ltr'><strong><em>in</em></strong></span> <span class='ocrx_word' id='word_1_144' title='bbox 607 1219 762 1262; x_wconf 89' lang='lat' dir='ltr'><strong><em>Pincis.</em></strong></span> 
     </span>
     <span class='ocr_line' id='line_1_14' title="bbox 251 1280 2093 1337; baseline 0.002 -6"><span class='ocrx_word' id='word_1_145' title='bbox 251 1291 319 1331; x_wconf 87' lang='lat'><strong><em>15.</em></strong></span> <span class='ocrx_word' id='word_1_146' title='bbox 352 1290 490 1332; x_wconf 86' lang='lat' dir='ltr'><strong><em>Mauri</em></strong></span> <span class='ocrx_word' id='word_1_147' title='bbox 520 1289 702 1332; x_wconf 88' lang='lat' dir='ltr'><strong><em>abbatis.</em></strong></span> <span class='ocrx_word' id='word_1_148' title='bbox 1821 1280 2093 1337; x_wconf 52' lang='lat' dir='ltr'><strong><em>semema.</em></strong></span> 
     </span>
     <span class='ocr_line' id='line_1_15' title="bbox 251 1360 1887 1407; baseline 0.003 -5"><span class='ocrx_word' id='word_1_149' title='bbox 251 1362 320 1403; x_wconf 84' lang='lat'><strong><em>17.</em></strong></span> <span class='ocrx_word' id='word_1_150' title='bbox 354 1361 527 1403; x_wconf 85' lang='lat' dir='ltr'><strong><em>Antonii</em></strong></span> <span class='ocrx_word' id='word_1_151' title='bbox 556 1360 740 1403; x_wconf 87' lang='lat' dir='ltr'><strong><em>abbatis.</em></strong></span> <span class='ocrx_word' id='word_1_152' title='bbox 1370 1385 1376 1390; x_wconf 93' lang='lat'>-</span> <span class='ocrx_word' id='word_1_153' title='bbox 1443 1366 1488 1405; x_wconf 92' lang='lat'><strong><em>8.</em></strong></span> <span class='ocrx_word' id='word_1_154' title='bbox 1521 1365 1725 1407; x_wconf 80' lang='lat' dir='ltr'><strong><em>Nativitas</em></strong></span> <span class='ocrx_word' id='word_1_155' title='bbox 1753 1367 1803 1407; x_wconf 93' lang='lat' dir='ltr'><strong><em>B.</em></strong></span> <span class='ocrx_word' id='word_1_156' title='bbox 1828 1367 1887 1407; x_wconf 88' lang='lat' dir='ltr'><strong><em>M.</em></strong></span> 
     </span>
     <span class='ocr_line' id='line_1_16' title="bbox 247 1431 1958 1491; baseline 0.004 -19"><span class='ocrx_word' id='word_1_157' title='bbox 247 1432 322 1472; x_wconf 93' lang='grc'><strong><em>20.</em></strong></span> <span class='ocrx_word' id='word_1_158' title='bbox 356 1431 587 1473; x_wconf 83' lang='lat' dir='ltr'><strong><em>Sebastiani</em></strong></span> <span class='ocrx_word' id='word_1_159' title='bbox 618 1433 829 1487; x_wconf 79' lang='lat' dir='ltr'><strong><em>martyris.</em></strong></span> <span class='ocrx_word' id='word_1_160' title='bbox 1415 1436 1487 1475; x_wconf 83' lang='lat'><strong><em>21.</em></strong></span> <span class='ocrx_word' id='word_1_161' title='bbox 1522 1436 1725 1478; x_wconf 80' lang='lat' dir='ltr'><strong><em>Matthaei</em></strong></span> <span class='ocrx_word' id='word_1_162' title='bbox 1756 1437 1958 1491; x_wconf 84' lang='lat' dir='ltr'><strong><em>apostoli.</em></strong></span> 
     </span>
     <span class='ocr_line' id='line_1_17' title="bbox 248 1503 2286 1562; baseline 0.002 -19"><span class='ocrx_word' id='word_1_163' title='bbox 248 1503 319 1543; x_wconf 90' lang='lat'><strong><em>22.</em></strong></span> <span class='ocrx_word' id='word_1_164' title='bbox 353 1503 564 1544; x_wconf 88' lang='lat' dir='ltr'><strong><em>Vincentii</em></strong></span> <span class='ocrx_word' id='word_1_165' title='bbox 598 1503 748 1545; x_wconf 87' lang='lat' dir='ltr'><strong><em>levitae</em></strong></span> <span class='ocrx_word' id='word_1_166' title='bbox 778 1503 992 1562; x_wconf 85' lang='lat' dir='ltr'><strong><em>martyris.</em></strong></span> <span class='ocrx_word' id='word_1_167' title='bbox 1110 1521 1112 1523; x_wconf 96' lang='lat'>·</span> <span class='ocrx_word' id='word_1_168' title='bbox 1415 1508 1489 1548; x_wconf 92' lang='lat'><strong><em>25.</em></strong></span> <span class='ocrx_word' id='word_1_169' title='bbox 1521 1507 1631 1561; x_wconf 89' lang='lat' dir='ltr'><strong><em>Lupi</em></strong></span> <span class='ocrx_word' id='word_1_170' title='bbox 1661 1508 1967 1562; x_wconf 83' lang='lat' dir='ltr'><strong><em>archiepiscopi</em></strong></span> <span class='ocrx_word' id='word_1_171' title='bbox 1996 1507 2286 1560; x_wconf 85' lang='lat' dir='ltr'><strong><em>lugdunensis.</em></strong></span> 
     </span>
     <span class='ocr_line' id='line_1_18' title="bbox 245 1572 2093 1626; baseline 0.001 -13"><span class='ocrx_word' id='word_1_172' title='bbox 245 1573 320 1613; x_wconf 93' lang='lat'><strong><em>25.</em></strong></span> <span class='ocrx_word' id='word_1_173' title='bbox 355 1572 583 1614; x_wconf 87' lang='lat' dir='ltr'><strong><em>Conversio</em></strong></span> <span class='ocrx_word' id='word_1_174' title='bbox 614 1574 655 1615; x_wconf 91' lang='lat' dir='ltr'><strong><em>S.</em></strong></span> <span class='ocrx_word' id='word_1_175' title='bbox 684 1572 804 1614; x_wconf 88' lang='lat' dir='ltr'><strong><em>Pauli</em></strong></span> <span class='ocrx_word' id='word_1_176' title='bbox 835 1572 1035 1626; x_wconf 86' lang='lat' dir='ltr'><strong><em>apostoli.</em></strong></span> <span class='ocrx_word' id='word_1_177' title='bbox 1415 1578 1488 1619; x_wconf 91' lang='lat'><strong><em>29.</em></strong></span> <span class='ocrx_word' id='word_1_178' title='bbox 1523 1578 1743 1620; x_wconf 87' lang='lat' dir='ltr'><strong><em>Dedicatio</em></strong></span> <span class='ocrx_word' id='word_1_179' title='bbox 1775 1579 1818 1620; x_wconf 86' lang='lat' dir='ltr'><strong><em>S.</em></strong></span> <span class='ocrx_word' id='word_1_180' title='bbox 1845 1578 2093 1620; x_wconf 74' lang='lat' dir='ltr'><strong><em>Michaelis..</em></strong></span> 
     </span>
     <span class='ocr_line' id='line_1_19' title="bbox 647 1655 2064 1704; baseline 0.003 -20"><span class='ocrx_word' id='word_1_181' title='bbox 647 1655 936 1685; x_wconf 66' lang='lat' dir='ltr'><strong><em>truncamus.</em></strong></span> <span class='ocrx_word' id='word_1_182' title='bbox 1622 1694 1630 1704; x_wconf 47' lang='lat'><strong>·</strong></span> <span class='ocrx_word' id='word_1_183' title='bbox 1849 1660 2064 1691; x_wconf 72' lang='lat' dir='ltr'><strong><em>ocromm.</em></strong></span> 
     </span>
     <span class='ocr_line' id='line_1_20' title="bbox 281 1711 1946 1774; baseline 0.004 -19"><span class='ocrx_word' id='word_1_184' title='bbox 281 1715 324 1756; x_wconf 92' lang='lat'><strong><em>2.</em></strong></span> <span class='ocrx_word' id='word_1_185' title='bbox 357 1713 603 1757; x_wconf 83' lang='lat' dir='ltr'><strong><em>Purificatio</em></strong></span> <span class='ocrx_word' id='word_1_186' title='bbox 632 1715 683 1755; x_wconf 91' lang='lat' dir='ltr'><strong><em>B.</em></strong></span> <span class='ocrx_word' id='word_1_187' title='bbox 710 1714 864 1756; x_wconf 78' lang='lat' dir='ltr'><strong><em>Mariae</em></strong></span> <span class='ocrx_word' id='word_1_188' title='bbox 893 1714 1082 1768; x_wconf 84' lang='lat' dir='ltr'><strong><em>virginis.</em></strong></span> <span class='ocrx_word' id='word_1_189' title='bbox 1326 1730 1341 1740; x_wconf 52' lang='lat'><em>³</em></span> <span class='ocrx_word' id='word_1_190' title='bbox 1451 1721 1489 1759; x_wconf 87' lang='lat'><strong><em>1.</em></strong></span> <span class='ocrx_word' id='word_1_191' title='bbox 1525 1718 1706 1774; x_wconf 80' lang='lat' dir='ltr'><strong><em>Remigii</em></strong></span> <span class='ocrx_word' id='word_1_192' title='bbox 1736 1711 1946 1774; x_wconf 68' lang='lat' dir='ltr'><strong><em>episcopi.</em></strong></span> 
     </span>
     <span class='ocr_line' id='line_1_21' title="bbox 280 1784 1732 1844; baseline 0.003 -18"><span class='ocrx_word' id='word_1_193' title='bbox 280 1787 323 1827; x_wconf 88' lang='lat'><strong><em>5.</em></strong></span> <span class='ocrx_word' id='word_1_194' title='bbox 356 1784 546 1841; x_wconf 85' lang='lat' dir='ltr'><strong><em>Agathae</em></strong></span> <span class='ocrx_word' id='word_1_195' title='bbox 574 1785 629 1826; x_wconf 88' lang='lat' dir='ltr'><strong>V.</strong></span> <span class='ocrx_word' id='word_1_196' title='bbox 658 1785 717 1834; x_wconf 87' lang='grc' dir='ltr'><strong><em>Μ.</em></strong></span> <span class='ocrx_word' id='word_1_197' title='bbox 768 1795 770 1798; x_wconf 71' lang='grc'>’</span> <span class='ocrx_word' id='word_1_198' title='bbox 1445 1790 1490 1831; x_wconf 82' lang='grc'><strong><em>9.</em></strong></span> <span class='ocrx_word' id='word_1_199' title='bbox 1523 1790 1732 1844; x_wconf 84' lang='lat' dir='ltr'><strong><em>Dionysii.</em></strong></span> 
     </span>
     <span class='ocr_line' id='line_1_22' title="bbox 251 1855 1987 1915; baseline 0.003 -18"><span class='ocrx_word' id='word_1_200' title='bbox 251 1857 324 1898; x_wconf 88' lang='lat'><strong><em>22.</em></strong></span> <span class='ocrx_word' id='word_1_201' title='bbox 357 1855 566 1898; x_wconf 84' lang='lat' dir='ltr'><strong><em>Cathedra</em></strong></span> <span class='ocrx_word' id='word_1_202' title='bbox 594 1856 637 1897; x_wconf 90' lang='lat' dir='ltr'><strong>S.</strong></span> <span class='ocrx_word' id='word_1_203' title='bbox 663 1856 782 1897; x_wconf 85' lang='lat' dir='ltr'><strong><em>Petri</em></strong></span> <span class='ocrx_word' id='word_1_204' title='bbox 807 1855 851 1898; x_wconf 88' lang='lat' dir='ltr'><strong><em>iu</em></strong></span> <span class='ocrx_word' id='word_1_205' title='bbox 881 1856 1124 1898; x_wconf 83' lang='lat' dir='ltr'><strong><em>Antiochia.</em></strong></span> <span class='ocrx_word' id='word_1_206' title='bbox 1423 1863 1491 1903; x_wconf 91' lang='grc'><strong><em>18.</em></strong></span> <span class='ocrx_word' id='word_1_207' title='bbox 1523 1861 1662 1903; x_wconf 83' lang='lat' dir='ltr'><strong><em>Lucae</em></strong></span> <span class='ocrx_word' id='word_1_208' title='bbox 1691 1860 1987 1915; x_wconf 81' lang='lat' dir='ltr'><strong><em>evangelistae.</em></strong></span> 
     </span>
     <span class='ocr_line' id='line_1_23' title="bbox 253 1927 2112 1986; baseline 0.001 -16"><span class='ocrx_word' id='word_1_209' title='bbox 253 1929 328 1979; x_wconf 77' lang='lat'><strong><em>25.</em></strong></span> <span class='ocrx_word' id='word_1_210' title='bbox 359 1927 558 1970; x_wconf 79' lang='lat' dir='ltr'><strong><em>Matthiae</em></strong></span> <span class='ocrx_word' id='word_1_211' title='bbox 588 1927 788 1982; x_wconf 85' lang='lat' dir='ltr'><strong><em>apostoli.</em></strong></span> <span class='ocrx_word' id='word_1_212' title='bbox 1418 1931 1491 1973; x_wconf 83' lang='lat'><strong><em>21.</em></strong></span> <span class='ocrx_word' id='word_1_213' title='bbox 1524 1931 1716 1974; x_wconf 88' lang='lat' dir='ltr'><strong><em>Ursulae.</em></strong></span> <span class='ocrx_word' id='word_1_214' title='bbox 2108 1982 2112 1986; x_wconf 42' lang='lat'><strong><em>.</em></strong></span> 
     </span>
     <span class='ocr_line' id='line_1_24' title="bbox 689 2002 2103 2064; baseline 0.002 -24"><span class='ocrx_word' id='word_1_215' title='bbox 689 2011 902 2043; x_wconf 64' lang='lat' dir='ltr'><strong><em>mannus,</em></strong></span> <span class='ocrx_word' id='word_1_216' title='bbox 1073 2022 1078 2025; x_wconf 18' lang='grc' dir='ltr'>ἡ</span> <span class='ocrx_word' id='word_1_217' title='bbox 1184 2061 1185 2064; x_wconf 8' lang='lat'>¹</span> <span class='ocrx_word' id='word_1_218' title='bbox 1420 2003 1493 2045; x_wconf 91' lang='lat'><strong><em>28.</em></strong></span> <span class='ocrx_word' id='word_1_219' title='bbox 1525 2003 1705 2044; x_wconf 86' lang='lat' dir='ltr'><strong><em>Simonis</em></strong></span> <span class='ocrx_word' id='word_1_220' title='bbox 1734 2006 1778 2044; x_wconf 86' lang='lat' dir='ltr'><strong><em>et</em></strong></span> <span class='ocrx_word' id='word_1_221' title='bbox 1807 2002 1935 2044; x_wconf 88' lang='lat' dir='ltr'><strong><em>Iudae</em></strong></span> <span class='ocrx_word' id='word_1_222' title='bbox 1964 2006 2103 2057; x_wconf 81' lang='lat' dir='ltr'><strong>apost.</strong></span> 
     </span>
     <span class='ocr_line' id='line_1_25' title="bbox 286 2069 2056 2126; baseline 0.001 -14"><span class='ocrx_word' id='word_1_223' title='bbox 286 2073 324 2112; x_wconf 92' lang='lat'><strong><em>1.</em></strong></span> <span class='ocrx_word' id='word_1_224' title='bbox 359 2070 540 2113; x_wconf 81' lang='lat' dir='ltr'><strong><em>Albinus</em></strong></span> <span class='ocrx_word' id='word_1_225' title='bbox 571 2071 797 2126; x_wconf 89' lang='lat' dir='ltr'><strong><em>episcopus</em></strong></span> <span class='ocrx_word' id='word_1_226' title='bbox 828 2069 1146 2124; x_wconf 83' lang='lat' dir='ltr'><strong><em>andegavensis.</em></strong></span> <span class='ocrx_word' id='word_1_227' title='bbox 1420 2074 1493 2114; x_wconf 87' lang='grc'><strong><em>31.</em></strong></span> <span class='ocrx_word' id='word_1_228' title='bbox 1525 2074 1736 2126; x_wconf 84' lang='lat' dir='ltr'><strong><em>(Quidam</em></strong></span> <span class='ocrx_word' id='word_1_229' title='bbox 1764 2086 1853 2114; x_wconf 86' lang='lat' dir='ltr'><strong><em>cum</em></strong></span> <span class='ocrx_word' id='word_1_230' title='bbox 1882 2074 2056 2125; x_wconf 76' lang='lat' dir='ltr'><strong><em>clavis.)</em></strong></span> 
     </span>
     <span class='ocr_line' id='line_1_26' title="bbox 212 2143 2141 2197; baseline -0.001 -12"><span class='ocrx_word' id='word_1_231' title='bbox 212 2183 214 2186; x_wconf 79' lang='grc'>,</span> <span class='ocrx_word' id='word_1_232' title='bbox 259 2144 326 2184; x_wconf 89' lang='grc'><strong><em>12.</em></strong></span> <span class='ocrx_word' id='word_1_233' title='bbox 361 2143 591 2196; x_wconf 83' lang='lat' dir='ltr'><strong><em>Gregorius</em></strong></span> <span class='ocrx_word' id='word_1_234' title='bbox 623 2154 748 2197; x_wconf 86' lang='lat' dir='ltr'><strong><em>papa.</em></strong></span> <span class='ocrx_word' id='word_1_235' title='bbox 1836 2155 2091 2186; x_wconf 67' lang='lat' dir='ltr'><strong><em>novennes.</em></strong></span> <span class='ocrx_word' id='word_1_236' title='bbox 2137 2159 2141 2170; x_wconf 59' lang='lat'><strong><em>³</em></strong></span> 
     </span>
     <span class='ocr_line' id='line_1_27' title="bbox 260 2213 2020 2268; baseline 0.001 -13"><span class='ocrx_word' id='word_1_237' title='bbox 260 2216 327 2256; x_wconf 91' lang='grc'><strong><em>17.</em></strong></span> <span class='ocrx_word' id='word_1_238' title='bbox 362 2213 575 2256; x_wconf 86' lang='lat' dir='ltr'><strong><em>Gertruda</em></strong></span> <span class='ocrx_word' id='word_1_239' title='bbox 600 2214 741 2268; x_wconf 82' lang='lat' dir='ltr'><strong><em>virgo.</em></strong></span> <span class='ocrx_word' id='word_1_240' title='bbox 1146 2257 1150 2259; x_wconf 12' lang='lat' dir='ltr'><strong><em>r</em></strong></span> <span class='ocrx_word' id='word_1_241' title='bbox 1456 2218 1494 2257; x_wconf 94' lang='lat' dir='ltr'><strong><em>l.</em></strong></span> <span class='ocrx_word' id='word_1_242' title='bbox 1528 2216 1729 2259; x_wconf 89' lang='lat' dir='ltr'><strong><em>Omnium</em></strong></span> <span class='ocrx_word' id='word_1_243' title='bbox 1758 2219 2020 2257; x_wconf 84' lang='lat' dir='ltr'><strong><em>sanctorum.</em></strong></span> 
     </span>
     <span class='ocr_line' id='line_1_28' title="bbox 254 2283 2239 2329; baseline 0.001 -3"><span class='ocrx_word' id='word_1_244' title='bbox 254 2286 328 2327; x_wconf 91' lang='grc'><strong><em>21.</em></strong></span> <span class='ocrx_word' id='word_1_245' title='bbox 359 2284 614 2327; x_wconf 83' lang='lat' dir='ltr'><strong><em>Benedictus</em></strong></span> <span class='ocrx_word' id='word_1_246' title='bbox 645 2283 790 2327; x_wconf 87' lang='lat' dir='ltr'><strong><em>abbas.</em></strong></span> <span class='ocrx_word' id='word_1_247' title='bbox 1451 2287 1494 2327; x_wconf 83' lang='lat'><strong><em>2.</em></strong></span> <span class='ocrx_word' id='word_1_248' title='bbox 1529 2286 1887 2329; x_wconf 80' lang='lat' dir='ltr'><strong><em>commemoratio</em></strong></span> <span class='ocrx_word' id='word_1_249' title='bbox 1924 2285 2239 2328; x_wconf 75' lang='lat' dir='ltr'><strong><em>defunctorum.</em></strong></span> 
     </span>
     <span class='ocr_line' id='line_1_29' title="bbox 255 2356 2099 2399; baseline -0.001 -1"><span class='ocrx_word' id='word_1_250' title='bbox 255 2358 329 2399; x_wconf 89' lang='lat'><strong><em>25.</em></strong></span> <span class='ocrx_word' id='word_1_251' title='bbox 363 2356 646 2399; x_wconf 85' lang='lat' dir='ltr'><strong><em>Annunciatio</em></strong></span> <span class='ocrx_word' id='word_1_252' title='bbox 675 2357 727 2399; x_wconf 89' lang='lat' dir='ltr'><strong><em>B.</em></strong></span> <span class='ocrx_word' id='word_1_253' title='bbox 751 2357 811 2398; x_wconf 84' lang='lat' dir='ltr'><strong><em>M.</em></strong></span> <span class='ocrx_word' id='word_1_254' title='bbox 836 2358 891 2398; x_wconf 90' lang='lat' dir='ltr'><strong><em>V.</em></strong></span> <span class='ocrx_word' id='word_1_255' title='bbox 1452 2357 1496 2398; x_wconf 90' lang='grc'><strong>6.</strong></span> <span class='ocrx_word' id='word_1_256' title='bbox 1528 2356 1736 2398; x_wconf 89' lang='lat' dir='ltr'><strong><em>Leonardi</em></strong></span> <span class='ocrx_word' id='word_1_257' title='bbox 1768 2356 2036 2398; x_wconf 82' lang='lat' dir='ltr'><strong><em>confessoris.</em></strong></span> <span class='ocrx_word' id='word_1_258' title='bbox 2096 2381 2099 2384; x_wconf 97' lang='lat'>-</span> 
     </span>
     <span class='ocr_line' id='line_1_30' title="bbox 705 2426 1934 2480; baseline -0.002 -10"><span class='ocrx_word' id='word_1_259' title='bbox 705 2439 897 2470; x_wconf 68' lang='lat' dir='ltr'><strong><em>armus.</em></strong></span> <span class='ocrx_word' id='word_1_260' title='bbox 1128 2453 1132 2465; x_wconf 84' lang='lat'><strong><em>.</em></strong></span> <span class='ocrx_word' id='word_1_261' title='bbox 1428 2427 1496 2468; x_wconf 90' lang='grc'><strong><em>11.</em></strong></span> <span class='ocrx_word' id='word_1_262' title='bbox 1531 2426 1698 2468; x_wconf 88' lang='lat' dir='ltr'><strong><em>Martini</em></strong></span> <span class='ocrx_word' id='word_1_263' title='bbox 1728 2426 1934 2480; x_wconf 87' lang='lat' dir='ltr'><strong><em>episcopi.</em></strong></span> 
     </span>
     <span class='ocr_line' id='line_1_31' title="bbox 292 2497 2115 2557; baseline -0.001 -17"><span class='ocrx_word' id='word_1_264' title='bbox 292 2502 331 2540; x_wconf 90' lang='grc'><strong><em>1.</em></strong></span> <span class='ocrx_word' id='word_1_265' title='bbox 352 2500 492 2557; x_wconf 79' lang='lat' dir='ltr'><strong><em>Hugo</em></strong></span> <span class='ocrx_word' id='word_1_266' title='bbox 523 2499 751 2554; x_wconf 89' lang='lat' dir='ltr'><strong><em>episcopus</em></strong></span> <span class='ocrx_word' id='word_1_267' title='bbox 782 2499 1210 2553; x_wconf 78' lang='lat' dir='ltr'><strong><em>gratianopolitanus.</em></strong></span> <span class='ocrx_word' id='word_1_268' title='bbox 1424 2498 1497 2538; x_wconf 91' lang='grc'><strong><em>23.</em></strong></span> <span class='ocrx_word' id='word_1_269' title='bbox 1532 2497 1758 2539; x_wconf 88' lang='lat' dir='ltr'><strong><em>Clementis</em></strong></span> <span class='ocrx_word' id='word_1_270' title='bbox 1785 2498 1870 2539; x_wconf 88' lang='lat' dir='ltr'><strong><em>PP.</em></strong></span> <span class='ocrx_word' id='word_1_271' title='bbox 1903 2497 2115 2552; x_wconf 78' lang='lat' dir='ltr'><strong><em>martyris.</em></strong></span> 
     </span>
     <span class='ocr_line' id='line_1_32' title="bbox 257 2569 2048 2622; baseline -0.001 -10"><span class='ocrx_word' id='word_1_272' title='bbox 257 2571 331 2612; x_wconf 83' lang='grc'><strong><em>30.</em></strong></span> <span class='ocrx_word' id='word_1_273' title='bbox 365 2570 566 2622; x_wconf 87' lang='lat' dir='ltr'><strong><em>Quirinus</em></strong></span> <span class='ocrx_word' id='word_1_274' title='bbox 580 2575 706 2612; x_wconf 90' lang='lat' dir='ltr'><strong><em>mart.</em></strong></span> <span class='ocrx_word' id='word_1_275' title='bbox 726 2570 960 2612; x_wconf 88' lang='lat' dir='ltr'><strong><em>Translatio</em></strong></span> <span class='ocrx_word' id='word_1_276' title='bbox 975 2571 1064 2612; x_wconf 88' lang='lat' dir='ltr'><strong><em>eius</em></strong></span> <span class='ocrx_word' id='word_1_277' title='bbox 1079 2570 1133 2612; x_wconf 89' lang='lat' dir='ltr'><strong><em>ad</em></strong></span> <span class='ocrx_word' id='word_1_278' title='bbox 1152 2571 1352 2612; x_wconf 86' lang='lat' dir='ltr'><strong><em>Nuscien-</em></strong></span> <span class='ocrx_word' id='word_1_279' title='bbox 1425 2570 1498 2610; x_wconf 90' lang='lat'><strong><em>25.</em></strong></span> <span class='ocrx_word' id='word_1_280' title='bbox 1532 2569 1780 2611; x_wconf 77' lang='lat' dir='ltr'><strong><em>catherinae</em></strong></span> <span class='ocrx_word' id='word_1_281' title='bbox 1809 2581 1907 2610; x_wconf 89' lang='lat' dir='ltr'><strong><em>cum</em></strong></span> <span class='ocrx_word' id='word_1_282' title='bbox 1935 2572 2048 2610; x_wconf 87' lang='lat' dir='ltr'><strong><em>rota.</em></strong></span> 
     </span>
     <span class='ocr_line' id='line_1_33' title="bbox 376 2639 1955 2696; baseline -0.002 -13"><span class='ocrx_word' id='word_1_283' title='bbox 376 2653 464 2683; x_wconf 90' lang='lat' dir='ltr'><strong><em>sem</em></strong></span> <span class='ocrx_word' id='word_1_284' title='bbox 493 2641 646 2683; x_wconf 88' lang='lat' dir='ltr'><strong><em>urbem</em></strong></span> <span class='ocrx_word' id='word_1_285' title='bbox 675 2653 804 2696; x_wconf 89' lang='lat' dir='ltr'><strong><em>supra</em></strong></span> <span class='ocrx_word' id='word_1_286' title='bbox 830 2641 1040 2683; x_wconf 84' lang='lat' dir='ltr'><strong><em>Rhenum.</em></strong></span> <span class='ocrx_word' id='word_1_287' title='bbox 1356 2664 1364 2667; x_wconf 62' lang='lat'>,</span> <span class='ocrx_word' id='word_1_288' title='bbox 1426 2640 1500 2681; x_wconf 86' lang='lat'><strong><em>30.</em></strong></span> <span class='ocrx_word' id='word_1_289' title='bbox 1534 2639 1727 2682; x_wconf 85' lang='lat' dir='ltr'><strong><em>Andreae</em></strong></span> <span class='ocrx_word' id='word_1_290' title='bbox 1756 2639 1955 2694; x_wconf 88' lang='lat' dir='ltr'><strong><em>apostoli.</em></strong></span> 
     </span>
     <span class='ocr_line' id='line_1_34' title="bbox 543 2721 2094 2763; baseline -0.002 -9"><span class='ocrx_word' id='word_1_291' title='bbox 543 2760 546 2763; x_wconf 54' lang='grc'>,</span> <span class='ocrx_word' id='word_1_292' title='bbox 727 2723 885 2754; x_wconf 65' lang='lat' dir='ltr'><strong><em>unus.</em></strong></span> <span class='ocrx_word' id='word_1_293' title='bbox 1847 2721 2094 2752; x_wconf 71' lang='lat' dir='ltr'><strong><em>naumann.</em></strong></span> 
     </span>
     <span class='ocr_line' id='line_1_35' title="bbox 298 2780 2115 2836; baseline -0.002 -13"><span class='ocrx_word' id='word_1_294' title='bbox 298 2785 334 2823; x_wconf 92' lang='grc'><strong><em>1.</em></strong></span> <span class='ocrx_word' id='word_1_295' title='bbox 368 2781 557 2836; x_wconf 88' lang='lat' dir='ltr'><strong><em>Philippi</em></strong></span> <span class='ocrx_word' id='word_1_296' title='bbox 587 2785 631 2822; x_wconf 87' lang='lat' dir='ltr'><strong><em>et</em></strong></span> <span class='ocrx_word' id='word_1_297' title='bbox 658 2780 805 2823; x_wconf 88' lang='lat' dir='ltr'><strong><em>Iacobi</em></strong></span> <span class='ocrx_word' id='word_1_298' title='bbox 835 2781 1146 2836; x_wconf 87' lang='lat' dir='ltr'><strong><em>apostolorum.</em></strong></span> <span class='ocrx_word' id='word_1_299' title='bbox 1463 2784 1501 2822; x_wconf 88' lang='grc'><strong><em>1.</em></strong></span> <span class='ocrx_word' id='word_1_300' title='bbox 1532 2782 1786 2834; x_wconf 80' lang='lat' dir='ltr'><strong><em>(Episcopus</em></strong></span> <span class='ocrx_word' id='word_1_301' title='bbox 1815 2794 1903 2821; x_wconf 81' lang='lat' dir='ltr'><strong><em>eum</em></strong></span> <span class='ocrx_word' id='word_1_302' title='bbox 1932 2784 2076 2821; x_wconf 80' lang='lat' dir='ltr'><strong><em>securi.</em></strong></span> <span class='ocrx_word' id='word_1_303' title='bbox 2092 2782 2115 2832; x_wconf 77' lang='lat' dir='ltr'><em>j</em></span> 
     </span>
     <span class='ocr_line' id='line_1_36' title="bbox 292 2851 1987 2911; baseline -0.001 -17"><span class='ocrx_word' id='word_1_304' title='bbox 292 2854 335 2894; x_wconf 87' lang='grc'><strong><em>3.</em></strong></span> <span class='ocrx_word' id='word_1_305' title='bbox 369 2853 412 2893; x_wconf 90' lang='lat' dir='ltr'><strong><em>S.</em></strong></span> <span class='ocrx_word' id='word_1_306' title='bbox 446 2851 593 2894; x_wconf 86' lang='lat' dir='ltr'><strong><em>Crucis</em></strong></span> <span class='ocrx_word' id='word_1_307' title='bbox 624 2852 829 2893; x_wconf 80' lang='lat' dir='ltr'><strong><em>inventio.</em></strong></span> <span class='ocrx_word' id='word_1_308' title='bbox 1454 2852 1502 2893; x_wconf 73' lang='lat'><strong><em>4.</em></strong></span> <span class='ocrx_word' id='word_1_309' title='bbox 1519 2851 1745 2911; x_wconf 32' lang='lat' dir='ltr'><strong><em>‘Barbarae</em></strong></span> <span class='ocrx_word' id='word_1_310' title='bbox 1773 2851 1987 2905; x_wconf 64' lang='lat' dir='ltr'><strong><em>martyris</em></strong></span> 
     </span>
     <span class='ocr_line' id='line_1_37' title="bbox 293 2921 1928 2976; baseline -0.001 -12"><span class='ocrx_word' id='word_1_311' title='bbox 293 2924 338 2964; x_wconf 88' lang='grc'><strong><em>9.</em></strong></span> <span class='ocrx_word' id='word_1_312' title='bbox 369 2922 575 2964; x_wconf 79' lang='lat' dir='ltr'><strong><em>Macarius</em></strong></span> <span class='ocrx_word' id='word_1_313' title='bbox 604 2921 897 2964; x_wconf 89' lang='lat' dir='ltr'><strong><em>antiochenus.</em></strong></span> <span class='ocrx_word' id='word_1_314' title='bbox 1458 2923 1503 2963; x_wconf 92' lang='lat'><strong><em>6.</em></strong></span> <span class='ocrx_word' id='word_1_315' title='bbox 1534 2921 1699 2964; x_wconf 81' lang='lat' dir='ltr'><strong><em>Nicolai</em></strong></span> <span class='ocrx_word' id='word_1_316' title='bbox 1724 2922 1928 2976; x_wconf 90' lang='lat' dir='ltr'><strong><em>episcopi.</em></strong></span> 
     </span>
     <span class='ocr_line' id='line_1_38' title="bbox 271 2992 1932 3047; baseline -0.002 -12"><span class='ocrx_word' id='word_1_317' title='bbox 271 2995 338 3036; x_wconf 86' lang='grc'><strong><em>16.</em></strong></span> <span class='ocrx_word' id='word_1_318' title='bbox 371 2993 626 3047; x_wconf 86' lang='lat' dir='ltr'><strong><em>Peregrinus</em></strong></span> <span class='ocrx_word' id='word_1_319' title='bbox 651 2992 869 3035; x_wconf 85' lang='lat' dir='ltr'><strong><em>autisidor.</em></strong></span> <span class='ocrx_word' id='word_1_320' title='bbox 901 2996 1026 3034; x_wconf 88' lang='lat' dir='ltr'><strong><em>mart.</em></strong></span> <span class='ocrx_word' id='word_1_321' title='bbox 1061 2992 1301 3047; x_wconf 86' lang='lat' dir='ltr'><strong><em>episcopus.</em></strong></span> <span class='ocrx_word' id='word_1_322' title='bbox 1458 2993 1503 3034; x_wconf 89' lang='lat'><strong><em>8.</em></strong></span> <span class='ocrx_word' id='word_1_323' title='bbox 1537 2992 1768 3047; x_wconf 81' lang='lat' dir='ltr'><strong><em>conceptio</em></strong></span> <span class='ocrx_word' id='word_1_324' title='bbox 1796 2993 1846 3035; x_wconf 90' lang='lat' dir='ltr'><strong><em>B.</em></strong></span> <span class='ocrx_word' id='word_1_325' title='bbox 1872 2992 1932 3033; x_wconf 90' lang='grc' dir='ltr'><strong><em>Μ.</em></strong></span> 
     </span>
     <span class='ocr_line' id='line_1_39' title="bbox 265 3062 2125 3118; baseline -0.002 -11"><span class='ocrx_word' id='word_1_326' title='bbox 265 3067 339 3107; x_wconf 91' lang='grc'><strong><em>20.</em></strong></span> <span class='ocrx_word' id='word_1_327' title='bbox 370 3064 598 3107; x_wconf 86' lang='lat' dir='ltr'><strong><em>Baudelius</em></strong></span> <span class='ocrx_word' id='word_1_328' title='bbox 627 3067 804 3118; x_wconf 82' lang='lat' dir='ltr'><strong><em>martyr.</em></strong></span> <span class='ocrx_word' id='word_1_329' title='bbox 1437 3064 1503 3110; x_wconf 81' lang='lat' dir='ltr'><strong><em>li.</em></strong></span> <span class='ocrx_word' id='word_1_330' title='bbox 1536 3062 1782 3104; x_wconf 86' lang='lat' dir='ltr'><strong><em>Victorinus</em></strong></span> <span class='ocrx_word' id='word_1_331' title='bbox 1810 3066 1854 3103; x_wconf 94' lang='lat' dir='ltr'><strong><em>et</em></strong></span> <span class='ocrx_word' id='word_1_332' title='bbox 1882 3062 2125 3104; x_wconf 89' lang='lat' dir='ltr'><strong><em>Fuscianus.</em></strong></span> 
     </span>
     <span class='ocr_line' id='line_1_40' title="bbox 266 3133 2517 3191; baseline -0.003 -13"><span class='ocrx_word' id='word_1_333' title='bbox 266 3137 339 3179; x_wconf 82' lang='lat'><strong><em>21.</em></strong></span> <span class='ocrx_word' id='word_1_334' title='bbox 373 3135 489 3178; x_wconf 86' lang='lat' dir='ltr'><strong><em>Beda</em></strong></span> <span class='ocrx_word' id='word_1_335' title='bbox 521 3135 758 3191; x_wconf 82' lang='lat' dir='ltr'><strong><em>presbyter.</em></strong></span> <span class='ocrx_word' id='word_1_336' title='bbox 1437 3134 1504 3174; x_wconf 88' lang='lat'><strong><em>15.</em></strong></span> <span class='ocrx_word' id='word_1_337' title='bbox 1538 3134 1758 3185; x_wconf 87' lang='lat' dir='ltr'><strong><em>(Fortasse</em></strong></span> <span class='ocrx_word' id='word_1_338' title='bbox 1798 3135 1992 3174; x_wconf 84' lang='lat' dir='ltr'><strong><em>Eusebius</em></strong></span> <span class='ocrx_word' id='word_1_339' title='bbox 2031 3133 2307 3183; x_wconf 75' lang='lat' dir='ltr'><strong><em>vercellensis5</em></strong></span> <span class='ocrx_word' id='word_1_340' title='bbox 2349 3133 2421 3172; x_wconf 80' lang='lat' dir='ltr'><strong><em>sed</em></strong></span> <span class='ocrx_word' id='word_1_341' title='bbox 2461 3135 2517 3172; x_wconf 78' lang='lat' dir='ltr'><strong><em>est</em></strong></span> 
     </span>
     <span class='ocr_line' id='line_1_41' title="bbox 727 3202 2058 3256; baseline -0.004 -8"><span class='ocrx_word' id='word_1_342' title='bbox 727 3218 898 3248; x_wconf 77' lang='lat' dir='ltr'><strong>IUNIUS.</strong></span> <span class='ocrx_word' id='word_1_343' title='bbox 1545 3205 1676 3255; x_wconf 76' lang='lat' dir='ltr'><strong><em>imaqo</em></strong></span> <span class='ocrx_word' id='word_1_344' title='bbox 1704 3202 1843 3244; x_wconf 79' lang='lat' dir='ltr'><strong><em>addita</em></strong></span> <span class='ocrx_word' id='word_1_345' title='bbox 1866 3208 2020 3256; x_wconf 78' lang='lat' dir='ltr'><strong><em>postea.</em></strong></span> <span class='ocrx_word' id='word_1_346' title='bbox 2033 3203 2058 3254; x_wconf 85' lang='lat'><em>)</em></span> 
     </span>
     <span class='ocr_line' id='line_1_42' title="bbox 303 3261 1958 3332; baseline -0.004 -12"><span class='ocrx_word' id='word_1_347' title='bbox 303 3281 342 3320; x_wconf 91' lang='grc'><strong><em>1.</em></strong></span> <span class='ocrx_word' id='word_1_348' title='bbox 375 3278 598 3332; x_wconf 79' lang='lat' dir='ltr'><strong><em>caprasius</em></strong></span> <span class='ocrx_word' id='word_1_349' title='bbox 627 3277 773 3319; x_wconf 87' lang='lat' dir='ltr'><strong><em>abbas.</em></strong></span> <span class='ocrx_word' id='word_1_350' title='bbox 1434 3261 1506 3315; x_wconf 77' lang='grc'><strong><em>21.</em></strong></span> <span class='ocrx_word' id='word_1_351' title='bbox 1539 3273 1725 3315; x_wconf 84' lang='lat' dir='ltr'><strong><em>Thomae</em></strong></span> <span class='ocrx_word' id='word_1_352' title='bbox 1757 3274 1958 3328; x_wconf 89' lang='lat' dir='ltr'><strong><em>apostoli.</em></strong></span> 
     </span>
     <span class='ocr_line' id='line_1_43' title="bbox 274 3344 1939 3403; baseline -0.004 -12"><span class='ocrx_word' id='word_1_353' title='bbox 274 3352 343 3392; x_wconf 92' lang='grc'><strong><em>11.</em></strong></span> <span class='ocrx_word' id='word_1_354' title='bbox 374 3348 592 3391; x_wconf 84' lang='lat' dir='ltr'><strong><em>Barnabas</em></strong></span> <span class='ocrx_word' id='word_1_355' title='bbox 619 3348 856 3403; x_wconf 87' lang='lat' dir='ltr'><strong><em>apostolus.</em></strong></span> <span class='ocrx_word' id='word_1_356' title='bbox 1432 3346 1506 3386; x_wconf 89' lang='lat'><strong><em>25.</em></strong></span> <span class='ocrx_word' id='word_1_357' title='bbox 1538 3345 1779 3386; x_wconf 85' lang='lat' dir='ltr'><strong><em>Nativitatis</em></strong></span> <span class='ocrx_word' id='word_1_358' title='bbox 1807 3345 1862 3386; x_wconf 93' lang='lat' dir='ltr'><strong><em>D.</em></strong></span> <span class='ocrx_word' id='word_1_359' title='bbox 1885 3344 1939 3386; x_wconf 88' lang='lat' dir='ltr'><strong><em>N.</em></strong></span> 
     </span>
     <span class='ocr_line' id='line_1_44' title="bbox 275 3414 1749 3469; baseline -0.004 -8"><span class='ocrx_word' id='word_1_360' title='bbox 275 3421 342 3461; x_wconf 85' lang='grc'><strong><em>19.</em></strong></span> <span class='ocrx_word' id='word_1_361' title='bbox 376 3419 599 3462; x_wconf 83' lang='lat' dir='ltr'><strong><em>Gervasius</em></strong></span> <span class='ocrx_word' id='word_1_362' title='bbox 629 3423 671 3461; x_wconf 88' lang='lat' dir='ltr'><strong><em>et</em></strong></span> <span class='ocrx_word' id='word_1_363' title='bbox 699 3419 933 3461; x_wconf 86' lang='lat' dir='ltr'><strong><em>Protasius.</em></strong></span> <span class='ocrx_word' id='word_1_364' title='bbox 1429 3417 1502 3457; x_wconf 83' lang='lat'><strong><em>26.</em></strong></span> <span class='ocrx_word' id='word_1_365' title='bbox 1535 3414 1749 3469; x_wconf 88' lang='lat' dir='ltr'><strong><em>Stephani.</em></strong></span> 
     </span>
     <span class='ocr_line' id='line_1_45' title="bbox 271 3484 1967 3544; baseline -0.003 -13"><span class='ocrx_word' id='word_1_366' title='bbox 271 3490 343 3531; x_wconf 78' lang='lat'><strong><em>24.</em></strong></span> <span class='ocrx_word' id='word_1_367' title='bbox 372 3488 586 3531; x_wconf 63' lang='lat' dir='ltr'><strong><em>&gt;Iohannes</em></strong></span> <span class='ocrx_word' id='word_1_368' title='bbox 612 3488 816 3544; x_wconf 82' lang='lat' dir='ltr'><strong><em>baptista.</em></strong></span> <span class='ocrx_word' id='word_1_369' title='bbox 1430 3488 1501 3528; x_wconf 83' lang='grc'><strong><em>27.</em></strong></span> <span class='ocrx_word' id='word_1_370' title='bbox 1535 3484 1738 3527; x_wconf 86' lang='lat' dir='ltr'><strong><em>Iohannis</em></strong></span> <span class='ocrx_word' id='word_1_371' title='bbox 1769 3484 1967 3540; x_wconf 87' lang='lat' dir='ltr'><strong><em>apostoli.</em></strong></span> 
     </span>
     <span class='ocr_line' id='line_1_46' title="bbox 273 3557 1894 3614; baseline -0.002 -13"><span class='ocrx_word' id='word_1_372' title='bbox 273 3558 346 3602; x_wconf 88' lang='lat'><strong><em>29.</em></strong></span> <span class='ocrx_word' id='word_1_373' title='bbox 377 3561 529 3605; x_wconf 84' lang='lat' dir='ltr'><strong><em>Petrus</em></strong></span> <span class='ocrx_word' id='word_1_374' title='bbox 560 3558 796 3614; x_wconf 83' lang='lat' dir='ltr'><strong><em>apostolus.</em></strong></span> <span class='ocrx_word' id='word_1_375' title='bbox 1431 3557 1503 3598; x_wconf 91' lang='lat'><strong><em>28.</em></strong></span> <span class='ocrx_word' id='word_1_376' title='bbox 1537 3557 1683 3609; x_wconf 85' lang='lat' dir='ltr'><strong><em>(Duae</em></strong></span> <span class='ocrx_word' id='word_1_377' title='bbox 1711 3569 1859 3598; x_wconf 81' lang='lat' dir='ltr'><strong><em>eruces.</em></strong></span> <span class='ocrx_word' id='word_1_378' title='bbox 1869 3558 1894 3608; x_wconf 87' lang='lat'><em>)</em></span> 
     </span>
    </p>
   </div>
   <div class='ocr_carea' id='block_1_7' title="bbox 267 3754 2521 3906">
    <p class='ocr_par' dir='ltr' id='par_1_7' title="bbox 267 3754 2521 3906">
     <span class='ocr_line' id='line_1_47' title="bbox 267 3754 2521 3809; baseline -0.001 -20"><span class='ocrx_word' id='word_1_379' title='bbox 267 3759 358 3809; x_wconf 25' lang='lat' dir='ltr'><strong><em>*stim</em></strong></span> <span class='ocrx_word' id='word_1_380' title='bbox 374 3758 534 3799; x_wconf 75' lang='lat' dir='ltr'><strong><em>auctoris,</em></strong></span> <span class='ocrx_word' id='word_1_381' title='bbox 550 3767 610 3800; x_wconf 79' lang='lat' dir='ltr'><strong><em>pm</em></strong></span> <span class='ocrx_word' id='word_1_382' title='bbox 634 3766 710 3790; x_wconf 82' lang='lat' dir='ltr'><strong><em>vero</em></strong></span> <span class='ocrx_word' id='word_1_383' title='bbox 728 3758 847 3791; x_wconf 81' lang='lat' dir='ltr'><strong><em>cosma</em></strong></span> <span class='ocrx_word' id='word_1_384' title='bbox 870 3757 1115 3799; x_wconf 82' lang='lat' dir='ltr'><strong><em>indicopieuste.</em></strong></span> <span class='ocrx_word' id='word_1_385' title='bbox 1136 3757 1246 3797; x_wconf 83' lang='lat' dir='ltr'><strong><em>Neque</em></strong></span> <span class='ocrx_word' id='word_1_386' title='bbox 1269 3754 1332 3787; x_wconf 91' lang='lat' dir='ltr'><strong><em>sub</em></strong></span> <span class='ocrx_word' id='word_1_387' title='bbox 1353 3755 1476 3787; x_wconf 82' lang='lat' dir='ltr'><strong><em>Iustino</em></strong></span> <span class='ocrx_word' id='word_1_388' title='bbox 1494 3754 1641 3796; x_wconf 83' lang='lat' dir='ltr'><strong><em>scripsit,</em></strong></span> <span class='ocrx_word' id='word_1_389' title='bbox 1661 3754 1718 3788; x_wconf 82' lang='lat' dir='ltr'><strong><em>sed</em></strong></span> <span class='ocrx_word' id='word_1_390' title='bbox 1736 3754 1798 3787; x_wconf 86' lang='lat' dir='ltr'><strong><em>sub</em></strong></span> <span class='ocrx_word' id='word_1_391' title='bbox 1817 3754 1995 3788; x_wconf 77' lang='lat' dir='ltr'><strong><em>Iustiniano</em></strong></span> <span class='ocrx_word' id='word_1_392' title='bbox 2013 3755 2099 3788; x_wconf 83' lang='lat' dir='ltr'><strong><em>circa</em></strong></span> <span class='ocrx_word' id='word_1_393' title='bbox 2120 3763 2240 3788; x_wconf 85' lang='lat' dir='ltr'><strong><em>annum</em></strong></span> <span class='ocrx_word' id='word_1_394' title='bbox 2257 3759 2334 3795; x_wconf 75' lang='lat'><strong><em>5³5,</em></strong></span> <span class='ocrx_word' id='word_1_395' title='bbox 2350 3756 2387 3787; x_wconf 80' lang='lat' dir='ltr'><strong><em>ut</em></strong></span> <span class='ocrx_word' id='word_1_396' title='bbox 2408 3754 2521 3787; x_wconf 83' lang='lat' dir='ltr'><strong><em>statuit</em></strong></span> 
     </span>
     <span class='ocr_line' id='line_1_48' title="bbox 273 3807 2519 3853; baseline -0.001 -11"><span class='ocrx_word' id='word_1_397' title='bbox 273 3810 535 3844; x_wconf 63' lang='lat' dir='ltr'><strong><em>montfauconius</em></strong></span> <span class='ocrx_word' id='word_1_398' title='bbox 559 3812 668 3853; x_wconf 78' lang='lat' dir='ltr'><strong><em>operis</em></strong></span> <span class='ocrx_word' id='word_1_399' title='bbox 692 3810 782 3843; x_wconf 84' lang='lat' dir='ltr'><strong><em>illius</em></strong></span> <span class='ocrx_word' id='word_1_400' title='bbox 806 3810 912 3843; x_wconf 82' lang='lat' dir='ltr'><strong><em>editor</em></strong></span> <span class='ocrx_word' id='word_1_401' title='bbox 937 3819 979 3843; x_wconf 77' lang='lat' dir='ltr'><strong><em>ex</em></strong></span> <span class='ocrx_word' id='word_1_402' title='bbox 1006 3809 1117 3842; x_wconf 85' lang='lat' dir='ltr'><strong><em>codice</em></strong></span> <span class='ocrx_word' id='word_1_403' title='bbox 1145 3808 1336 3847; x_wconf 80' lang='lat' dir='ltr'><strong><em>florentino,</em></strong></span> <span class='ocrx_word' id='word_1_404' title='bbox 1361 3807 1418 3849; x_wconf 88' lang='lat' dir='ltr'><strong><em>qui</em></strong></span> <span class='ocrx_word' id='word_1_405' title='bbox 1443 3809 1552 3840; x_wconf 77' lang='lat' dir='ltr'><strong><em>tamen</em></strong></span> <span class='ocrx_word' id='word_1_406' title='bbox 1579 3808 1727 3841; x_wconf 81' lang='lat' dir='ltr'><strong><em>nostrum</em></strong></span> <span class='ocrx_word' id='word_1_407' title='bbox 1756 3816 1888 3850; x_wconf 83' lang='lat' dir='ltr'><strong><em>quoque</em></strong></span> <span class='ocrx_word' id='word_1_408' title='bbox 1915 3808 2100 3841; x_wconf 79' lang='lat' dir='ltr'><strong><em>vaticanum</em></strong></span> <span class='ocrx_word' id='word_1_409' title='bbox 2125 3808 2291 3849; x_wconf 83' lang='lat' dir='ltr'><strong><em>nominat,</em></strong></span> <span class='ocrx_word' id='word_1_410' title='bbox 2314 3807 2349 3840; x_wconf 85' lang='lat' dir='ltr'><strong><em>id</em></strong></span> <span class='ocrx_word' id='word_1_411' title='bbox 2372 3809 2420 3840; x_wconf 79' lang='lat' dir='ltr'><strong><em>est</em></strong></span> <span class='ocrx_word' id='word_1_412' title='bbox 2441 3811 2519 3847; x_wconf 79' lang='grc'><strong>699,</strong></span> 
     </span>
     <span class='ocr_line' id='line_1_49' title="bbox 275 3863 970 3906; baseline -0.001 -10"><span class='ocrx_word' id='word_1_413' title='bbox 275 3871 374 3904; x_wconf 84' lang='lat' dir='ltr'><strong><em>quem</em></strong></span> <span class='ocrx_word' id='word_1_414' title='bbox 397 3870 457 3905; x_wconf 69' lang='lat' dir='ltr'><strong><em>ego</em></strong></span> <span class='ocrx_word' id='word_1_415' title='bbox 477 3863 546 3906; x_wconf 75' lang='lat' dir='ltr'><strong><em>ipse</em></strong></span> <span class='ocrx_word' id='word_1_416' title='bbox 569 3872 668 3897; x_wconf 79' lang='lat' dir='ltr'><strong><em>manu</em></strong></span> <span class='ocrx_word' id='word_1_417' title='bbox 692 3864 841 3897; x_wconf 78' lang='lat' dir='ltr'><strong><em>tractavi.</em></strong></span> <span class='ocrx_word' id='word_1_418' title='bbox 867 3867 903 3896; x_wconf 83' lang='grc' dir='ltr'><strong><em>Α.</em></strong></span> <span class='ocrx_word' id='word_1_419' title='bbox 926 3865 970 3895; x_wconf 79' lang='grc' dir='ltr'><strong><em>Μ.</em></strong></span> 
     </span>
    </p>
   </div>
  </div>
 </body>
</html>
