2970 4420
467 290 561 320 an
1383 292 1555 322 NlCOLAI
1590 289 1813 322 ALEMA‘NNI

434 419 442 425 ο
467 364 596 405 etiam
622 349 842 418 tempore,
870 350 964 406 011111
996 365 1222 420 pervigiles
1252 367 1293 407 in
1326 366 1508 407 ecclesiis
1530 363 1674 406 fideles
1699 365 2018 419 pernoctabant.
2053 367 2103 409 In
2125 367 2234 410 hanc
2255 369 2502 411 sententiam
2532 368 2726 411 rescribit

465 435 741 477 Innocentius
770 435 846 478 lib.
875 438 917 477 3.
945 436 1100 478 decret.
1128 438 1291 479 111.’46.
1317 449 1410 491 cap.
1435 437 1478 486 2.
2243 444 2248 450 ‘

568 512 570 515 ’
1418 509 1556 558 Imaqo
1585 508 1770 548 secunda.

586 578 785 619 Inventae
815 577 868 619 al)
900 578 1055 620 Helena
1087 582 1271 632 augustav
1292 577 1427 619 erucis
1458 576 1782 619 sollemnitatem
1813 578 1964 620 vexillo
1989 579 2176 622 'eiusdem
2205 582 2341 623 crucis
2373 575 2511 635 pictor
2541 582 2718 624 indicat.

464 648 516 690 vIn
549 650 828 692 vetustissimo
859 650 1112 692 lectionario
1135 661 1312 690 romano
1345 661 1393 690 ea
1425 647 1710 701 desideratur,
1737 649 2094 703 quemadmodum
2115 655 2157 692 et
2188 652 2230 692 in
2257 653 2415 706 graecis
2441 654 2717 707 menologiis:

464 732 607 761 mense
639 725 776 773 autem
809 716 1036 775 septembri
1070 725 1154 761 tam
1185 733 1208 761 a
1229 719 1401 761 Graecis
1423 731 1552 773 quam
1581 712 1874 761 Latinis'haec
1904 719 2108 762 festivitas
2139 723 2302 775 agitur,
2327 727 2368 764 et
2396 723 2438 764 in
2470 723 2619 765 eodem
2650 724 2723 765 illo

467 791 713 833 lectionario
731 804 921 833 -romano
951 792 1132 834 habetur
1162 791 1239 832 sub
1272 791 1440 832 nomine
1468 803 1516 832 ae
1536 791 1661 832 titulo
1685 794 1935 832 exaltationis
1964 797 2118 833 sanctae
2142 797 2293 846 crucis,-
2318 794 2527 848 siquidem
2552 796 2723 836 inventa

469 874 570 904 crux
591 862 643 904 ab
669 863 827 904 Helena
855 867 896 905 et
919 863 1107 904 Macario*
1134 862 1336 917 episcopo
1360 861 1758 917 hierosolymitano,
1785 867 1830 904 ut
1860 862 1918 904 ibi
1949 863 1991 904 in
2023 865 2243 916 synaxario
2266 870 2482 918 narratur,
2507 867 2646 908 statim
2670 866 2723 908 ab

468 933 618 974 eodem
648 933 859 987 flagitante
890 933 1051 988 populo
1084 934 1250 974 ostensa
1282 936 1368 984 est,
1393 936 1434 973 et
1464 932 1514 974 inv
1538 932 1718 975 ambone
1748 933 1953 987 exaltata,
1983 933 2094 975 unde
2125 938 2167 976 et
2190 937 2354 977 occasio
2383 937 2581 983 nominis.
2615 938 2723 979 Nam

467 1004 593 1058 longe
609 1009 704 1046 ante
719 1005 897 1046 Heraclii
915 1004 1183 1058 imperatoris
1199 1007 1396 1058 tempora
1411 1003 1519 1045 illud
1537 1004 1787 1062 fuisse-festo
1804 1017 1981 1058 nomen,
2001 1004 2228 1047 ostendunt
2247 1006 2533 1061 antiquiorum
2552 1012 2722 1063 patrum

468 1080 764 1129 monumenta,
787 1088 837 1117 ac
866 1076 1108 1117 testimonia
1139 1078 1323 1129 quoruni
1354 1075 1575 1117 Baronius¹
1592 1077 1803 1128 meminit,
1830 1080 1871 1117 et
1903 1076 1976 1130 qni
1999 1075 2051 1118 de
2073 1089 2198 1118 cruce
2221 1077 2479 1132 seripserunt
2509 1077 2719 1122 auctores

830 1144 831 1147 ’
880 1199 881 1202 ¹
1439 1147 1578 1199 Imaqo
1610 1151 1742 1188 tercia.
2374 1150 2377 1152 ’
2504 1187 2507 1190 .

585 1217 722 1259 Pridie
753 1230 886 1259 nonas
916 1219 1039 1258 maias
1068 1224 1154 1258 11011
1178 1216 1316 1258 50111111
1347 1217 1391 1259 111
1421 1219 1607 1260 romanis
1629 1217 1882 1260 kalendariis
1912 1219 1988 1261 sed
2018 1219 2140 1260 etiam
2162 1219 2205 1260 in
2227 1219 2395 1274 belgico
2428 1224 2541 1262 extat
2568 1218 2723 1262 festum

469 1291 597 1331 sancti
619 1289 818 1330 Iohannis
851 1288 1127 1343 evangelistae
1149 1292 1244 1330 ante.
1274 1293 1443 1346 portam
1475 1290 1674 1343 latinam,
1699 1290 1817 1345 quod
1848 1291 1891 1331 in
1921 1290 2140 1331 Germania
2167 1294 2209 1331 et
2235 1289 2517 1332 adiacentibus
2546 1292 2721 1344 provin-

467 1363 540 1402 ciis
571 1359 772 1401 celebrari
804 1360 1021 1401 Cornelius
1052 1360 1309 1413 Scultingius
1342 1360 1537 1402 affirmat.
1572 1362 1621 1404 ln
1647 1365 1734 1403 tam
1765 1366 1942 1416 angusta
1972 1361 2128 1403 tabella
2155 1363 2220 1402 vix
2248 1361 2368 1403 100115
2398 1362 2571 1416 imagini
2597 1363 2725 1405 relin-

467 1431 696 1485 quebatur,
731 1430 999 1484 qua‘clarius
1030 1430 1134 1471 haee
1169 1431 1345 1485 exprimi
1373 1431 1583 1473 »festivitas
1616 1434 1774 1486 posset.

1429 1504 1566 1555 Imaqo
1597 1509 1756 1556 quarta.

580 1572 659 1613 Hie
686 1571 865 1624 haere03
900 1580 1023 1627 quem
1056 1574 1168 1614 enim
1202 1574 1469 1628 potissimum
1500 1574 1606 1616 haec
1635 1575 1815 1628 imagine
1847 1563 2239 1630 pictorcxprimat,
2266 1576 2430 1618 edicere
2460 1588 2546 1617 non
2570 1576 2717 1618 ausim.

463 1644 565 1684 Nam
597 1657 646 1685 ex
674 1644 747 1696 iis,
772 1656 880 1698 quos
904 1643 956 1686 ad
985 1645 1211 1699 septimum
1239 1644 1334 1687 idus
1361 1645 1462 1687 maii
1491 1645 1774 1699 celebramus,
1801 1646 2031 1700 Gregorius
2058 1647 2330 1688 nazianzenus
2354 1647 2498 1700 paucis
2523 1650 2724 1701 antestan-

464 1717 526 1758 nis
557 1717 599 1757 in
629 1716 770 1758 latinis
800 1716 1061 1759 kalendariis
1083 1722 1277 1772 receptus
1308 1723 1385 1760 est.
1421 1719 1650 1768 Gerontius
1678 1720 1903 1774 episcopus
1933 1718 2181 1772 ficodensiS,
2207 1732 2260 1761 an
2289 1719 2374 1761 huc
2402 1721 2633 1774 pertineat,
2658 1720 2723 1761 vi-

464 1787 586 1829 deant
616 1788 702 1830 alii.
735 1788 846 1830 Illud
870 1789 977 1830 mihi
1008 1790 1246 1831 verosimile
1274 1791 1410 1831 visum
1438 1789 1667 1845 aliquando
1699 1794 1789 1841 est,
1814 1803 1908 1832 cum
1939 1790 2023 1832 hoc
2050 1791 2260 1845 pugillare
2291 1792 2512 1833 nationum
2540 1791 2721 1833 transal-

463 1860 656 1914 pinarum
690 1860 910 1914 permultis
939 1861 1145 1915 probetur
1174 1854 1456 1915 argumentis,
1492 1861 1575 1914 hoc
1607 1861 1729 1915 signo
1757 1862 1896 1902 notari
1925 1862 1994 1902 vel.
2022 1862 2250 1904 Macarium
2279 1862 2562 1917 patriarcham
2586 1862 2724 1904 antio·

464 1932 669 1984 ebenum,
703 1943 829 1985 quem
857 1932 1006 1985 Belgae
1038 1932 1080 1973 in
1115 1932 1200 1974 suis
1230 1932 1520 1974 ecclesiasticis
1554 1932 1671 1973 fastis
1705 1932 1994 1986 conscriptum
2026 1932 2208 1986 habent,
2242 1937 2283 1974 et
2315 1932 2623 1986 religiosissime
2651 1942 2725 1974 co·-

463 2002 580 2055 lunt,
613 2006 661 2043 ut
690 2002 882 2044 Molanus
913 2003 1041 2044 refert
1071 2003 1114 2044 in
1143 2003 1348 2047 indiculo*
1367 2007 1609 2045 sanctorum
1638 2003 1800 2056 Belgii,
1829 2016 1953 2058 quem
1985 2002 2137 2044 obiisse
2167 2015 2276 2045 anno
2307 2003 2527 2045 millesimo
2558 2003 2723 2045 duode-

464 2075 572 2115 cimo
603 2073 807 2116 affirmat:
835 2074 901 2115 vel
927 2074 1149 2116 Nicolaum
1178 2075 1320 2130 Myrae
1347 2070 1600 2124 antistitem:
1619 2068 1742 2117 ¹cuius
1770 2075 1992 2117 translatio
2020 2074 2105 2116 1100
2133 2074 2199 2116 (110
2227 2075 2415 2128 signatur
2442 2075 2485 2116 in
2513 2073 2722 2117 breviario

464 2145 671 2198 anicensi,
704 2145 911 2196 trecensi,
946 2149 988 2186 01
1019 2134 1291 2198 vesontian03
1324 2150 1366 2187 et
1399 2159 1449 2187 ex
1483 2145 1728 2188 kalendario
1754 2141 1970 2200 gallicano
2002 2149 2123 2187 notat
2155 2145 2239 2187 hoc
2268 2146 2422 2188 festum
2452 2146 2562 2188 inter
2594 2158 2719 2201 prae-

463 2216 584 2270 cipua
611 2216 808 2257 Avianus.
835 2216 1017 2258 Pallium
1043 2216 1162 2271 quod
1185 2221 1282 2271 post
1307 2217 1507 2259 humeros
1532 2216 1717 2272 pendere
1741 2217 1958 2269 videmus,
1982 2215 2129 2271 utique
2151 2218 2364 2259 convenit.
2393 2219 2529 2259 Porro
2558 2218 2721 2260 Nicolsai
2767 2219 2770 2222 ”

460 2286 778 2328 translationem
809 2286 962 2328 factam
995 2287 1123 2329 fuisse
1163 2297 1273 2328 anno
1305 2288 1477 2329 Domini
1508 2288 1727 2329 millesimo
1762 2287 2024 2342 octogesimo
2054 2287 2233 2341 septimo
2263 2291 2412 2329 auctor
2440 2291 2503 2329 est
2530 2288 2723 2342 Sigeber-

457 2362 527 2398 tus
557 2358 601 2399 in
636 2357 856 2399 chronico.
926 2365 928 2367 ’
2482 2372 2484 2374 ·

585 2434 587 2436 ’
619 2427 622 2430 ’
1031 2469 1035 2473 ⁴
1213 2477 1217 2483 ¹
1426 2432 1563 2483 Imaqo
1597 2435 1750 2483 quinta.

577 2505 697 2544 Sexta
730 2502 888 2544 decima
922 2502 988 2544 (110
1020 2504 1172 2544 mensis
1204 2504 1298 2544 maii
1335 2504 1378 2544 111
1410 2503 1727 2558 martyrologiis
1760 2504 1882 2545 multi
1918 2508 2140 2545 censentur
2170 2503 2386 2558 episcopi,
2416 2515 2465 2544 ex
2495 2503 2545 2544 iis
2580 2503 2720 2545 nullus

461 2579 643 2628 martyr,
674 2578 837 2628 praeter
866 2587 993 2615 unum
1028 2575 1300 2628 Peregrinum
1336 2573 1598 2616 Antisiodori
1624 2575 1808 2629 primum
1835 2575 2079 2616 antistitem.
2114 2574 2251 2626 Quare
2281 2575 2380 2616 huic
2412 2587 2498 2615 non
2528 2578 2721 2628 pastora-

460 2646 543 2688 lem
580 2645 778 2687 baculum
814 2645 888 2687 sed>
921 2647 1100 2699 insignia
1132 2647 1323 2701 martyrii
1361 2646 1503 2700 pictor
1534 2647 1576 2688 in
1611 2646 1806 2688 manibus
1837 2646 1969 2688 dedit.
2005 2647 2091 2687 Nec
2124 2658 2240 2687 mera
2271 2646 2372 2687 haec
2411 2649 2474 2686 est
2505 2644 2556 2686 de
2592 2646 2721 2687 Pere-

461 2718 584 2770 grino
615 2719 880 2770 coniectura3
915 2730 1009 2759 nam
1040 2717 1285 2759 kalendaria
1316 2718 1572 2773 descriptum
1605 2720 1692 2760 eius
1719 2714 1802 2760 'hac
1839 2718 1905 2760 die
1943 2731 2096 2759 nomen
2128 2717 2311 2770 habent,
2345 2717 2500 2759 seilicet
2533 2717 2721 2759 vaticana

461 2788 546 2831 duo
570 2803 614 2831 n.
637 2791 776 2843 4756,
801 2793 842 2831 et
866 2790 999 2842 4757,
1026 2794 1066 2830 et
1090 2789 1207 2843 quod
1229 2789 1522 2832 Genebrardus
1542 2802 1765 2831 romanum
1789 2789 1994 2844 appellat,
2018 2776 2158 2830 verius
2182 2789 2431 2842 gallicanum
2455 2788 2718 2843 appellasset.

1381 2868 1386 2874 ’
1437 2863 1576 2914 Imaqo
1606 2867 1736 2902 seoeta.
2311 2852 2315 2854 ἡ

577 2933 682 2974 Cum
714 2933 842 2974 semel
881 2931 1306 2986 depraehenderimus
1333 2931 1620 2974 kalendarium
1651 2932 1735 2974 1100
1761 2931 2024 2986 transalpinis
2057 2931 2239 2975 ecclesiis
2269 2930 2313 2972 in
2341 2943 2420 2972 usu
2447 2930 2599 2983 fuisse,
2623 2930 2720 2972 inde

459 3002 638 3056 petenda
668 3007 914 3044 sanctornm
947 3002 1103 3044 notitia
1129 3002 1321 3055 videtur,
1348 3007 1389 3044 et
1416 3015 1465 3044 ex
1497 3015 1638 3044 earum
1670 3002 1826 3044 tabulis
1861 3007 1987 3056 atque
2021 3002 2304 3044 monumentis
2334 3002 2416 3043 hoc
2447 3003 2500 3045 in*
2521 3001 2720 3055 pugillari

462 3072 771 3127 descriptorum
802 3075 974 3114 nomina
1005 3073 1305 3128 depromenda.
1342 3075 1450 3115 Num
1479 3074 1656 3115 fortasse
1685 3074 1755 3115 hie
1785 3078 1847 3115 est
1873 3072 2101 3114 Baudelius
2130 3077 2318 3126 martyr,
2350 3072 2422 3126 qui
2450 3071 2643 3112 Nemausi
2674 3072 2719 3113 in

461 3142 626 3196 Galliis,
653 3149 833 3186 mortem
858 3140 1067 3198 oppetiit3
1090 3144 1361 3198 ibidemque,
1378 3149 1426 3186 111
1450 3145 1676 3198 Gregorius
1697 3144 1937 3193 turonensis
1964 3142 2015 3184 de
2037 3142 2145 3196 glor.
2174 3145 2298 3203 mart.
2326 3153 2420 3196 cap.
2447 3142 2520 3183 78.
2546 3140 2716 3190 scribit,
2760 3169 2765 3179 -.

461 3213 654 3266 religiose
679 3214 863 3255 colitur?
894 3216 1098 3256 Recenset
1125 3215 1236 3256 hunc
1262 3216 1304 3256 in
1332 3228 1408 3257 suo
1433 3214 1678 3258 kalendario
1707 3215 1882 3257 metrico
1907 3213 2244 3256 Wandalbertns.
2279 3214 2343 3254 An
2373 3225 2473 3254 vero
2502 3213 2720 3254 Austasius

463 3287 525 3324 est
553 3284 598 3324 in
625 3283 877 3327 kalendariis
904 3286 1107 3327 vaticanis
1129 3298 1251 3336 num.
1283 3288 1389 3328 3101
1413 3318 1424 3339 ,
1449 3287 1650 3329 014363.
1678 3286 1967 3340 conscriptum
1994 3285 2088 3339 qui⁹
2108 3289 2167 3326 -ut
2195 3297 2245 3325 ex
2274 3283 2455 3325 flocculo
2486 3284 2530 3324 in
2560 3275 2719 3325 vertice
2752 3307 2755 3310 ·

464 3355 687 3396 coniectari
719 3356 841 3407 licet,
876 3357 1093 3398 monastici
1122 3358 1187 3398 vir
1218 3358 1398 3399 instituti
1432 3357 1547 3399 fuit?
1577 3357 1713 3411 quue
1743 3356 1962 3398 confirmat
1994 3355 2249 3397 breviarium
2279 3354 2641 3407 beneventanum,
2674 3354 2719 3395 in

439 3415 549 3479 'qno
584 3425 641 3466 ita
670 3425 873 3479 legimus:
908 3433 1032 3468 saneti
1065 3431 1474 3483 Eustasiimartyris,
1501 3434 1539 3469 et
1567 3430 1673 3469 servi
1701 3430 1790 3468 Dei.
1824 3427 1873 3467 In
1909 3439 1953 3467 re
1985 3430 2073 3468 tam
2103 3426 2264 3467 incerta
2297 3425 2402 3467 nihil
2437 3426 2685 3479 pronuntio.

1031 3547 1034 3558 Ι
1411 3500 1547 3551 Imaqo
1577 3499 1759 3551 septima.
2366 3551 2369 3554 ι

581 3566 660 3606 Hic
695 3570 836 3607 autem
868 3567 962 3620 quis
994 3569 1086 3610 est?
1117 3571 1225 3611 Num
1256 3569 1370 3611 Beda
1402 3569 1684 3611 venerabilis?
1712 3568 1830 3610 euius
1862 3572 1973 3610 certe
2002 3579 2156 3608 nomen
2190 3561 2290 3608 non*
2310 3566 2444 3608 solum
2477 3566 2520 3607 in
2555 3570 2718 3620 marty-

463 3636 631 3690 rologio
662 3645 838 3678 romano
870 3631 950 3678 hae
974 3638 1041 3679 die
1064 3644 1261 3692 notatur,
1286 3634 1505 3683 sedetiam
1532 3642 1575 3683 in
1597 3640 1845 3682 kalendario
1874 3639 2068 3680 vaticano
2095 3650 2212 3679 num.
2241 3639 2348 3678 3101
2366 3637 2387 3678 ἱ)
2412 3638 2474 3678 An
2506 3649 2609 3678 vero
2637 3637 2719 3679 Ra-

463 3707 648 3762 nulphus
675 3711 862 3761 martyr,
890 3708 963 3761 qui
992 3710 1033 3750 in
1059 3721 1168 3762 pago
1197 3711 1462 3755 Atrebatensi
1489 3710 1756 3754 honoratur?
1787 3712 1842 3752 At
1866 3710 1952 3751 eius
1977 3708 2179 3750 memoria
2203 3707 2302 3749 lieet
2325 3708 2402 3749 hac
2429 3708 2627 3761 vigesima
2651 3720 2719 3751 se-

462 3772 597 3832 pti'ma
629 3777 697 3819 die
726 3778 823 3819 maii
854 3779 898 3818 in
926 3788 1103 3821 romano
1133 3782 1439 3835 martyrologio
1464 3782 1695 3834 referatur,
1726 3781 1877 3836 quinto
1907 3785 2044 3822 tamen
2081 3779 2175 3820 idus
2205 3778 2448 3821 novembris
2474 3781 2638 3833 agitur,
2670 3783 2718 3820 ut

465 3847 593 3891 habet
622 3846 910 3890 kalendarium
942 3847 1176 3902 belgicum,
1209 3855 1249 3891 et
1280 3851 1537 3895 breviarium
1573 3851 1855 3905 atrebatense,
1892 3854 2062 3892 auctore
2092 3849 2279 3891 Iohanne
2310 3849 2497 3891 Molano.
