2970 4420
1263 260 1320 292 mi
1353 259 1536 293 munus.
2467 257 2524 301 21

282 341 420 387 simas
454 337 780 401 subiungeret,
808 348 861 387 ut
891 340 1050 388 videre
1073 343 1268 406 quisque
1291 346 1464 407 poterit
1494 346 1543 392 in
1577 343 1943 407 expositionibus
1976 344 2036 392 ab
2059 347 2226 395 eodem
2249 352 2533 402 concinnatis

281 417 329 462 in
361 416 623 462 Hieremiae
659 416 952 478 prophetias,
990 417 1364 474 lamentationes,
1390 429 1438 468 et
1469 421 1713 483 epistolas,
1750 435 1835 467 nec
1868 436 1963 468 non
1995 423 2044 468 in
2077 425 2290 472 vaticinia
2323 428 2528 485 Baruch,

278 507 399 555 quae
424 493 472 538 in
496 493 842 554 antiquissimo,
871 495 1073 556 optimo,
1100 504 1146 542 et
1169 511 1280 543 vere
1310 512 1452 544 aureo
1468 497 1634 564 ‘codice
1658 496 1968 544 bibliothecae
1990 496 2267 547 barberinae
2295 517 2534 552 asservan-

278 577 372 616 tur.
399 571 460 616 Ut
485 584 599 616 vero
623 585 728 634 suas
750 571 1043 633 protheorias
1065 582 1111 620 et
1134 574 1461 637 explicationes
1484 583 1799 630 connecteret,
1828 575 2044 622 formulis
2067 576 2185 630 illis,
2213 593 2328 640 quas
2355 581 2532 643 colligit

276 646 534 693 Comitolus
556 648 720 694 utitur.
747 650 899 710 Atque
923 665 973 694 ιη
996 648 1071 695 lits
1089 662 1234 714 caput
1244 650 1460 714 primum
1483 663 1635 698 sttum
1657 663 1749 698 est.
1771 669 1898 698 nune
1922 652 1992 698 ad
2011 653 2208 699 sec'undt
2227 655 2403 718 capi'tzs
2423 674 2533 720 pro-

272 721 510 768 theoriam
533 723 932 787 aggrediendum.
958 725 1055 772 Sed
1076 726 1134 772 de
1154 726 1358 773 seeundo
1380 727 1538 791 eapite
1562 740 1834 775 tractemus.
1872 728 2035 793 Igitur
2059 730 2232 794 capitis
2258 731 2392 777 tertii
2415 749 2531 796 pro-

276 798 512 846 theoriam
539 800 833 848 instituentes
864 803 1086 851 dicimus.
1121 805 1272 866 Atque
1295 802 1571 851 huiusmodi
1593 818 1662 852 est
1693 805 1990 870 superiorum
2020 823 2236 854 versuum
2268 821 2527 863 sententia,-

275 892 448 940 operae
475 877 688 941 pretium
723 890 884 925 tamen
918 891 1007 930 est,
1037 880 1251 944 singulos
1283 896 1439 928 versus
1460 899 1668 929 seorsum
1697 899 1947 947 exponere.
1983 885 2080 930 Aut
2107 900 2172 929 ex
2196 884 2362 948 priore
2388 886 2534 933 inter-

267 954 541 1017 pretatione
564 954 783 1002 debemus
808 955 1097 1021 intellt'gere3
1129 969 1216 1003 aut
1243 973 1349 1004 vero
1372 959 1441 1004 ad
1472 959 1559 1006 illa
1587 959 1692 1024 ipsa
1719 960 1860 1008 verba
1885 958 2012 1007 bane
2034 962 2319 1008 sententiam
2345 979 2530 1010 accom-

275 1031 511 1093 modabis.
548 1033 698 1095 Atque
728 1032 846 1079 haee
874 1046 942 1080 est
974 1033 1124 1081 verbis
1151 1034 1262 1080 Iobi
1281 1034 1493 1082 subiecta
1517 1037 1772 1089 sententia,
1803 1037 2023 1102 deinceps
2048 1038 2242 1102 singula
2268 1039 2527 1087 videamus,

273 1108 413 1154 Nune
444 1107 598 1172 igitur
630 1108 698 1154 ad
727 1109 964 1173 reliquam
994 1110 1431 1175 interpretationem
1454 1129 1731 1177 pergamus.
1767 1116 1825 1161 Et
1853 1115 1983 1177 quod
2006 1115 2077 1162 illi
2104 1115 2438 1163 validissimum
2463 1119 2532 1163 vi-

275 1185 430 1232 detur.
468 1187 600 1250 Ergo
623 1185 852 1234 historiae
875 1187 984 1234 Iobi
1004 1188 1172 1252 prima
1196 1201 1339 1252 atque
1360 1202 1583 1237 extrema
1605 1204 1714 1238 sunt
1737 1191 2027 1240 huiusmodi.
2065 1196 2216 1256 Atque
2244 1194 2315 1240 ita
2348 1206 2417 1240 est
2441 1211 2525 1240 no-

275 1261 348 1308 bis
380 1262 522 1308 liuius
555 1263 704 1327 ipsius
737 1263 852 1310 libri
881 1265 1165 1329 explanatio
1192 1265 1261 1312 ad
1281 1266 1468 1312 exitum
1501 1267 1732 1315 adducta.
1771 1269 1909 1324 Quod
1928 1269 1974 1316 si
1990 1271 2232 1328 ,nonnulla
2257 1271 2530 1317 coniectura

267 1338 453 1402 potius,
483 1355 629 1402 quam
661 1352 792 1386 certa
823 1340 1232 1406 comprehensione
1267 1343 1403 1389 duc-ti
1433 1343 1736 1407 interpretati
1766 1363 1927 1392 sumus
1940 1384 1950 1397 ,
1990 1363 2106 1393 sane
2137 1359 2260 1393 certe
2294 1347 2348 1394 id
2381 1366 2465 1394 nee
2497 1365 2529 1394 a

268 1415 444 1479 primis
469 1416 627 1468 nobis,
656 1434 741 1462 nee
765 1433 797 1463 a
830 1417 941 1464 solis
963 1430 1030 1464 est
1043 1419 1354 1481 factitatum.
1391 1420 1488 1466 Sed
1506 1419 1595 1466 boe
1619 1421 1774 1484 ipsum
1803 1440 1910 1469 eum
1937 1423 1996 1469 iis
2020 1424 2235 1470 omnibus
2255 1424 2367 1486 suit
2389 1425 2525 1471 nobis

274 1508 546 1544 commune,
586 1494 672 1556 qui
701 1493 845 1541 huius
876 1494 992 1541 libri
1025 1495 1300 1561 interpretes
1333 1509 1379 1542 et
1410 1498 1750 1561 explanatores
1767 1499 1993 1561 suerunt.
2031 1502 2124 1547 Has
2159 1503 2315 1563 itaque
2345 1502 2529 1552 formu-

274 1569 366 1623 las,
392 1585 506 1631 quas
531 1571 921 1634 Olympiodorus,
949 1574 985 1618 si
1011 1581 1162 1620 tamen
1186 1573 1513 1636 olympiodori
1537 1584 1666 1628 sunt,
1688 1577 1736 1621 in
1761 1592 1841 1622 sua
1864 1578 2245 1640 interpretatione
2271 1578 2371 1625 lobi
2395 1596 2529 1626 usur-

272 1656 490 1708 paverat,
520 1656 682 1695 auctor
711 1658 899 1695 catenae
927 1665 1034 1696 cum
1064 1650 1124 1698 ad
1158 1653 1407 1699 sententias
1439 1653 1758 1714 expositorum
1793 1653 2075 1715 colligandas
2108 1655 2352 1702 iudicasset
2388 1659 2529 1719 aptis-

272 1724 433 1776 simas,
462 1740 520 1770 ne
548 1724 608 1771 de
639 1740 726 1771 suo
761 1727 912 1772 minus
946 1729 1124 1789 aptiora
1158 1737 1437 1789 apponeret,
1465 1730 1513 1774 in
1547 1738 1766 1776 contextu
1798 1738 1983 1776 catenae
2018 1732 2288 1785 immiscuit,
2327 1742 2378 1778 ut
2413 1750 2529 1781 con-

270 1802 518 1847 nexionem
543 1802 681 1848 etiam
706 1818 762 1848 ex
796 1802 979 1858 alienis,
1006 1805 1406 1866 quemadmodum
1430 1814 1476 1852 et
1499 1806 1679 1868 reliqua
1705 1806 1818 1860 alia,
1846 1808 2208 1869 ingeniosissime
2233 1823 2529 1872 comparasse

271 1877 628 1926 demonstraret.
664 1881 722 1926 Et
755 1895 854 1926 rem
888 1883 951 1928 ita
983 1897 1032 1928 se
1066 1880 1238 1928 habere
1272 1884 1516 1945 perspicue
1549 1883 1802 1959 intelliget,
1833 1886 1913 1946 qui
1948 1885 2084 1931 hasce
2118 1884 2277 1932 allatas
2311 1902 2337 1933 a
2370 1887 2524 1933 Comi-

269 1954 370 2001 tolo
404 1971 510 2002 cum
544 1956 735 2018 reliquis
767 1958 1122 2021 olympiodori,
1148 1974 1350 2021 quarum
1382 1975 1524 2022 supra
1548 1962 1844 2008 meminimus
1877 1963 1926 2007 in
1959 1962 2240 2008 Hieremiam
2269 1971 2315 2008 et
2345 1964 2526 2011 Baruch

270 2033 640 2095 expositionibus
673 2036 896 2083 conferet.
932 2038 991 2083 Et
1022 2037 1110 2084 hae
1144 2046 1329 2084 nostrae
1353 2039 1645 2085 coniecturae
1669 2054 1758 2101 pro
1786 2040 1946 2086 Niceta
1980 2038 2200 2086 adversus
2224 2040 2312 2102 01)
2317 2042 2529 2103 mpiodo-

268 2126 375 2157 rum
409 2119 534 2157 sunt.
572 2112 928 2160 Committantur
951 2115 1106 2175 itaque
1141 2116 1435 2161 coniecturae
1468 2130 1575 2161 cum
1598 2117 1898 2169 coniecturis,
1927 2111 1972 2162 et
1998 2131 2111 2162 vero
2136 2116 2435 2164 similioribus
2460 2127 2529 2164 at-

269 2188 505 2235 tendatur.
542 2191 704 2252 Neque
737 2192 860 2236 enim
893 2191 942 2236 id
975 2191 1095 2237 mihi
1123 2207 1293 2254 arrogo
1327 2182 1506 2239 certum
1540 2193 1730 2239 huiusce
1763 2202 1950 2240 catenae
1976 2202 2242 2255 parentem,
2270 2210 2295 2240 e
2321 2194 2525 2241 tenebris

268 2273 456 2318 erutum
490 2267 774 2328 antiquitatis
798 2276 903 2314 ante
927 2270 1219 2316 curiosorum
1244 2269 1407 2316 oculos
1441 2285 1638 2332 ponere,
1665 2279 1711 2317 et
1736 2271 1955 2317 latentem
1990 2272 2039 2317 in
2072 2280 2285 2332 apertum
2308 2271 2520 2318 educere.

267 2342 325 2387 Et
358 2351 411 2388 ut
443 2336 831 2404 ingenue'fatear,
863 2360 952 2406 pro
975 2345 1319 2408 Olympiodoro
1345 2355 1670 2408 argumentum
1703 2347 2071 2393 efficacissimum
2104 2346 2265 2401 fuerit,
2292 2357 2445 2410 patres
2478 2350 2526 2394 in
2576 2384 2581 2387 -

268 2418 356 2466 hac
389 2427 548 2466 catena
582 2419 821 2474 laudatos,
849 2436 1012 2468 omnes
1045 2431 1152 2468 ante
1182 2437 1356 2469 annum
1388 2424 1791 2476 sexcentesimum,
1821 2425 1940 2470 circa
1971 2439 2091 2484 quae
2122 2433 2331 2486 tempora
2365 2425 2527 2486 Olym-

267 2495 521 2557 piodorum
556 2512 744 2559 quoque
778 2498 989 2558 floruisse
1022 2514 1134 2546 vero
1167 2500 1457 2547 simillimum
1495 2509 1562 2547 est
1605 2502 1868 2563 scripsisse,
1906 2501 2181 2562 nullumque
2221 2503 2302 2564 qui
2338 2511 2443 2564 post
2478 2503 2525 2547 id

266 2580 452 2634 tempus
474 2573 688 2620 floruerit
713 2574 899 2621 adduci.
928 2576 1065 2630 Quod
1087 2577 1248 2639 utique
1268 2593 1366 2624 non
1391 2577 1496 2624 facit
1520 2579 1723 2632 NicetaS‚
1751 2579 1832 2640 qui
1855 2593 2002 2639 quum
2024 2578 2108 2624 illo
2132 2578 2271 2639 longe
2298 2581 2525 2625 recentior

268 2651 352 2702 sit,
378 2650 524 2695 multa
546 2666 602 2696 ex
626 2650 840 2697 Simeone
862 2653 1196 2715 metaphraste,
1224 2656 1382 2701 Niceta
1406 2655 1608 2710 Davide,
1637 2655 1842 2701 Iohanne
1867 2655 2168 2709 damasceno,
2197 2655 2400 2701 Iohanne
2425 2671 2524 2717 geo-

267 2735 441 2779 metra,
469 2728 633 2773 Cosma
657 2728 888 2774 monacho
913 2736 957 2774 et
983 2729 1107 2783 aliis,
1133 2731 1213 2792 qui
1239 2740 1346 2793 post
1367 2747 1420 2778 ea
1443 2740 1656 2794 tempora
1679 2733 1917 2784 vixerunt,
1950 2733 1999 2777 in
2023 2733 2116 2777 suis
2140 2733 2313 2777 catenis
2339 2741 2525 2778 mutua-—

268 2813 363 2851 tur.
401 2805 455 2850 Id
489 2806 527 2850 si
558 2807 785 2852 momenti
819 2805 1012 2853 alicuius
1045 2823 1141 2853 non
1174 2817 1272 2861 est,
1309 2811 1466 2856 nescio
1500 2811 1614 2872 quid
1649 2811 1775 2857 aliud
1812 2811 1970 2857 fuerit:
2009 2828 2103 2858 non
2136 2813 2305 2858 evincit
2341 2820 2518 2862 tamen,

269 2881 664 2944 olympiodorum
702 2881 893 2929 huiusce
932 2890 1117 2929 catenae
1152 2893 1387 2931 auctorem
1428 2885 1597 2932 fuisse:
1635 2903 1742 2933 cum
1776 2887 1934 2933 forsan
1972 2903 2028 2933 ex
2065 2888 2136 2934 his
2170 2888 2243 2933 vel
2280 2887 2380 2933 aliis
2411 2890 2521 2933 scri-

268 2958 485 3021 ptoribus
519 2958 882 3011 recentioribus,
911 2959 1041 3020 quod
1078 2960 1136 3005 ad
1170 2962 1464 3023 propositum
1499 2962 1694 3014 faceret,
1732 2963 1805 3009 vel
1842 2978 1938 3009 non
1967 2965 2219 3015 invenerit,
2254 2963 2326 3008 vel
2362 2965 2522 3009 inven-

265 3043 391 3088 tum,
422 3036 736 3098 prolixitatem
771 3035 1019 3097 effugiens,
1046 3036 1327 3098 neglexerit,
1355 3040 1614 3100 praecipuis
1645 3039 1975 3085 tantummodo
2006 3038 2216 3101 patribus
2240 3040 2287 3084 in
2322 3039 2408 3085 hac
2441 3056 2521 3086 ex·—

265 3115 497 3176 positione
521 3122 784 3161 contentus.
821 3115 980 3175 Neque
1013 3115 1136 3160 enim
1169 3117 1324 3162 omnia
1359 3115 1582 3162 adnotare
1611 3131 1774 3162 omnes
1808 3117 2044 3178 cogimur;
2077 3116 2158 3162 sed
2183 3116 2369 3178 genium
2393 3119 2521 3178 quis-

265 3207 358 3253 que
390 3192 600 3254 sequitur
631 3207 786 3237 suum.

379 3268 500 3315 Ante
523 3284 664 3330 quam
689 3268 870 3322 finiam,
894 3269 1012 3316 illud
1035 3271 1173 3317 etiam
1198 3269 1497 3332 subiungam,
1518 3271 1566 3315 in
1589 3285 1827 3316 sermones
1850 3269 2058 3331 Gregorii
2073 3271 2340 3316 nazianzeni
2363 3278 2518 3316 extare

255 3353 366 3390 tum
390 3346 575 3391 Nicetae
602 3345 932 3400 heracleensis,
964 3355 1063 3393 tum
1087 3348 1214 3394 Eliae
1240 3347 1456 3394 cretensis
1485 3347 1842 3399 commentaria,
1874 3361 1927 3391 ea
1960 3345 2276 3399 distinctione,
2306 3355 2357 3393 ut
2386 3348 2519 3394 Nice-

265 3430 340 3469 tae
363 3422 477 3468 sint:
516 3410 589 3472 εἷς
614 3409 734 3473 τοὺς
764 3410 946 3474 λόΓους
975 3412 1095 3475 τοὺς
1123 3411 1605 3485 οἰναΓινωσκομένους
1624 3455 1636 3475 ,
1665 3439 1716 3467 ιη
1737 3437 1973 3468 sermones
1995 3422 2081 3484 qui
2101 3423 2340 3486 leguntur.
2367 3424 2513 3477 Eliae,

263 3499 314 3545 in
345 3513 583 3545 sermones
614 3487 734 3550 τοὺς
766 3513 833 3560 μη
872 3489 1427 3562 οἱναγινωσκομένους,
1440 3516 1490 3544 in
1518 3515 1594 3544 eos
1625 3499 1710 3561 qui
1736 3515 1831 3544 non
1865 3499 2106 3562 leguntur.
2146 3502 2324 3547 Primos
2356 3502 2519 3551 sexde-

264 3575 394 3627 cim,
387 3575 638 3622 secundos
673 3576 1043 3639 vigintiquinque
1075 3586 1337 3624 numerant.
1375 3577 1621 3632 Quaeritur
1663 3590 1688 3622 a
1724 3576 1964 3624 nonnullis
1993 3576 2221 3624 vocabula
2257 3578 2369 3625 haec
2402 3579 2515 3639 quid

263 3649 388 3697 sint?
420 3651 472 3697 ln
499 3659 723 3713 promptu
744 3654 988 3715 responsio
1016 3662 1107 3700 est:
1145 3641 1606 3715 ἀναγινωσκόμενοι
1640 3660 1771 3706 sunt,
1798 3653 1879 3715 qui
1905 3654 1951 3700 in
1977 3655 2179 3701 ecclesiis
2204 3655 2319 3717 legi,
2345 3671 2513 3717 quem-

266 3716 521 3774 admodum
545 3736 592 3774 et
615 3728 814 3781 aliorum
835 3739 1022 3792 patrum
1053 3731 1222 3792 scripta
1253 3731 1373 3776 inter
1404 3729 1560 3776 divina
1594 3730 1745 3776 officia
1778 3729 1951 3777 ibidem
1983 3739 2243 3781 sueverant.
2282 3719 2513 3778 Minim—

262 3792 653 3865 γινωσκόμενοι,
687 3805 767 3866 qui
802 3805 998 3853 silebant
1040 3807 1089 3852 in
1128 3806 1356 3861 ecclesiis,
1393 3805 1498 3852 licet
1531 3805 1724 3868 singulis
1755 3808 2003 3853 momentis
2040 3807 2332 3854 eruditorum
2366 3809 2516 3854 mani-
