2970 4420
919 320 924 324 ,
1147 276 1204 306 DE
1236 274 1502 307 rnssonoms.
2368 259 2456 305 123

198 359 253 407 P.
283 351 439 410 Ὠσηὲ
476 348 599 423 μὲν,
627 348 712 405 καὶ
743 350 930 414 Ἰωὴλ,
961 350 1046 405 καὶ
1081 348 1279 423 Ἀμώς,
1307 350 1391 406 καὶ
1423 352 1665 420 Μιχαίας
1701 348 1750 401 οἱ
1787 345 2031 422 μακάριοι
2067 351 2323 419 προφῆται
2357 373 2458 404 κοι-

200 428 280 487 νὸν
311 428 437 503 πρὸς
472 426 674 483 ἅπαντα·
707 428 798 498 (ι).

326 517 380 562 ln
414 514 705 578 exponendis
736 529 926 577 quoque
950 516 1059 561 novi
1089 515 1350 561 testamenti
1382 512 1701 561 voluminibus
1735 511 1944 558 sedulam
1977 526 2168 573 operam
2195 512 2458 560 collocavit.

199 595 319 641 Hinc
346 609 401 640 ex
424 594 524 640 eius
556 594 893 639 commentario
918 592 968 638 in
993 591 1291 638 Matthaeum
1318 591 1407 645 lib.
1431 593 1468 638 1.
1495 599 1541 638 et
1565 593 1640 638 lv.
1668 590 1899 654 quaedam
1932 590 2184 636 recitantur
2217 590 2267 636 in
2301 590 2463 637 eadem

202 670 386 733 synodo
421 670 579 716 collat.
607 671 662 722 Ιι,
690 678 735 716 et
772 670 896 732 apud
929 669 1200 716 Facundum
1234 668 1318 715 lib.
1347 670 1426 714 ln.
1455 684 1557 731 cap.
1585 670 1634 714 2.

183 732 192 741 s
329 750 397 795 Ex
430 748 769 794 commentario
800 749 911 794 item
947 747 998 792 in
1033 749 1213 792 Lucam
1247 746 1476 808 quaedam
1502 746 1647 808 ipsius
1677 745 1936 791 afferuntur
1968 744 2018 789 in
2047 742 2211 790 eodem
2244 745 2465 798 concilio,

203 832 249 871 et
279 823 523 886 complura
561 825 607 869 in
644 825 817 870 catenis
851 823 1025 885 graecis
1058 824 1107 868 in
1141 824 1290 868 Lucae
1324 823 1635 883 evangelium.
1691 857 1697 862 .

334 900 743 956 Quemadmodum
777 909 823 946 et
852 916 906 947 ex
941 900 1276 946 commentario
1308 900 1356 944 in
1388 899 1645 946 Iohannem
1668 897 1753 944 lib.
1783 899 1819 944 1.
1847 905 1894 946 et
1930 895 2014 943 lib.
2042 898 2119 943 vl.
2148 896 2397 961 pleraque,
2424 906 2470 945 et

204 991 231 1025 a
263 977 486 1024 Facundo
519 977 605 1024 lib.
635 979 713 1024 lx.
742 994 847 1040 cap.
875 979 923 1024 3.
951 977 1198 1039 quaedam.

334 1055 648 1116 Expositionis
677 1055 884 1101 eiusdem
918 1055 966 1100 in
995 1063 1095 1100 acta
1126 1053 1451 1115 apostolorum
1475 1053 1688 1099 meminit
1715 1053 1993 1098 Iustinianus
2023 1052 2279 1112 imperator
2299 1052 2348 1097 in
2375 1051 2472 1098 edi-

206 1140 282 1178 cto
315 1131 376 1178 de
409 1130 504 1177 fide
538 1131 825 1183 orthodoxa,
854 1132 985 1177 cuius
1018 1131 1297 1192 principium
1330 1138 1423 1183 est,
1461 1117 1654 1180 εἰδότες
1689 1119 1754 1179 ὥς
1784 1117 1944 1173 οὖὸεᾞν
1981 1115 2055 1171 Το
2084 1116 2137 1171 δὲ
2172 1118 2350 1192 χεῖρον
2388 1115 2468 1172 ότι

210 1198 257 1253 ἐν
289 1198 354 1268 τῇ
385 1221 482 1252 των
516 1197 774 1271 πράξεων
784 1221 883 1252 των
919 1195 1220 1251 ἀποστόλων
1255 1195 1503 1270 γενομένη
1540 1197 1651 1268 παρ’
1687 1196 1849 1248 αυτοῦ
1883 1193 2099 1251 ὃηθεν“
2081 1200 2315 1269 ερμκνείᾳ
2350 1218 2474 1267 συγ-

211 1279 382 1348 κρίνων
413 1275 437 1327 ὁ
470 1275 624 1336 αὐτὸς
656 1272 925 1347 Θεόδωρος
952 1273 1039 1328 τόν
1068 1271 1300 1345 ΧρισὙόν.
1339 1283 1478 1337 Quod
1503 1294 1663 1327 autem
1690 1282 1897 1328 (leterius
1917 1294 2009 1333 est,
2035 1281 2183 1327 etiam
2212 1281 2262 1326 in
2285 1280 2476 1344 exposi-

212 1361 360 1412 tione,
385 1376 531 1424 quam
552 1360 602 1406 in
626 1373 738 1407 acta
764 1360 1085 1424 apostolorum
1108 1358 1393 1422 composuit,
1417 1358 1542 1404 idem
1566 1357 1830 1406 Theodorus
1852 1369 2103 1422 comparat
2129 1356 2365 1404 Christum
2384 1366 2474 1404 etc.

159 1467 172 1475 ἰ
210 1439 278 1484 Ex
313 1437 453 1484 huius
481 1438 785 1499 expositionis
819 1436 944 1483 libro
976 1437 1013 1481 Ι.
1042 1435 1309 1482 referuntur
1343 1434 1498 1497 aliqua
1530 1436 1579 1481 in
1611 1435 1776 1482 eadem
1809 1435 1992 1496 synodo
2029 1434 2186 1480 collat.
2220 1433 2360 1480 dicta.

342 1514 475 1560 Illius
507 1515 645 1560 etiam
677 1515 1014 1576 expositionem
1041 1512 1092 1558 in
1121 1512 1375 1575 epistolam
1403 1511 1473 1557 ad
1503 1513 1739 1557 Romanos
1766 1512 1977 1559 meminit
2009 1511 2255 1557 Facundus
2282 1510 2368 1557 lib.
2398 1513 2476 1556 111.

212 1606 315 1653 cap.
345 1593 393 1638 6.
420 1593 479 1637 Et
510 1605 568 1637 ex
601 1590 767 1637 iisdem
800 1590 1030 1652 quaedam
1066 1589 1272 1635 adducit.
1309 1590 1377 1635 Ex
1410 1588 1574 1635 eadem
1606 1590 1986 1651 interpretatione
2020 1588 2250 1649 quaedam
2283 1588 2481 1638 recitan-

217 1678 294 1716 tur
325 1670 374 1715 in
404 1669 567 1730 quinta
600 1669 784 1729 synodo
815 1669 974 1715 collat.
1003 1668 1127 1714 dicta
1162 1667 1243 1730 (2).
2453 1676 2455 1678 '

343 1745 537 1806 Scripsit
565 1759 754 1806 quoque
788 1743 966 1790 librum
994 1760 1075 1791 seu
1110 1745 1499 1790 commentarium
1522 1761 1586 1789 m
1625 1743 1891 1804 symbolum
1927 1742 2204 1792 nicaenum,
2238 1743 2484 1788 sententias

214 1826 399 1884 patrum
439 1821 497 1867 ad
536 1836 646 1867 suos
678 1837 862 1870 errores
893 1820 1272 1883 comprobandos
1305 1822 1607 1883 detorquens.
1646 1821 1924 1866 Iustinianus
1958 1821 2213 1882 imperator
2248 1820 2295 1864 in
2331 1819 2485 1865 edicto

216 1915 359 1961 supra
392 1898 601 1944 laudato.
633 1888 786 1941 Ἂλλ’
819 1886 935 1942 οὐδὲ
970 1886 1295 1962 Θεόδωρος’
1271 1912 1295 1940 ο
1330 1885 1568 1948 ἕλλκνοίς-
1582 1909 1633 1940 τε
1664 1886 1747 1940 καὶ
1785 1884 2048 1946 ἷουὸαίους
2078 1909 2160 1940 και
2193 1883 2374 1946 mimae,-
2405 1886 2484 1938 αἱ·

217 1965 447 2040 ρετικοὺς
483 1965 547 2034 τῇ
577 1966 791 2038 ἀσεβείᾳ
820 1963 1290 2059 ὑπερβαλλόμενος·
1322 1960 1469 2025 οὗτος
1498 1987 1604 2058 γαρ
1620 1963 1755 2038 πρὸς
1783 1986 1902 2024 ταις
1936 1961 2133 2024 α’λλαις
2161 1962 2323 2016 αὐτοῦ
2355 1968 2487 2028 βλα-

216 2046 494 2113 σφκμίαις,
526 2042 620 2094 οὔκ
653 2021 869 2115 κρκέσθη
897 2058 966 2114 τῳ
995 2065 1121 2114 προς
1154 2041 1241 2098 τὴν
1270 2037 1404 2096 ἰδίαν
1429 2039 1624 2098 πλανκν
1651 2063 2057 2113 παρερμηνευσαι
2094 2038 2358 2111 σύμβολον
2388 2053 2486 2094 των

215 2123 517 2191 τριακοσίων
548 2115 674 2172 δέκα
701 2141 785 2172 και
820 2117 949 2173 ὄκτῶ
981 2119 1146 2192 ἁγίων
1181 2116 1438 2192 πατέ,ρων
1467 2114 1615 2171 ἄλλα
1645 2141 1727 2174 και
1754 2115 2126 2191 περιφρονήσας
2155 2114 2369 2179 τούτου,
2397 2138 2482 2170 και

214 2196 279 2249 τοὶ
317 2195 454 2269 ἑξῆς
489 2206 652 2267 Neque
677 2204 775 2268 ipse
802 2204 1093 2256 Theodorus,
1124 2205 1211 2268 qui
1236 2221 1482 2269 paganos,
1514 2204 1732 2255 iudaeos,
1763 2220 1822 2250 ac
1845 2220 2004 2250 omnes
2030 2202 2293 2250 haereticos
2321 2202 2485 2267 impie-

216 2294 318 2328 tate
347 2281 606 2346 superavit.
644 2282 774 2328 Huic
805 2283 933 2328 enim
957 2294 1155 2346 praeter
1188 2282 1316 2328 allas
1350 2281 1670 2345 blasphemias
1702 2298 1797 2327 non
1824 2281 2072 2343 satisfuit
2106 2293 2217 2344 apte
2247 2280 2317 2326 ad
2347 2297 2484 2327 suum

217 2374 425 2404 errorem
458 2356 714 2421 perfidiose
746 2352 1059 2422 interpretari
1089 2358 1355 2420 symbolum
1393 2359 1512 2404 CCC.
1548 2358 1708 2403 decem
1743 2369 1789 2405 et
1822 2369 1925 2403 octo
1962 2368 2236 2403 sanctorum
2266 2368 2483 2420 patrum.

218 2435 324 2480 Sed·
344 2445 610 2496 contempto
644 2434 726 2480 illo
759 2443 850 2481 etc.
887 2435 953 2481 Ex
984 2435 1070 2480 hac
1103 2434 1305 2496 symboli
1338 2435 1519 2482 nicaeni
1553 2436 1933 2498 interpretatione
1961 2434 2190 2497 quaedam
2223 2431 2488 2480 referuntur

220 2515 269 2559 in
291 2514 347 2559 V.
381 2511 565 2573 synodo
602 2512 760 2559 collat.
788 2528 925 2574 saepe
958 2506 1051 2558 iam'
1083 2514 1333 2576 praedicta.

349 2591 510 2650 quue
544 2588 732 2635 tandem
767 2598 1065 2652 contempto,
1102 2591 1286 2652 scripsit
1317 2592 1416 2652 ipse
1450 2599 1598 2637 marte
1631 2591 1827 2653 proprio
1862 2590 2128 2653 symbolum
2167 2592 2296 2637 omni
2327 2592 2489 2654 impie-

223 2673 318 2711 tate
352 2666 572 2727 plenum,
599 2666 648 2710 in
672 2665 857 2750 sy’nodo
880 2665 1098 2727 ephesina
1122 2676 1168 2713 et
1192 2667 1545 2715 chalcedonensi
1571 2668 1743 2714 lectum
1766 2677 1812 2714 et
1843 2668 2220 2714 condemnatum.
2258 2668 2388 2714 Idem
2414 2670 2489 2713 lu-

225 2744 330 2788 stini
335 2758 451 2790 anus
481 2741 676 2788 ibidem.
709 2731 887 2786 Αλλοὶ
922 2733 1291 2815 περιφρονήσας
1326 2732 1541 2797 τούτου,
1575 2731 1738 2829 ἕτερον
1775 2733 2037 2805 σύμβολον
2075 2733 2293 2806 ἐξέθετο
2327 2732 2488 2794 ποίσκς

227 2809 468 2876 ἀσεβείας
499 2806 938 2879 ωεπλκρωμενον,
979 2831 1026 2862 εν
1061 2832 1097 2881 ῳ
1137 2811 1519 2882 οἷναθεματίσαι
1556 2808 1676 2873 τούς
1715 2809 1894 2884 ἑτέρως
1930 2811 2234 2883 φρονοῦντας
2273 2808 2496 2881 ἔτόλμκ.

227 2903 325 2940 σεν·
362 2883 487 2939 ω’στε
524 2882 639 2939 όσον
675 2883 807 2936 κατοὶ
841 2906 926 2941 την
966 2884 1154 2939 εκείνου
1188 2892 1372 2955 μανίαν
1392 2885 1611 2948 ωοίντας
1645 2886 1764 2948 τοὺς
1799 2885 1989 2982 ἁγίους
2027 2884 2364 2948 ἀποστόλους
2399 2909 2482 2939 και

227 2960 466 3033 «πατέρας
508 2963 927 3034 κατακεκρίσθαι·
962 2983 1117 3014 τουτο
1163 2959 1220 3014 δέ
1260 2986 1318 3016 το
1363 2962 1548 3029 οἰσεβες
1589 2961 1860 3036 Θεοδώρου
1898 2961 2164 3034 σύμβολον
2206 2986 2290 3016 και
2338 2963 2386 3017 ἓν
2426 2984 2484 3017 τη

232 3039 336 3092 κατ’
365 3036 582 3103 ’Έφεσον
616 3059 783 3110 πρωτῃ
821 3034 1047 3109 συνόδῳ,
1077 3060 1160 3090 και
1203 3038 1249 3092 ἐν
1277 3037 1574 3096 Χαλκηδόνι
1606 3037 1969 3110 haymo-&em
1998 3039 2074 3104 ὑφ’
2109 3038 2350 3111 ἑκατέρας
2384 3061 2490 3093 συν-

232 3112 358 3168 όδου
398 3137 531 3187 μετα
563 3136 652 3166 του
694 3113 972 3185 εκθεμένου
1018 3135 1098 3166 και
1145 3138 1243 3168 των
1281 3112 1570 3187 δεξαμένων
1602 3115 1727 3169 αυτό
1772 3119 2066 3188 κατεκρίθη.
2102 3125 2198 3170 Sed
2228 3136 2491 3188 contempto

227 3202 338 3252 illo,
375 3201 516 3248 aliud
544 3200 768 3264 procudit
804 3200 1070 3263 symbolum
1107 3201 1240 3247 omni
1273 3201 1519 3265 impietate
1555 3202 1810 3263 refertum,
1850 3202 1900 3247 in
1936 3218 2028 3264 quo
2070 3202 2218 3247 etiam
2259 3202 2493 3248 damnare

228 3294 374 3325 ausus
403 3290 473 3324 est
503 3295 580 3324 eos
605 3278 690 3341 qui
722 3277 865 3323 aliter
898 3277 961 3323 ab
987 3277 1087 3341 ipso
1121 3278 1373 3330 sentirent,
1399 3290 1453 3324 ut
1481 3278 1714 3341 quantum
1749 3278 1798 3324 in
1823 3294 1870 3325 se
1903 3278 2049 3324 situm
2082 3291 2208 3330 erat,
2237 3279 2492 3337 damnave-

229 3354 295 3400 rit
318 3371 478 3401 omnes
501 3367 691 3401 sanctos
717 3355 953 3418 apostolos
984 3366 1029 3399 et
1052 3366 1234 3417 patres.
1271 3356 1376 3401 IIoc
1402 3367 1564 3401 autem
1593 3354 1795 3418 impium
1827 3353 2058 3401 leeodori
2078 3356 2344 3419 symbolum
2373 3368 2418 3402 et
2443 3356 2494 3402 in

269 3508 270 3511 =
315 3487 364 3528 (1)
389 3484 522 3521 Nescio
554 3495 621 3522 cur
645 3484 808 3523 Allatius
839 3486 993 3523 reticeat
1023 3484 1068 3521 de
1092 3485 1269 3522 Zacharia
1293 3490 1330 3522 et
1353 3484 1551 3522 Malachia.
1578 3484 1715 3532 Utique
1738 3483 1935 3522 Zacharias
1959 3483 2062 3522 deest
2085 3484 2126 3522 in
2150 3484 2372 3533 codice-vat.
2401 3488 2493 3530 618,

231 3553 342 3590 quem
367 3543 491 3580 solum
516 3543 651 3587 vidisse
677 3544 857 3582 Allatium
884 3549 986 3592 puto.
1014 3543 1156 3581 Ibidem
1181 3549 1305 3581 tamen
1331 3543 1534 3581 Malachias
1558 3554 1635 3580 non
1660 3542 1798 3580 deerat.
1824 3545 1901 3582 Nos
1923 3555 2008 3582 vero
2033 3544 2182 3582 tandem
2204 3545 2328 3594 adepti
2353 3545 2493 3586 colum·

233 3612 384 3639 nensem
410 3602 576 3640 codicem
602 3610 855 3651 pervetustum
881 3614 965 3640 cum
994 3603 1230 3650 integerrimo
1255 3603 1518 3640 commentario
1542 3603 1792 3650 Mopsuesteni
1818 3603 1867 3640 ad
1889 3605 1978 3642 XII.
2005 3605 2202 3652 prophetas
2227 3609 2363 3653 (quem
2395 3604 2494 3642 codi-

237 3670 317 3697 cem
343 3662 461 3708 pretio
485 3668 649 3710 emptum
676 3663 715 3700 in
739 3665 927 3701 vaticanos
949 3663 1090 3710 pluteos
1114 3663 1333 3708 intulimus)
1357 3662 1693 3711 praeclarissimum
1719 3663 1789 3700 hoc
1812 3664 2062 3712 Mopsuesteni
2085 3675 2179 3712 opus
2204 3664 2432 3717 vulgavimus
2457 3665 2495 3700 in

242 3719 375 3766 Script.
401 3727 470 3757 vet.
498 3727 601 3758 tomo
627 3724 697 3767 VI,
725 3728 762 3760 et
785 3734 904 3771 nuper
929 3722 1079 3760 demum
1106 3722 1288 3759 latinitate
1313 3732 1459 3770 quoque
1484 3726 1603 3759 totum
1629 3721 1859 3775 donavimus.
1886 3726 1935 3760 A.
1959 3725 2012 3760 M.

321 3781 370 3821 (2¹)
394 3777 540 3816 Partem
566 3782 804 3828 exposittonis
829 3782 942 3819 huius
971 3782 1010 3818 in
1036 3792 1093 3830 ep.
1122 3780 1168 3818 ad
1194 3783 1302 3819 Rom
1330 3781 1516 3830 insignem
1547 3792 1676 3830 graece
1706 3792 1775 3820 nos
1799 3781 1984 3821 edidimus
2014 3784 2055 3820 in
2085 3784 2210 3832 Spicil.
2238 3794 2334 3821 rom.
2360 3785 2403 3820 T
2432 3785 2494 3819 lv.

239 3845 276 3881 p.
302 3839 391 3872 499·
395 3840 478 3873 5⁷3
505 3840 550 3874 A.
577 3840 630 3875 M.

2249 3908 2267 3924 ἡ
