2970 4420
2431 254 2523 302 513

735 361 846 413 DE
905 358 1398 428 SEQUENTE
1458 355 2051 410 BIOGRAPHIA

1203 555 1585 608 ΜοΝιΤυΜ.

268 751 431 848 Quum
461 787 504 825 in
533 784 661 825 codice
691 786 870 824 vaticano
901 782 1026 825 1205.
1049 784 1280 823 occurrisset
1309 780 1411 821 mihi
1437 782 1520 820 vita
1549 779 1591 820 S.
1616 777 1912 819 Bartholomaei
1940 776 2130 825 iunioris,
2165 773 2237 826 qui
2257 772 2346 830 suit
2374 774 2416 814 S.
2450 774 2536 813 Nili

262 869 385 910 aeque
416 857 583 897 iunioris
612 856 854 908 discipulus,
887 860 926 896 et
954 858 997 895 in
1021 857 1208 907 proximo
1242 853 1353 894 nobis
1386 852 1588 892 tusculano
1622 848 1944 903 Cryptoserratae
1978 846 2274 887 Basilianorum
2303 847 2536 885 monasterio

255 933 349 982 post
377 930 494 970 illum
524 932 690 980 quartus
719 927 860 978 abbas,
888 927 1062 978 abiitque
1092 925 1147 975 ad
1174 926 1302 965 Deum
1325 935 1428 963 anno
1453 923 1600 963 Christi
1629 921 1761 973 1065,
1785 920 1964 960 dolebam
1992 917 2172 970 equidem
2196 916 2298 956 tanti
2317 916 2398 956 viri
2419 916 2539 956 hi-sto

262 1001 388 1052 riam,
421 1000 610 1051 oriqinali
633 999 872 1040 Graecorum
904 1002 941 1038 et
969 998 1056 1038 eius
1083 997 1311 1037 monasterii
1341 995 1481 1046 linqua
1501 996 1711 1045 scriptam,
1739 995 1897 1032 auctore
1918 994 1965 1030 ut
1985 992 2123 1030 merito
2152 989 2328 1030 creditur
2345 989 2452 1028 Luca
2480 1001 2540 1027 se-

256 1075 384 1125 ptimo
415 1071 577 1122 abbate,
606 1070 678 1122 qui
705 1070 851 1122 viqinti
878 1071 993 1110 annis
1019 1072 1107 1121 post
1137 1067 1483 1108 Bartholomaeum
1513 1064 1638 1115 obiit,·
1666 1064 1868 1110 dolebam,
1892 1065 2076 1114 inquam,
2104 1061 2277 1101 nondum
2299 1071 2379 1100 esse
2401 1072 2540 1112 qraece

261 1144 490 1196 vulqatam,
519 1155 590 1182 nec
620 1144 734 1210 quasi
756 1144 955 1191 comitem,
983 1145 1030 1180 ut
1058 1142 1309 1192 oportuerat,
1336 1138 1469 1177 datam
1499 1137 1568 1176 illi
1589 1136 1676 1176 Nili
1695 1135 1886 1185 imuntorts,
1914 1145 2033 1185 quam
2057 1132 2321 1185 Caryophilus
2341 1144 2482 1184 qraece
2505 1135 2544 1170 et

265 1215 388 1256 latine
417 1215 563 1254 Romae
594 1203 696 1252 anno
730 1211 860 1253 1624.
891 1213 1085 1263 vulqavit.
1122 1212 1265 1262 Utique
1295 1209 1462 1249 Iacobus
1492 1209 1754 1248 Sciommarus
1767 1237 1779 1258 ‚
1809 1206 2024 1259 perdoctus
2055 1203 2376 1257 Cryptoferratae
2406 1216 2544 1244 mona-

264 1286 381 1337 chus,
409 1287 614 1337 eqreqium
637 1296 740 1324 anno
769 1283 897 1325 1728.
922 1283 1047 1323 edidit
1074 1283 1239 1334 vulqari
1265 1282 1461 1322 Italorum
1491 1292 1665 1320 sermone
1687 1279 1868 1319 volumen
1877 1293 1894 1330 ,·
1918 1281 1962 1318 in
1991 1288 2090 1328 quo,
2118 1281 2283 1328 praeter
2309 1276 2411 1315 alias
2433 1269 2544 1315 illius

265 1356 495 1397 monasterii
522 1358 796 1407 antiquitateS,
823 1355 947 1395 vitam
976 1366 1129 1406 quoque
1158 1356 1282 1394 sancti
1312 1351 1608 1393 Bartholomaei
1616 1381 1627 1401 ,
1655 1363 1709 1391 ex
1736 1351 1861 1390 variis
1890 1349 2089 1389 codicibus
2118 1348 2432 1399 documentisque
2463 1348 2543 1387 col-

267 1429 429 1479 lectam,
457 1427 666 1468 lectoribus
695 1426 840 1467 obtulit
848 1457 860 1477 ,
890 1430 1008 1478 atque
1037 1428 1193 1477 optimis
1222 1417 1539 1464 adnotationibus
1568 1423 1802 1463 illustravit.
1836 1423 1985 1461 Deerat
2013 1424 2142 1460 tamen
2172 1419 2324 1470 adhuc,
2353 1421 2397 1459 ut
2427 1418 2538 1469 dixi,

265 1511 430 1552 qraecus
454 1502 606 1549 textus,
635 1502 673 1538 et
702 1487 860 1550 quidem
883 1510 936 1537 ex
957 1497 1173 1549 biographo
1195 1497 1300 1536 Luca
1323 1507 1430 1547 pure
1449 1493 1757 1546 depromendus,
1786 1504 1905 1544 quam
1928 1504 1997 1532 nos
2018 1503 2123 1531 nune
2141 1494 2317 1542 spartam
2344 1489 2546 1530 adornan-

266 1570 361 1611 dam
389 1570 638 1621 suscipimus.
674 1571 807 1620 Pure,
832 1571 1016 1621 inquam,
1045 1568 1117 1608 hoc
1144 1557 1335 1620 scriptum
1357 1567 1539 1607 dabimus
1547 1580 1563 1617 ;
1591 1566 1734 1605 etenim
1756 1564 2019 1604 Sciommarus
2039 1565 2080 1602 in
2102 1574 2175 1601 sua
2194 1562 2357 1622 vulqari
2377 1561 2547 1601 editione

266 1653 383 1693 saepe
412 1644 565 1692 variat,
595 1641 779 1692 plurima
800 1640 934 1691 addit,
961 1639 1156 1680 nonnulla
1176 1639 1341 1690 omittit,
1364 1642 1490 1691 prout
1515 1649 1677 1677 suorum
1699 1636 1875 1676 codicum
1896 1638 1966 1675 aut
1985 1634 2218 1674 notitiarum
2241 1633 2448 1673 diversitas
2471 1644 2548 1684 po-

267 1713 419 1753 stulare
448 1714 534 1752 visa
564 1715 635 1751 est.
675 1713 952 1752 Verumtamen
982 1722 1104 1763 quum
1134 1722 1294 1750 manum
1324 1712 1435 1761 operi
1465 1709 1741 1759 admovissem,
1771 1710 1811 1746 et
1837 1718 2024 1758 qraecum
2055 1709 2207 1745 textum
2239 1705 2365 1744 latina
2395 1715 2547 1755 quoque

268 1795 356 1824 mea
386 1785 706 1835 interpretatione
736 1778 968 1834 comitarer,
998 1786 1156 1834 repente
1186 1783 1324 1833 inqens
1353 1784 1545 1833 apparuit
1574 1782 1614 1820 in
1644 1781 1823 1819 vaticano
1848 1778 1979 1831 codice
2009 1776 2181 1828 desectus
2210 1788 2279 1816 seu
2310 1777 2476 1825 lacuna,
2503 1775 2548 1814 in

269 1867 350 1907 qua
375 1857 569 1907 posterior
590 1857 672 1894 tota
692 1853 948 1908 bioqraphiae
965 1865 1067 1905 pars
1088 1853 1356 1905 merqebatur.
1385 1852 1647 1902 Quamobrem
1668 1850 1723 1890 ad
1745 1852 2023 1889 monasterium
2045 1861 2105 1888 me
2126 1848 2319 1898 converti,
2348 1848 2400 1887 ab
2424 1848 2549 1899 iisque

270 1922 819 1967 reverendissimis'monachis
841 1925 1037 1977 (quorum
1059 1929 1100 1965 et
1117 1925 1198 1965 alio
1220 1929 1392 1976 tempore
1413 1924 1695 1963 humanitatem
1716 1926 1905 1974 expertus
1925 1920 2116 1973 sueram)
2132 1925 2292 1972 partem
2313 1920 2427 1960 illam
2450 1930 2550 1970 quae

271 1997 411 2036 deerat
430 1998 474 2059 in
494 1996 624 2035 codice
647 1999 729 2036 vat.
753 1995 881 2047 sacile
902 1996 1141 2048 impetravi:
1164 1999 1279 2047 atque
1301 1998 1358 2034 ita
1380 1995 1560 2045 demum,
1587 1995 1632 2034 in
1653 1994 1772 2034 huius
1801 1993 2012 2033 voluminis
2036 1994 2113 2032 mei
2142 1992 2269 2042 calce,
2297 1990 2404 2042 quod
2427 1991 2551 2030 Grae-

269 2079 405 2109 corum
433 2069 591 2119 scriptis
620 2067 838 2118 redundat,
875 2067 960 2107 divi
987 2067 1102 2107 istius
1131 2067 1335 2107 historiam
1365 2051 1568 2106 collocavi.

388 2139 441 2179 In
471 2139 553 2179 alio
582 2142 666 2179 vat.
692 2139 829 2181 codice¹
853 2138 962 2181 1989
977 2167 990 2190 ‚
1013 2136 1317 2190 saecutiserme
1337 2138 1443 2188 XII,
1469 2138 1565 2177 olim
1591 2135 1931 2188 Cryptoserratae,
1959 2147 2146 2187 qraeeum
2176 2146 2329 2187 quoque
2358 2133 2552 2173 ineditum

271 2210 517 2251 inveniebam
540 2211 831 2262 paneqyricum
860 2209 910 2250 de
939 2222 974 2250 s.
1006 2209 1310 2251 Bartholomaeo
1341 2208 1491 2250 dictum
1520 2208 1571 2248 ab
1602 2219 1794 2259 anonymo
1823 2206 2033 2256 monacho,
2069 2207 2153 2246 divi
2184 2218 2323 2246 coaevo
2354 2217 2401 2244 ac
2430 2203 2555 2255 sami-

273 2282 391 2332 liari,
423 2285 472 2321 ut
498 2284 670 2333 apparet
697 2293 750 2321 ex
779 2293 868 2333 cap.
903 2281 946 2322 7.
976 2285 1016 2321 et
1041 2294 1150 2333 seqq.
1181 2284 1221 2320 et
1249 2281 1407 2333 quidem
1441 2292 1575 2320 eoram
1610 2280 1750 2319 abbate
1780 2278 2075 2319 Bartholomaei
2103 2275 2302 2327 primario
2338 2273 2549 2326 discipulo.

275 2352 538 2402 Quamobrem
569 2352 855 2392 Sciommarum
887 2352 932 2392 in
958 2352 1166 2404 praedicto
1200 2365 1317 2404 opere
1345 2364 1389 2404 p.
1425 2351 1498 2392 49.
1533 2351 1582 2391 de
1619 2352 1700 2392 alio
1733 2362 1897 2403 prorsus
1924 2351 2169 2402 paneqyrico
2205 2349 2316 2398 loqui
2345 2349 2548 2396 eoeistimo,

271 2425 385 2463 cuius
414 2426 614 2462 auctorem
643 2423 740 2463 dicit
767 2424 1030 2463 Pancratium
1063 2422 1387 2475 Cryptoserratae
1417 2424 1727 2479 praepositum,
1754 2424 1825 2474 qui
1853 2422 1961 2461 circa
1990 2421 2163 2460 medium
2192 2419 2393 2459 saeculum
2423 2418 2551 2458 XIII.

275 2494 402 2547 vixit,
428 2496 476 2536 id
504 2500 562 2536 est
589 2496 765 2536 ducentis
786 2495 879 2548 sere
901 2500 996 2548 post
1023 2496 1372 2536 Bartholomaeum
1402 2499 1541 2547 annis;
1567 2500 1604 2535 et
1633 2495 1792 2548 quidem
1821 2498 1863 2535 in
1894 2507 1938 2535 eo
1969 2498 2089 2534 totam
2119 2492 2204 2533 divi
2236 2492 2403 2532 relatam
2425 2490 2555 2542 fuisse

277 2579 331 2607 ex
359 2567 498 2611 ordine
527 2567 651 2607 vitam
660 2582 677 2619 ;
704 2568 750 2607 id
777 2567 885 2619 quod
913 2570 956 2607 in
985 2572 1117 2607 nostro
1139 2580 1224 2607 non
1255 2570 1494 2619 aqnoscitur.
1662 2549 1666 2552 ⁴

395 2637 575 2690 Denique
603 2641 646 2680 in
676 2638 808 2679 eodem
839 2639 969 2678 codice
998 2638 1125 2680 1989.
1151 2637 1193 2690 s.
1226 2638 1324 2680 194.
1354 2639 1393 2679 b.
1418 2639 1595 2690 leqebam
1624 2641 1743 2678 etiam
1772 2640 1898 2678 sancti
1926 2637 2119 2677 Phantini
2141 2637 2346 2676 historiam
2375 2647 2462 2675 cum
2492 2638 2555 2674 vi-

275 2710 381 2762 qinti
408 2710 583 2750 eiusdem
611 2710 838 2762 miraculis,·
859 2710 973 2750 cuius
1003 2709 1087 2749 divi
1117 2714 1317 2762 tamquam
1347 2692 1647 2761 contemporalis
1676 2721 1791 2760 saepe
1821 2711 1966 2749 mentio
1983 2708 2038 2760 fit
2067 2711 2110 2747 in
2139 2710 2222 2747 vita
2253 2707 2341 2747 Nili
2368 2707 2551 2745 iunioris.

276 2781 428 2822 Auctor
459 2782 606 2821 Petrus
635 2783 838 2834 episcopus
867 2780 1117 2820 occidentalis
1147 2765 1378 2832 (δυτικᾶς.)
1415 2782 1688 2821 Verumtamen
1725 2792 1814 2820 cum
1845 2791 1932 2819 eam
1962 2781 2084 2819 vitam
2121 2779 2242 2818 latine
2276 2778 2422 2817 editam
2452 2779 2556 2816 inter

223 2846 228 2850 ⁴
276 2852 437 2893 Sanctos
472 2852 616 2892 siculos
653 2852 704 2892 ab
740 2852 900 2892 Octavio
942 2852 1128 2892 Caietano
1167 2852 1213 2892 T.
1247 2852 1287 2891 Ι.
1313 2863 1363 2903 p.
1400 2851 1502 2892 552.
1535 2852 1830 2902 comperissem,
1860 2854 2050 2902 paratam
2084 2849 2394 2889 lucubrationem
2428 2859 2554 2887 meam

276 2926 412 2974 sponte
434 2923 582 2962 dimisi.
616 2922 843 2963 Rectissime
863 2934 957 2962 vero
981 2923 1193 2962 caietanus
1222 2924 1265 2962 in
1289 2921 1605 2962 adnotationibus
1627 2933 1679 2973 p.
1709 2921 1806 2962 137.
1830 2921 2012 2961 observat
2038 2920 2136 2960 duos
2157 2918 2287 2970 fuisse
2307 2919 2546 2969 Phantinos‚

277 3005 561 3046 syracusanum
590 3005 715 3034 unum
746 2994 860 3045 lonqe
890 2993 1179 3045 antiquiorem,-
1211 2994 1383 3033 alterum
1412 2994 1607 3032 iuniorem
1636 2992 1841 3032 calabrum
1872 2991 1895 3043 (
1903 3003 1956 3033 ss.
1989 2990 2082 3031 Nilo
2112 2993 2230 3031 etiam
2260 3001 2307 3029 ae
2335 2989 2553 3030 Bartholo-

277 3076 388 3106 maeo
418 3064 798 3116 contemporalem.)
827 3065 962 3105 Huius
989 3064 1196 3114 videlicet,
1232 3075 1310 3104 non
1343 3064 1454 3104 illius
1487 3065 1663 3115 antiqui,
1699 3063 1903 3102 historiam
1937 3062 2097 3114 scripsit
2123 3063 2270 3101 Petrus
2303 3060 2555 3101 occidentalis

277 3139 502 3188 episcopus,
538 3136 583 3176 id
612 3139 669 3176 est
701 3137 924 3176 Taurianae
954 3135 1066 3175 urbis
1093 3135 1139 3176 in
1170 3135 1380 3187 Calabria,
1416 3139 1462 3175 ut
1490 3135 1596 3174 idem
1627 3134 1838 3175 Caietanus
1867 3133 2131 3184 probabiliter
2160 3133 2361 3184 adfirmat.
2396 3133 2554 3173 Titulus

277 3210 513 3260 initiumque
542 3209 671 3260 operis
701 3211 773 3248 est
810 3191 939 3258 Πετρε
943 3216 966 3241 υ
1001 3189 1208 3243 ἑπισκοπσυ
1239 3195 1394 3241 ὂυτικε
1357 3215 1396 3240 υ
1428 3194 1486 3247 εἷς
1522 3212 1588 3241 τεν
1619 3188 1703 3251 βῖσν
1736 3190 1802 3239 καὶ
1832 3193 1889 3244 εἰς
1913 3188 2114 3276 &catapoita
2145 3194 2213 3240 τσῧ
2244 3187 2358 3254 ἁγίου
2389 3212 2455 3238 και
2491 3193 2554 3238 ἒν-

279 3265 392 3322 &stov
422 3263 670 3331 ἓεράπιντσς
703 3269 771 3314 τεῧ
801 3260 1014 3312 (Pavum.
1050 3259 1254 3346 Mun-ape:
1258 3283 1278 3309 ν
1302 3259 1502 3322 βασιλέως
1535 3283 1742 3328 κρυπτειν,
1767 3258 1900 3309 καλᾶν
1938 3264 1988 3309 τὰ
2020 3258 2062 3308 δὲ
2097 3282 2194 3346 Sey&
2219 3264 2285 3311 τσῧ
2309 3263 2408 3308 θειυ
2431 3262 2556 3326 ἀναγ-

279 3332 438 3401 γέλλειν
475 3336 559 3384 ἕνόε
545 3338 624 3391 ξεν
655 3354 730 3388 etc.
765 3328 899 3387 Ουτος
919 3355 976 3383 [ετ
982 3354 1060 3381 ινυν
1098 3335 1143 3381 ἀς
1148 3330 1274 3396 ιδιμες
1308 3335 1376 3382 w]
1413 3335 1512 3380 Sec&
1545 3329 1737 3397 θεράπων
1770 3334 1902 3379 Φαντ
1888 3353 1965 3385 ινος
1997 3349 2070 3385 etc
2107 3327 2256 3385 εικέτος
2288 3352 2359 3393 μεν
2396 3329 2555 3398 fimi-cxc

278 3405 551 3469 πολιτευομένε
556 3430 579 3454 υ
612 3427 715 3459 τινος
741 3401 978 3466 Βαλσαμῖευ
1009 3403 1196 3466 τοῦνομα·
1225 3404 1270 3451 δι’
1303 3424 1465 3468 ευφυιαν
1501 3400 1544 3450 δὲ
1575 3424 1725 3470 φυσεως
1708 3440 1749 3460 ‚
1775 3404 1930 3464 μᾶλλον
1963 3400 2003 3451 δὲ
2037 3398 2103 3451 δια
2133 3423 2206 3452 την
2232 3404 2271 3450 δε
2275 3404 2423 3452 θεῖσαν
2449 3404 2522 3452 αὐτ
2527 3405 2557 3465 ᾧ

280 3475 391 3543 παρὰ
422 3480 494 3532 τῆς
525 3497 813 3544 προγνωστικης
848 3479 917 3525 τοῦ
945 3477 1046 3522 θεοῦ
1076 3472 1273 3537 ὂυναμεως
1304 3469 1418 3521 &stov
1450 3495 1578 3544 φωτος
1612 3471 1834 3537 ἕλὶαμψιν,
1867 3474 1922 3527 εἷς
1957 3469 2157 3533 ευσέβειαν
2188 3494 2255 3520 και
2287 3471 2412 3540 ἄκραν
2447 3478 2557 3537 φιλο-

280 3545 402 3596 θεΐαν
435 3545 636 3603 ἐληλακως
669 3566 741 3601 ete.
776 3559 855 3600 Sed
882 3558 938 3598 ad
965 3557 1261 3598 Bar-tholomaei
1288 3560 1414 3598 nostri
1445 3557 1720 3609 bioqraphiam
1745 3557 2078 3609 proqrediamur,
2109 3559 2180 3610 qui
2209 3557 2389 3597 diversus
2419 3561 2478 3596 est
2505 3557 2556 3596 ab

281 3630 362 3671 alio
381 3632 706 3683 Bartholoman,
734 3632 962 3671 monasterii
990 3642 1024 3669 S.
1048 3629 1265 3670 Salvatoris
1286 3629 1398 3680 apud
1418 3629 1638 3668 Messanam
1659 3626 1900 3680 fundatore,
1928 3641 2042 3669 cuius
2062 3627 2267 3669 historiam
2298 3626 2421 3680 refert
2453 3627 2556 3666 idem

283 3702 493 3744 Caietanus
521 3716 587 3756 op.
614 3706 680 3744 cit.
712 3691 755 3743 T.
782 3702 844 3742 II.
875 3714 924 3753 p.
959 3700 1058 3741 136.

2300 3901 2347 3933 65

2619 1001 2639 1022 Ο
