2970 4420
1242 261 1299 292 mi
1331 256 1605 292 rntzoxmus.
2167 300 2173 312 ,
2494 248 2556 295 49

301 350 406 396 lone
436 346 641 411 scriptus
675 357 760 392 est.
798 345 856 392 Et
885 344 1096 394 inferius.
1135 343 1198 392 Et
1221 344 1546 410 Hieronymus
1580 358 1800 408 expresse
1836 341 1954 389 dicit
1978 340 2104 389 hunc
2137 342 2312 391 librum
2345 362 2439 392 non
2462 363 2558 394 esse

300 423 590 475 Salomonis,
620 423 705 469 sed
727 419 959 470 Philonis.
997 424 1052 469 Et
1076 424 1325 485 Dionysius
1358 423 1645 470 cartusianus
1668 418 1785 468 ibid.
1820 420 1965 466 Hunc
1986 420 2163 468 Iudaei
2188 420 2352 489 dicunt
2385 438 2417 468 a
2443 423 2558 470 Phi·-

300 504 406 550 lone
427 502 756 565 compositum.
794 499 890 546 Sed
910 500 1039 563 quod
1068 500 1225 564 aliqui
1244 512 1412 564 patres
1444 498 1570 546 hunc
1602 498 1778 546 librum
1806 496 2055 543 Salomoni
2083 496 2375 548 attribuunt,
2398 500 2557 561 potuit

298 577 482 626 evenire
514 576 743 640 quoniam
777 588 948 623 auctor
980 576 1097 623 libri
1128 577 1266 623 istius
1301 576 1520 638 infra-in
1546 590 1754 640 persona
1785 573 1998 637 loquitur
2027 569 2311 619 SalomoniS.
2350 574 2414 619 Et
2446 574 2559 622 item

298 654 416 718 quia
448 671 512 701 eoe
543 653 789 701 sententiis
813 653 1082 700 Salomonis
1107 653 1320 700 creditur
1350 654 1652 718 compilatus.
1690 652 1819 699 Hinc
1851 651 2080 699 Rabanus
2117 661 2314 697 narrat:
2342 649 2468 697 hunc
2499 653 2558 699 li-

287 720 439 779 ·'brum
470 731 641 778 asserit
677 730 999 795 Hieronymus
1028 747 1124 778 non
1158 746 1191 777 a
1224 731 1476 777 Salomone
1507 730 1847 794 conscriptum,
1881 729 1967 775 sed
1999 743 2032 774 a
2064 726 2264 774 Philone
2289 727 2559 779 doctissimo

298 821 344 856 et
387 808 698 856 disertissimo
738 808 1030 855 Iudaeorum
1048 845 1060 859 ,
1101 824 1239 871 quem
1271 806 1775 872 pseudoe'pigraphum
1815 817 2060 870 nuncupat
2076 842 2087 857 ,
2126 805 2356 868 quoniam
2390 823 2560 854 nomen

299 886 512 932 alienum
546 884 641 931 sibi
678 896 896 948 usurpat.
933 887 1094 947 Neque
1130 892 1292 931 auctor
1310 918 1321 938 ,
1358 886 1640 947 quicumque
1679 884 1769 931 fuit
1789 918 1801 938 ,
1839 883 2069 930 convertit
2108 897 2164 929 ex
2205 881 2439 937 hebraeo,
2477 885 2558 931 sed

299 978 468 1026 graeco
500 963 610 1010 stilo
639 963 846 1025 scripsit,
876 977 1113 1024 graecam,
1141 970 1194 1008 ut
1229 963 1290 1008 ait
1320 962 1657 1024 Hieronymus,
1685 962 2000 1025 eloquentiam
2030 960 2288 1008 redolente.

427 1041 518 1088 Sed
551 1042 742 1104 quinam
774 1041 851 1087 hic
882 1040 1017 1087 Philo
1051 1039 1213 1092 fuerit,
1250 1041 1399 1098 maior
1430 1039 1556 1102 apud
1591 1048 1803 1087 auctores
1834 1040 2116 1086 concertatio
2150 1047 2235 1086 est.
2273 1038 2555 1102 Supradicti,

297 1127 345 1165 et
375 1126 561 1181 praeter
594 1117 679 1164 hos
711 1116 958 1164 Abulensis
988 1118 1037 1163 in
1071 1118 1360 1179 expositione
1394 1117 1580 1179 prologi
1610 1116 1776 1179 galeati
1807 1116 1866 1163 ad
1894 1115 2041 1162 libros
2066 1130 2162 1178 reg.
2191 1123 2370 1177 quaest.
2399 1117 2485 1171 28,
2511 1125 2558 1163 et

297 1196 346 1241 in
378 1193 504 1242 libro
538 1196 779 1258 hispanico
818 1196 878 1242 de
915 1195 1217 1258 responsione
1254 1194 1313 1240 ad
1352 1203 1554 1255 quatuor
1594 1195 1886 1256 quaestiones
1926 1209 2029 1256 cap.
2057 1194 2144 1248 28,
2179 1192 2293 1239 dicit
2326 1193 2556 1256 Hierony-

298 1288 430 1319 mum
463 1273 511 1318 in
546 1271 671 1319 libro
705 1273 764 1319 de
799 1273 910 1319 viris
939 1270 1223 1324 illustribus,
1249 1278 1295 1316 et
1331 1270 1562 1317 Isidorum
1595 1271 1654 1318 de
1686 1279 1795 1317 ortu
1820 1279 1958 1333 atque
1986 1269 2118 1317 obitu
2145 1278 2355 1333 patrum,
2382 1270 2442 1317 de
2466 1270 2557 1318 hoc

298 1349 423 1396 libro
459 1358 506 1397 et
540 1351 639 1396 eius
673 1359 861 1397 auctore
889 1349 1082 1396 Philone
1105 1364 1269 1410 agere:
1297 1363 1404 1395 cum
1429 1356 1585 1394 tamen
1610 1348 1677 1394 ibi
1710 1349 1769 1395 de
1799 1349 1891 1396 hoc
1914 1365 1972 1395 ne
1997 1346 2196 1395 verbum
2226 1347 2415 1411 quidem
2446 1364 2557 1411 pro-

297 1426 464 1474 ferant.
503 1428 559 1473 Et
591 1442 646 1474 ex
681 1427 922 1474 haereticis
956 1425 1286 1489 Anabaptistae
1304 1425 1563 1480 nonnulli,
1600 1434 1647 1471 et
1682 1427 1898 1472 Luterani
1919 1461 1931 1480 ,
1966 1426 2209 1473 Philonem
2248 1425 2386 1472 illum
2418 1425 2556 1473 fuisse

297 1505 611 1558 contendunt,
638 1505 719 1566 qui
742 1505 856 1551 vixit
880 1511 1027 1551 aetate
1054 1503 1402 1566 apostolorum,
1427 1503 1583 1549 virum
1608 1502 1951 1556 doctissimum,
1979 1510 2023 1548 et
2050 1503 2108 1549 de
2131 1518 2227 1565 quo
2250 1503 2555 1565 proverbium

294 1581 416 1628 illud
443 1583 551 1628 satis
575 1580 760 1628 celebre
785 1580 1082 1627 decantatur:
1120 1595 1146 1628 n
1175 1574 1350 1625 Φίλων
1376 1568 1678 1642 πλατωνίζει
1696 1610 1710 1632 ,
1728 1566 1766 1627 ’κ
1793 1566 2011 1624 Πλάτων
2040 1567 2331 1644 φιλωνίεζει
2371 1582 2554 1630 alexan-

296 1659 486 1706 drinum
519 1675 711 1722 genere,
740 1667 785 1705 et
817 1660 1107 1706 occasionem
1134 1658 1274 1706 fuisse
1299 1659 1339 1705 ei
1374 1656 1633 1712 scribendi,
1661 1666 1714 1704 ut
1739 1657 1970 1720 populum
1997 1673 2133 1704 suum
2163 1658 2440 1715 hebraeum,
2465 1676 2554 1723 pro

295 1723 391 1800 quo
415 1737 694 1799 legationem
727 1745 990 1800 susceperat
1011 1737 1070 1784 ad
1094 1737 1279 1791 Caium,
1306 1736 1628 1784 consolaretur
1655 1735 1922 1798 colligendo
1952 1751 2008 1781 ex
2032 1737 2292 1783 Salomonis
2317 1739 2554 1785 sententiis

293 1823 340 1862 et
374 1815 475 1862 aliis
507 1815 749 1876 scripturis
782 1815 948 1869 sacris,
980 1829 1100 1877 quae
1132 1813 1434 1861 conferebant
1468 1814 1528 1861 ad
1560 1814 1708 1876 iniqui
1743 1814 2045 1869 monarchae,
2074 1829 2126 1861 ac
2156 1815 2554 1877 iniquissimorum

293 1892 559 1939 delatorum
578 1891 1005 1954 reprehensionem.
1032 1893 1090 1938 Et
1109 1893 1231 1938 inter
1252 1892 1367 1938 alios
1383 1891 1625 1955 Philippus
1643 1892 1930 1938 Camerarius
1950 1907 2084 1954 oper.
2106 1891 2323 1938 subcisiv.
2345 1901 2466 1939 cent.
2490 1895 2549 1941 ll.

293 1983 396 2031 cap.
425 1970 473 2015 9.
501 1967 741 2014 Scribitur
764 1968 814 2014 in
837 1968 960 2015 libro
980 1968 1261 2033 Sapientiae
1285 1969 1576 2020 Salomonis,
1606 1968 1741 2015 cuius
1765 1968 1882 2014 libri
1904 1980 2066 2014 tamen
2090 1980 2331 2015 auctorem
2348 1970 2553 2032 faciunt

292 2045 542 2095 Philonem
571 2045 821 2097 iudaeum,
850 2045 1090 2092 hominem
1115 2046 1331 2098 doctum,
1360 2046 1447 2110 qui
1467 2062 1576 2092 cum
1609 2045 1723 2092 aliis
1750 2045 1925 2110 legatis
1954 2046 2126 2093 missus
2144 2046 2255 2109 suit
2287 2047 2356 2093 ad
2385 2048 2553 2096 Caium

295 2122 589 2187 Caligulam,
620 2135 674 2169 ut
705 2123 807 2170 eius
839 2134 1006 2170 statua
1041 2123 1093 2169 in
1122 2125 1296 2188 templo
1331 2122 1753 2187 hierosolymitano
1775 2123 1940 2187 posita
1975 2111 2286 2171 amoveretur.
2324 2126 2444 2171 Inde
2476 2144 2553 2173 eo-

293 2215 402 2246 rum
424 2200 696 2247 coniectura
723 2212 815 2252 est,
843 2212 1012 2248 contra
1034 2201 1344 2265 tyrannidem
1367 2203 1692 2254 Romanorum
1717 2218 1826 2248 eum
1848 2201 2024 2248 librum
2048 2202 2279 2267 scriptum
2307 2219 2419 2250 esse.
2447 2206 2552 2253 Non

291 2278 444 2340 placet
464 2274 569 2325 ‘hoc
601 2279 730 2325 Sixto
760 2280 971 2334 senensi,
998 2287 1045 2326 et
1077 2280 1237 2326 multis
1271 2280 1389 2326 aliis.
1426 2281 1611 2342 Quippe
1646 2278 1766 2326 liber
1798 2288 1905 2342 post
1939 2281 2172 2327 Christum
2204 2282 2428 2344 scriptus,
2456 2298 2553 2330 non

289 2356 413 2402 inter
446 2357 616 2403 veteris
640 2358 902 2403 testamenti
926 2357 1010 2403 sed
1033 2358 1154 2404 inter
1177 2358 1301 2405 novi.
1318 2357 1558 2405 volumina
1588 2357 1891 2405 collocandus
1913 2357 2052 2404 foret.
2089 2360 2185 2405 Nec
2216 2358 2396 2413 futura,
2422 2360 2552 2422 quod
2588 2394 2594 2396 >

289 2441 416 2479 vates
448 2433 649 2487 faciunt,
676 2433 759 2479 sed
792 2435 1042 2495 praeterita
1077 2443 1128 2482 ut
1161 2434 1364 2482 fabulosi
1399 2444 1638 2490 auctores,
1664 2435 1989 2494 denunciaret3
2015 2435 2146 2498 quod
2175 2444 2294 2483 esset
2328 2437 2552 2484 ridiculo-

290 2509 540 2556 sissimum.
577 2511 672 2556 Nec
697 2517 882 2572 poterat
907 2509 1010 2557 fieri
1039 2520 1093 2558 ut
1125 2511 1282 2567 Philo,
1308 2513 1390 2574 qui
1414 2520 1509 2559 tam
1531 2514 1746 2575 impense¹
1762 2511 2000 2559 Hebraeos
2031 2511 2241 2567 amabat,
2269 2522 2316 2560 et
2347 2529 2550 2575 quorum

290 2586 474 2640 laudes,
503 2585 648 2633 sicubi
680 2588 862 2634 occasio
895 2603 944 2634 se
976 2604 1025 2635 se
1057 2588 1315 2644 offerebat,
1340 2590 1486 2636 veluti
1520 2588 1768 2637 bucinator
1797 2590 1991 2636 mirifice
2022 2590 2228 2645 extollit,
2254 2599 2347 2637 tam
2385 2592 2551 2638 acriter

289 2663 338 2708 in
361 2677 443 2709 eos
465 2663 787 2717 inveheretur,
816 2679 1073 2728 eorumque
1095 2667 1382 2729 impietatem
1398 2702 1410 2721 ,
1437 2683 1530 2729 qua
1556 2676 1601 2714 et
1622 2669 1722 2730 ipse
1746 2666 2015 2721 tenebatur,
2043 2668 2295 2715 refelleret.
2320 2668 2477 2722 Adde,
2504 2678 2551 2715 et

213 2755 215 2757 ·
288 2739 562 2807 Dionysium
594 2741 907 2802 areopagitam
938 2742 1094 2788 virum
1124 2743 1562 2804 prudentissimum,
1591 2754 1638 2791 et
1664 2742 1948 2806 antiquitatis
1973 2760 2133 2791 sacrae
2158 2745 2275 2792 mire
2304 2746 2549 2791 scientissi-

289 2830 444 2868 mum,
472 2831 527 2861 ex
561 2815 652 2861 hoc
685 2823 922 2877 tamquam
957 2816 1082 2864 libro
1114 2827 1411 2881 pervetusto,
1448 2835 1534 2867 nec
1567 2829 1680 2866 tunc
1713 2822 1918 2882 primum
1955 2830 2088 2873 nato,
2124 2823 2387 2867 testimonia
2422 2837 2549 2868 surn-

287 2893 459 2955 psisse:
497 2900 544 2938 et
576 2893 918 2954 Hieronymum
940 2929 952 2948 ,
989 2902 1035 2940 et
1068 2895 1346 2950 Eusebium,
1383 2898 1465 2959 qui
1498 2898 1597 2943 eius
1631 2896 1865 2944 librorum
1902 2899 2163 2960 catalogum
2197 2899 2548 2960 exquisitissime

287 2970 694 3032 conquisiverunt,
722 2969 782 3016 de
814 2970 904 3017 hoc
933 2971 1174 3020 volumine
1208 2973 1386 3019 nullam
1421 2973 1580 3020 fecisse
1603 2975 1915 3030 mentionem3
1953 2990 2102 3036 eoque
2137 2978 2385 3038 praecipue
2418 2976 2547 3037 quod

287 3046 495 3094 Philonis
521 3047 681 3093 stilum
713 3048 906 3094 minime
937 3050 1102 3110 sapiat.
1140 3051 1330 3112 Ineptus
1362 3044 1557 3096 omnino
1591 3059 1659 3097 est
1684 3052 1852 3098 Paulus
1882 3052 2086 3098 Minerva
2112 3052 2196 3098 lib.
2230 3054 2267 3098 1.
2295 3053 2368 3100 dc-
2387 3067 2541 3099 neom.
2614 3032 2621 3048 Ι

285 3123 459 3170 Salom.
489 3138 591 3186 cap.
627 3124 730 3178 15.‚
758 3125 838 3186 qui
869 3140 1018 3171 unum
1045 3134 1225 3172 tantum
1258 3126 1361 3174 vult
1391 3142 1489 3173 esse
1512 3127 1778 3182 Philonem,
1807 3128 1918 3173 divo
1946 3130 2082 3174 Petro
2118 3117 2425 3194 σόγχρονον,
2461 3146 2546 3178 nec

284 3208 470 3263 praeter
501 3215 609 3247 eum
644 3201 788 3247 alium
820 3203 1043 3264 agnoscit.
1081 3204 1137 3249 Et
1170 3203 1533 3266 christophorus
1566 3205 1768 3251 Castrius
1801 3207 2059 3251 ocaniensis
2082 3206 2130 3251 in
2159 3206 2344 3268 isagoge
2371 3207 2430 3253 ad
2467 3209 2547 3254 Sa-

284 3277 507 3339 pientiam
542 3277 803 3325 Salomonis
826 3277 989 3325 scribit
1011 3278 1125 3328 haec
1147 3280 1309 3327 verba.
1347 3280 1419 3326 Ηι
1448 3298 1489 3326 st
1525 3280 1667 3328 velint
1699 3281 1829 3327 sacri
1862 3281 1977 3327 libri
1998 3293 2242 3328 auctorem
2269 3283 2435 3343 facere
2460 3283 2547 3348 by-

285 3352 434 3400 blium
475 3352 749 3407 Philonem,
788 3354 1028 3404 hominem
1063 3356 1368 3422 phoenicem,
1406 3370 1452 3403 et
1491 3374 1523 3403 a
1558 3358 1661 3422 lege
1691 3358 1785 3404 Dei
1816 3370 2130 3410 extraneum,
2169 3360 2255 3423 qui
2291 3359 2546 3407 historiam

277 3426 572 3476 Phoenicum
605 3430 1041 3480 Sanchont'athonis
1072 3450 1244 3498 graece
1279 3433 1527 3486 traduxit,
1558 3445 1613 3480 ut
1643 3434 1900 3481 meminere
1933 3435 2161 3500 Iosephus
2195 3436 2278 3483 lzb,
2304 3439 2349 3483 I.
2376 3449 2543 3483 contra

282 3506 538 3569 Aptonem,
573 3520 620 3554 et
653 3509 886 3557 Eusebius
923 3510 1006 3557 lib.
1041 3512 1086 3557 Ι.
1121 3511 1179 3557 de
1209 3527 1379 3576 praep.
1414 3526 1584 3575 evang.
1621 3527 1729 3575 cap.
1764 3514 1810 3558 9.
1843 3524 1889 3558 et
1919 3514 1995 3560 IV.
2034 3516 2108 3561 16.
2128 3550 2140 3567 ,
2175 3525 2262 3560 aut
2297 3513 2543 3560 Philonem

284 3582 615 3632 academicum
654 3587 887 3634 Ciceronis
911 3595 1270 3652 'praeceptorem
1283 3624 1296 3639 ,
1328 3587 1454 3634 alius
1484 3588 1611 3634 enim
1640 3599 1753 3634 ante
1779 3588 2016 3636 Christum
2050 3592 2210 3638 nullus
2243 3592 2538 3655 agnoscitur.

276 3658 382 3705 Non
415 3663 560 3724 magis
594 3663 655 3710 ad
691 3680 810 3711 rem.
847 3666 1029 3712 Etenim
1054 3681 1110 3712 ex
1141 3665 1228 3711 hac
1259 3674 1422 3712 nostra
1453 3664 1653 3712 diatriba
1677 3666 1836 3728 plures
1870 3666 1985 3715 alios
2019 3668 2159 3716 fuisse
2191 3670 2408 3716 Philones
2438 3678 2542 3716 ante

276 3734 510 3785 Christum
545 3748 706 3786 natum
733 3742 1028 3790 manifestum
1057 3742 1126 3789 fit.
1163 3743 1220 3788 Et
1244 3742 1378 3789 Philo
1402 3740 1615 3804 byblius,
1642 3751 1696 3790 ut
1720 3743 1914 3792 inferius
1938 3745 2168 3801 dicemus,
2194 3762 2290 3793 non
2319 3755 2424 3794 ante
2456 3747 2540 3811 *sed

277 3819 383 3871 post
416 3812 649 3862 Christum
683 3826 842 3865 natum
866 3818 1052 3877 floruit.
1091 3819 1181 3867 Alii
1215 3819 1397 3867 Philoni
1423 3818 1606 3868 cuidam
1633 3821 1902 3877 vetustiori,
1932 3825 2061 3870 cuius
2086 3825 2297 3870 meminit
2319 3823 2539 3886 Iosephus

2283 3911 2303 3943 7
