2970 4420
419 288 480 319 xL
1264 300 1267 301 ⁷
1329 288 1501 320 MCOLAI
1535 286 1760 317 ALEMANNI

418 375 551 404 annos
583 362 750 416 floruit,
777 363 951 418 eiusque
979 375 1135 406 nomen
1169 364 1213 405 in
1247 364 1423 417 antiquo
1451 361 1694 410 kalendario
1723 373 1852 403 manu
1886 367 2058 405 exarato
2086 363 2268 418 legitur,
2300 363 2399 423 cod.
2426 369 2512 407 vat.
2546 366 2683 408 4757.

418 434 555 476 Vestis
585 434 690 476 haec
722 447 851 487 vero,
875 439 918 476 et
946 434 1103 476 infulae
1120 438 1197 488 ,et
1228 434 1405 476 baculus
1429 432 1627 474 abbatem
1652 443 1739 474 non
1766 431 1988 474 dedecent.
2021 433 2073 476 Id
2099 438 2240 477 tamen
2265 448 2352 477 non
2381 436 2548 490 prob03
2574 435 2683 478 illud

419 505 531 547 enim
561 505 761 560 pallium,
796 505 915 560 quod
947 504 1000 547 ab
1029 505 1207 547 humero
1242 503 1476 559 dependet,
1510 502 1760 556 ampliorem
1787 515 1916 558 quam
1946 503 2112 547 abbatis
2141 505 2389 560 dignitatem
2421 506 2618 549 ostendit.

1374 576 1511 626 Imaqo
1541 575 1725 615 secunda.

539 648 619 690 Hic
650 635 820 690 habitus
851 647 1210 702 quemadmodum
1237 658 1365 700 supra
1390 641 1533 686 semel*
1547 648 1673 699 atque
1699 645 1854 687 iterum
1883 645 2062 689 vidimus
2087 647 2368 702 monachum,
2393 661 2467 705 seu
2491 648 2680 703 religiosi

421 719 603 761 instituti
636 719 874 773 quempiam
905 732 1003 774 prae
1032 732 1076 761 se
1107 719 1206 760 fert.
1239 717 1318 759 Sed
1349 717 1429 758 hac
1463 715 1530 757 die
1560 714 1807 758 kalendaria
1841 717 2015 771 quidem
2045 718 2256 761 neminem
2284 720 2374 762 eius
2401 721 2513 762 vitae
2539 720 2679 761 virum

422 792 668 845 proferunt3
702 791 1006 846 martyrologia
1038 804 1138 833 vero
1171 790 1384 832 Zosimum
1419 788 1577 831 habent
1607 789 1930 842 anachoretam,
1963 791 2038 845 qui
2066 791 2193 833 funus
2226 796 2393 834 sanctae
2422 792 2576 834 Mariae
2607 804 2682 835 ae-

422 862 644 917 gyptiacae
673 862 846 904 curavit.
882 862 923 903 Si
955 862 1037 903 hoc
1069 861 1270 916 pugillare
1301 859 1513 915 belgicum
1543 865 1630 914 est,
1662 861 1877 903 Zosimum
1908 861 1962 903 ab
1991 862 2043 904 iis
2072 862 2158 905 coli
2192 875 2279 905 non
2313 868 2375 905 est
2406 862 2676 916 incredibile,

423 944 520 976 cum
541 937 583 974 et
603 933 756 974 Mariae
778 932 1045 987 aegyptiacae
1066 925 1315 987 paenitentis
1338 930 1494 973 festum
1516 918 1681 974 celebre
1699 931 1814 987 apud
1835 932 1931 974 illos
1951 933 2004 974 sit
2022 932 2206 975 secunda
2227 933 2398 976 huiusce
2418 933 2571 977 mensis
2592 933 2680 976 die,
2739 927 2741 929 ’

1399 1004 1538 1055 Imaqo
1569 1007 1699 1044 tertia.

543 1074 677 1126 Quem
707 1073 785 1116 hac
816 1074 998 1128 imagine
1026 1073 1257 1126 intelligere
1288 1072 1556 1127 potissimum
1583 1073 1831 1128 debeamus,
1859 1074 1964 1115 mihi
1993 1073 2166 1128 quidem
2196 1079 2459 1130 compertum
2482 1087 2570 1118 non
2598 1080 2678 1121 est.

423 1146 474 1188 In
503 1145 823 1200 martyrologiis
853 1145 1053 1200 permulti
1080 1144 1163 1185 hac
1192 1143 1414 1186 undecima
1447 1144 1515 1187 die
1543 1145 1687 1200 aprilis
1711 1147 1845 1188 sancti
1873 1145 2128 1201 recitantur,
2155 1146 2310 1201 quibus
2332 1148 2402 1190 bic
2427 1148 2548 1190 locus
2578 1159 2690 1190 con-

425 1217 567 1258 venire
601 1229 723 1270 posse
752 1215 974 1267 videatur,
1009 1215 1210 1269 Antipas,
1243 1215 1362 1257 cuius
1391 1216 1435 1257 in
1469 1214 1715 1271 apocalypsi
1740 1217 1933 1259 meminit
1966 1221 2135 1259 sanctus
2164 1218 2398 1271 Iohannes,
2430 1219 2687 1278 Eustorgius

424 1287 672 1343 presbyten
705 1288 822 1328 Isaac
850 1286 1081 1328 monachus
1112 1286 1165 1328 de
1197 1298 1285 1341 quo
1316 1292 1484 1329 sanctus
1512 1287 1738 1342 Gregorius
1767 1288 1812 1329 in
1844 1287 2046 1343 dialogis;
2079 1293 2121 1330 et
2149 1289 2463 1343 Barsanupbius
2493 1277 2678 1332 anacho-

425 1364 529 1401 reta.
564 1358 643 1400 Sed
670 1358 715 1399 in
745 1357 995 1400 kalendariis
1023 1370 1155 1400 unum
1184 1358 1353 1400 invenio
1384 1360 1593 1401 Zenonem
1622 1343 1871 1415 martyrem,
1906 1359 2004 1402 cod.
2030 1364 2114 1402 vat.
2142 1361 2280 1412 3806,
2311 1361 2380 1402 cui
2410 1360 2515 1402 haec
2541 1362 2678 1415 aptari

426 1430 585 1484 effigies
616 1434 755 1483 queat.

1386 1502 1525 1555 Imaqo
1559 1507 1715 1555 quarta.

544 1570 639 1612 Tria
668 1571 740 1613 illa
772 1572 990 1626 superiora
1020 1571 1164 1626 signa,
1192 1575 1353 1626 quanto
1383 1573 1470 1614 visa
1497 1573 1579 1614 sint
1606 1571 1880 1625 obscuriora,
1903 1576 2029 1619 ,tanto
2061 1572 2211 1614 clarius
2241 1572 2324 1614 hoc
2351 1576 2438 1624 est,
2466 1572 2688 1616 omnibus-

426 1654 509 1696 que
539 1642 704 1684 notius:
735 1655 831 1684 nam
863 1643 1069 1698 equestris
1103 1643 1242 1697 imago
1274 1647 1316 1685 et
1350 1643 1552 1697 vigesima
1580 1643 1702 1686 tertia
1734 1642 1821 1685 dies
1853 1643 1998 1698 aprilis
2028 1647 2219 1685 sanctum
2256 1643 2483 1698 Georgium
2514 1649 2679 1700 marty-

424 1725 512 1755 rem
546 1713 589 1755 in
624 1714 873 1755 memoriam
907 1717 1126 1756 revocant.

1367 1787 1528 1846 *Imaqo
1559 1790 1710 1840 quinta.

543 1858 635 1900 Una
657 1857 889 1914 eademque
913 1858 993 1901 hac
1017 1856 1084 1900 die
1099 1890 1110 1912 ,
1139 1870 1247 1913 quae
1268 1862 1330 1901 est
1357 1859 1723 1918 vigesimaquinta
1748 1858 1914 1914 aprilis,
1939 1858 2022 1900 tria
2050 1861 2351 1914 proponuntur
2375 1859 2516 1913 signa,
2538 1860 2681 1913 imago

425 1927 573 1971 habitu
604 1930 862 1984 apostolicO,
889 1930 1026 1972 crucis
1056 1930 1279 1983 vexillum,
1305 1934 1347 1971 et
1376 1929 1617 1984 pisciculus·
1650 1929 1821 1984 Triplici
1852 1929 1953 1971 huic
1983 1929 2179 1985 symbolo
2208 1929 2349 1972 lucem
2380 1930 2505 1972 affert
2532 1931 2683 1973 titulus

426 1999 561 2041 eidem
595 2000 678 2042 diei
716 2001 762 2042 in
796 2000 964 2056 belgico
998 1999 1242 2042 kalendario
1279 2001 1497 2055 appositus
1534 2000 1665 2042 Marci
1697 2001 1997 2054 evangelistae,
2034 2000 2288 2062 abstinentia
2323 2014 2346 2043 a
2381 2001 2599 2055 carnibus,
2638 2007 2681 2044 et

425 2082 559 2125 usque
590 2071 644 2113 ad
670 2072 895 2126 prandium
919 2072 1124 2114 ieiunium
1154 2076 1333 2127 propter
1363 2072 1568 2113 litaniam.
1600 2070 1766 2113 Scilicet
1789 2071 1952 2125 imago,
1981 2072 2169 2113 Marcum
2188 2071 2486 2125 evangelistam
2510 2076 2553 2114 et
2577 2084 2682 2127 apo·
2749 2102 2754 2108 -
2790 2113 2794 2116 .

426 2141 606 2195 stolum,
635 2143 785 2197 piscis,
818 2142 1140 2195 abstinentiam3
1175 2155 1278 2184 crux
1307 2141 1497 2183 litaniam
1527 2141 1755 2197 significat:
1791 2128 1892 2184 crui
1925 2142 2036 2183 enim
2066 2132 2370 2184 stationalisin
2398 2144 2681 2197 processioni-

426 2211 505 2254 bus
539 2213 871 2277 praeferebatur.
906 2215 963 2255 In.
988 2214 1099 2256 hanc
1130 2213 1241 2255 diem
1272 2214 1471 2255 convenit
1498 2212 1661 2266 litania,
1694 2225 1802 2267 quae
1837 2226 1862 2255 a
1889 2212 2104 2255 veteribus
2136 2214 2271 2254 maior
2302 2217 2365 2254 est
2395 2213 2624 2268 appellata;
2656 2226 2693 2270 a,

426 2282 539 2324 Beda
568 2284 611 2324 in
642 2283 935 2338 ephemeride,
959 2289 999 2326 et
1028 2297 1052 2326 a
1076 2285 1312 2337 Micrologo
1335 2296 1429 2339 cap.
1455 2285 1525 2326 57.
1557 2295 1733 2325 romana
1759 2282 1936 2336 dicitur,
1960 2287 2003 2325 et
2026 2283 2070 2325 in
2094 2282 2403 2337 martyrologio
2426 2295 2476 2325 ex
2503 2284 2683 2326 statione

426 2366 603 2396 romana
626 2355 677 2396 ab
706 2356 857 2397 eodem
879 2352 1128 2409 indigitatur
1148 2355 1293 2397 litania
1320 2356 1453 2397 maior
1479 2354 1532 2396 ad
1555 2358 1748 2396 sanctum
1771 2356 1960 2396 Petrum.
1992 2354 2129 2406 Quare
2149 2354 2434 2395 Romanorum
2463 2354 2680 2407 propriam

426 2424 536 2467 hanc
557 2426 684 2467 fuisse
708 2426 896 2468 litaniam
919 2439 1006 2468 non
1033 2426 1183 2468 dubito
1199 2457 1210 2478 ,
1239 2438 1364 2480 quam
1397 2425 1550 2468 deinde
1581 2425 1771 2480 reliquus
1793 2426 1836 2466 in
1868 2424 2087 2466 occidente
2111 2424 2361 2466 christianus
2390 2424 2575 2478 populus
2598 2424 2685 2466 fre-

427 2498 654 2550 quentarit.
690 2498 891 2540 Maiorem
927 2498 1081 2540 dietam
1115 2497 1246 2539 fuisse
1282 2497 1474 2539 nonnulli
1508 2497 1815 2549 existimarunt,
1849 2495 1967 2550 quod
2000 2508 2024 2537 a
2055 2507 2210 2549 magno
2242 2495 2444 2548 Gregorio
2475 2495 2528 2536 sit
2555 2495 2684 2537 insti-

427 2570 538 2620 tuta;
569 2567 614 2609 id
645 2581 747 2610 vero
779 2569 815 2610 si
842 2569 899 2610 ita
927 2573 1014 2622 est,
1041 2581 1065 2610 a
1096 2568 1275 2624 posteris
1305 2567 1488 2610 inditum
1514 2567 1622 2609 illud
1651 2579 1739 2609 esse
1770 2566 2024 2609 vocabulum
2048 2565 2189 2619 dican-t
2211 2577 2378 2607 necesse
2402 2568 2488 2619 est,
2514 2577 2567 2606 ne
2589 2577 2681 2607 mo-

428 2638 604 2680 destiam
635 2640 884 2682 sanctissimi
911 2640 991 2681 viri
1024 2639 1192 2682 laedere
1221 2639 1469 2692 videantur,
1502 2637 1851 2693 quandoquidem
1882 2637 2111 2690 Gregorius
2139 2637 2228 2691 ipse
2258 2636 2462 2678 maiorem
2489 2635 2596 2679 hanc
2623 2637 2683 2679 li-

425 2709 582 2751 taniam
613 2722 700 2752 non
728 2711 867 2753 solum
896 2711 940 2752 in
973 2710 1284 2763 sacramentali,
1312 2709 1385 2752 sed
1417 2711 1540 2751 etiam
1569 2709 1735 2763 registri
1764 2708 1877 2750 libro
1901 2709 1943 2749 2.
1969 2707 2220 2750 nominavit.
2255 2708 2350 2749 Non
2381 2707 2487 2750 bene
2514 2707 2586 2750 alii
2611 2719 2685 2751 se-

428 2780 672 2835 ptiformem
710 2784 796 2825 sive
835 2787 1051 2838 septenam
1085 2782 1137 2824 ab
1170 2782 1251 2825 hac
1286 2782 1447 2824 maiore
1485 2781 1627 2823 litania
1661 2779 1946 2834 distinguunt,
1980 2791 2089 2833 quos
2128 2778 2224 2831 ille,
2262 2790 2388 2833 quem
2420 2779 2465 2820 in
2503 2779 2681 2834 antiquo

428 2852 584 2894 missali
614 2853 789 2907 legimus
820 2854 1050 2896 versiculus
1070 2854 1234 2908 arguit:
1267 2856 1433 2906 septenis
1462 2855 1589 2893 maior
1608 2853 1753 2892 mundo
1785 2853 1926 2892 litania
1954 2853 2093 2891 claret.
2126 2850 2260 2892 Maior
2290 2850 2402 2891 enim
2427 2848 2524 2891 ideo
2555 2860 2681 2892 voca-

427 2926 522 2975 tur,
550 2925 644 2978 quia
672 2930 843 2979 septena
874 2930 952 2967 est.
987 2925 1201 2980 Siquidem
1232 2925 1391 2978 maior,
1416 2924 1499 2965 hoc
1531 2927 1594 2964 est
1621 2923 1793 2964 uberior
1822 2921 2100 2977 pleniorque,
2122 2920 2192 2963 ille
2220 2920 2420 2975 precandi
2454 2921 2560 2964 ritus
2589 2925 2677 2973 est,

432 2994 545 3048 apud
575 2995 854 3050 christianos,
879 2997 952 3051 qui
979 2984 1330 3051 septemgeminus¹
1357 2998 1433 3037 est.
1467 2995 1504 3036 A
1533 2993 1722 3048 patribus
1748 2993 1812 3035 illi
1835 2993 1982 3035 statuti
2007 2996 2106 3034 sunt
2133 2991 2289 3046 gradu's
2316 2991 2558 3033 orationum
2580 2993 2681 3034 sim-

431 3066 550 3119 plex,
575 3067 736 3119 trinuS,
763 3069 956 3122 quintus,
982 3072 1199 3123 septenus,
1227 3079 1372 3109 omnes
1395 3067 1600 3121 impareS,
1623 3065 1694 3107 hic
1722 3065 1910 3106 omnium
1937 3062 2158 3105 maximus.·
2192 3062 2329 3113 Quare
2352 3063 2487 3113 major
2513 3074 2563 3102 ea
2586 3061 2683 3103 lita-

429 3137 498 3178 nia
528 3138 616 3179 iure
650 3143 850 3191 vocatur,
884 3151 992 3194 quae
1025 3144 1197 3192 septena
1230 3142 1312 3192 est,
1338 3137 1382 3180 id
1412 3142 1498 3189 est,
1533 3149 1641 3191 quae
1666 3136 1734 3178 vel
1764 3139 1925 3190 septem
1959 3133 2106 3176 orandi
2134 3132 2332 3174 modulos
2358 3131 2676 3186 complectitur,
2709 3144 2713 3148 ·

434 3207 498 3248 vel
527 3209 679 3262 septies
711 3211 754 3250 in
784 3211 994 3265 principio
1026 3223 1118 3252 eam
1147 3222 1295 3251 vocem
1325 3212 1437 3262 kyrie
1466 3210 1608 3249 eleison
1638 3207 1891 3261 ingeminat,
1922 3205 1990 3246 vel
2015 3208 2184 3259 septena
2210 3216 2258 3244 ex
2287 3215 2563 3257 quocumque
2587 3194 2683 3254 cae-7

432 3277 552 3318 litum
590 3280 739 3322 ordine
773 3286 1012 3324 sanctorum
1052 3282 1225 3324 nomina
1258 3282 1449 3333 invocat3
1483 3271 1851 3335 quemadmodum
1875 3277 2062 3331 quinque
2094 3274 2161 3316 vel
2193 3274 2275 3316 tria
2312 3278 2498 3327 tantum,
2532 3275 2680 3329 quinta

432 3347 501 3389 vel
525 3352 644 3391 terna
670 3351 813 3393 litania
842 3358 1082 3395 sanctorum
1109 3353 1282 3394 nomina
1307 3346 1573 3404 continebat,
1600 3353 1647 3391 ut
1671 3348 1870 3402 antiquus
1896 3345 2058 3387 ritualis
2084 3344 2193 3386 libe'r
2222 3346 2436 3387 vaticanus
2459 3376 2467 3385 .
2493 3375 2504 3384 .
2528 3375 2538 3385 .
2558 3356 2680 3398 prae-

433 3418 596 3460 scribit.
628 3421 804 3463 Addidit
839 3423 1068 3477 Gregorius
1101 3435 1279 3477 magnus
1312 3422 1367 3464 ad
1399 3422 1474 3464 has
1508 3432 1652 3463 omnes
1684 3417 1906 3474 septenarii
1934 3416 2118 3458 rationes
2149 3427 2292 3466 suam,
2325 3415 2416 3457 illas
2449 3415 2685 3469 peculiares

435 3490 590 3531 scilicet
620 3492 846 3533 stationum
879 3499 1062 3548 septem,
1095 3493 1362 3548 totidemque
1393 3491 1590 3534 ordinum
1619 3500 1895 3546 personarum
1925 3498 2030 3541 quae
2059 3486 2103 3527 in
2133 3485 2361 3528 maioribus
2389 3485 2553 3527 litaniis·
2571 3497 2677 3527 con-

433 3561 614 3602 venienti
645 3561 938 3605 distributione
976 3565 1205 3619 procedere
1235 3564 1517 3616 iubebantur,
1549 3562 1673 3615 cleri,
1706 3560 2035 3612 monachorum,
2068 3557 2332 3609 monialium,
2365 3566 2597 3611 puerorum
2631 3568 2683 3598 ac

434 3633 696 3687 puellarum,
728 3632 955 3688 laicorum,
988 3633 1211 3678 viduarum
1229 3667 1240 3689 ,
1274 3636 1595 3692 coniugatarum
1625 3632 1864 3675 mulierum.
1898 3629 2087 3682 Quorum
2118 3627 2315 3676 ordinum
2344 3631 2429 3669 tres
2459 3628 2582 3681 primi
2612 3639 2680 3669 ec*
2708 3626 2722 3630 “

437 3703 677 3755 clesiastici,
711 3703 847 3744 ultimi
877 3708 963 3746 tres
992 3717 1106 3747 mere
1136 3706 1390 3759 saeculares,
1415 3704 1576 3747 medius
1606 3716 1706 3745 vero
1737 3702 1847 3744 inter
1877 3704 2079 3754 utrosque
2110 3697 2385 3751 consistebat,
2417 3698 2537 3752 isque
2568 3709 2677 3751 pue-

435 3785 581 3816 rorum
602 3786 649 3815 ac
678 3774 911 3828 puellarum
941 3778 1030 3815 erat
1060 3776 1320 3817 monasteriis
1341 3780 1382 3817 et
1414 3774 1599 3817 ecclesiis
1629 3773 1683 3816 ad
1711 3772 1967 3829 peculiarem
1999 3767 2211 3825 quandam
2241 3768 2530 3811 educationem
2561 3768 2680 3810 obla-

436 3849 594 3893 torum.
629 3847 732 3888 Nam
755 3845 941 3901 reliquos
971 3849 1086 3886 extra
1116 3845 1227 3887 hunc
1252 3845 1443 3888 ordinem
1473 3843 1629 3901 pueros
1659 3837 1904 3900 puellasque
1922 3841 2175 3884 familiarum
2201 3840 2476 3896 processisse,
2502 3838 2680 3882 dubium
