2970 4420
226 491 266 522 20

225 798 264 827 25

227 1103 267 1133 30

219 1414 258 1444 25

219 1727 259 1759 40

217 2035 259 2064 45

220 2344 260 2374 50

222 2653 261 2682 55

219 2967 260 2996 (30

219 3278 261 3308 65

223 3582 263 3614 70

1264 284 1270 289 ’
1317 283 1541 317 ΡΟΕΜΔΤΔ.

303 359 354 408 μή
380 361 479 397 τοῦτο
505 357 634 409 δράσῃς
658 357 752 402 ἥλιε,
771 358 822 407 μή
847 359 930 408 πρὸς
956 361 1014 396 τῦν
1040 361 1104 396 σῦν
1129 357 1280 403 οἷκτίνων,

304 419 346 463 ‹24-
371 420 549 468 ἔπαφῆκας
573 421 756 468 πανταχοῦ
779 422 845 468 γῆς
871 419 947 469 ἅμα
970 421 1028 458 καί
1055 419 1252 463 θαλάσσης·

303 483 382 520 ἀλλ’
407 482 619 528 ἔξανάτειλον
643 483 726 531 η’μῒν
751 484 909 532 λαμπρὸς
933 482 1192 533 ἅρματηλάτης.

351 545 430 594 Φέρε
454 543 628 594 μετρήσω,
649 543 812 590 βασιλεῦ,
832 545 901 582 ἀπό
927 549 986 583 τῶν
1013 547 1075 582 σῦν
1101 545 1262 594 τροπαίων

301 605 432 643 ὁπόσων
458 605 524 642 ἔδει
551 619 591 642 σε
616 608 776 655 λαμπρῶν
800 606 955 656 ἁρμάτων
979 606 1146 652 ἐπιβῆναι·

302 667 390 704 ἑάλω
415 666 615 711 Λαοδίκεια,
635 667 791 717 μετρήσω
819 682 872 705 σοι
899 669 1010 719 δίφρον
1034 668 1101 706 ἕνα·

301 727 497 778 κεχείρωται
523 727 733 777 Σωζόπολις,
756 728 828 765 ι’δού
852 745 906 766 σοι
932 730 1032 779 δίφροι
1057 731 1123 767 δυό·

300 789 396 838 γένος
419 789 603 838 ἠφάνισται
630 789 786 836 Σκυθῶν,
805 795 894 841 τρεῖς
919 791 1054 842 ἂριθμῦ
1078 806 1132 829 σοι
1159 791 1301 843 δίφρους·

299 850 490 900 Δαλμάτης
514 851 793 901 Ιἦνδροίπόδιστοιι,
816 853 974 902 τέταρτος
999 851 1096 896 οὗτος
1121 853 1244 903 δίφρος·

298 911 397 955 ἔθνος
420 912 557 954 η’τπίθη
583 915 746 959 Δακικόν,
766 915 864 952 ’πέντε
889 916 1044 964 μετρήσω
1069 908 1214 965 δίφρους·

299 974 356 1009 καί
383 974 576 1010 καταλείπω
603 977 661 1015 τῆν
687 977 817 1016 πολλήν
843 976 1055 1025 Κασταμόνα
1078 978 1258 1025 κρατῆσαι.

301 1035 407 1078 ’Ἅλυς
432 1040 592 1086 περοῖται,
614 1038 673 1073 καί
698 1037 836 1081 πληθύς
861 1040 1128 1087 δουλαγωγεῖται
1155 1039 1257 1082 τόση,

298 1099 356 1135 καί
382 1097 443 1144 κᾷν
470 1101 526 1136 τόν
551 1097 625 1144 ἕνα,
647 1100 809 1144 βασιλεῦ,
831 1101 951 1136 τούτων
976 1100 1014 1136 οῦ
1041 1099 1127 1150 δέχῃ
1153 1101 1283 1150 δίφρον,

348 1161 422 1199 Ούκ
447 1160 652 1211 ἀγνοοῦμεν,
674 1162 838 1207 βασιλεῦ,
857 1164 916 1199 καί
942 1164 1000 1202 τήν
1024 1162 1220 1199 ταπείνωσίν
1246 1176 1308 1199 σου

297 1223 331 1260 ἰν
356 1222 382 1272 ᾖ
407 1223 584 1273 βαρβάρων
609 1222 775 1274 ἔκαμψας
800 1224 951 1274 αὐχένας
976 1224 1194 1274 ἐπηρμένους·

296 1284 376 1322 ὅσον
400 1286 469 1335 γοὶρ
493 1285 654 1334 πράττεις
679 1285 819 1332 ὑψηλάς
845 1286 903 1322 καί
929 1285 1112 1335 τεραστιάς
1138 1285 1249 1328 νίκας,

296 1349 458 1384 τοσοῦτον
483 1350 771 1396 ταπεινοφρονεῖς,
791 1349 952 1383 τοσοῦτον
977 1347 1079 1388 νεύεις
1103 1345 1202 1382 κάτω·

294 1408 390 1445 άλλοὶ
414 1409 453 1445 τό
478 1410 531 1459 νῦν
556 1409 747 1457 γινόμενον,
768 1409 827 1444 οῦκ
854 1408 948 1443 ἔστιν
975 1406 1072 1456 ἔργον
1099 1408 1219 1456 τύφου,

295 1469 503 1520 εὐχαριστία
528 1473 556 1505 δ’
582 1470 632 1511 εἷς
657 1468 736 1505 θεὸν
760 1469 821 1505 καί
846 1469 908 1507 τὴν
933 1467 1038 1504 αὐτοῦ
1061 1466 1213 1518 μητέρα,

294 1532 378 1580 τιμὴ
404 1533 465 1567 τοῦ
490 1534 614 1580 δημοῦ,
635 1532 697 1572 τῆς
723 1530 867 1574 βουλῆς,
889 1530 972 1574 δόξα
998 1532 1062 1575 Τῆς,
1084 1530 1268 1572 πολιτείας·

298 1593 328 1628 εί
354 1591 460 1629 τοίνυν
485 1592 715 1641 ε’φευρνίκαμεν
737 1592 840 1641 χάριν
867 1584 999 1628 ε’νοίπιόν
1026 1605 1087 1628 σου

294 1655 329 1695 ,οἱ
356 1657 476 1697 παῖδες
502 1657 562 1697 τῆς
588 1654 738 1696 δουλίδος
765 1668 826 1690 σου
852 1656 913 1696 τῆς
939 1654 1015 1696 νέας
1041 1654 1167 1696 ταύτης
1188 1643 1337 1703 Ῥώμης,

294 1717 352 1754 ἐπὶ
378 1720 439 1759 τῆς
465 1717 610 1765 ἄντυγος
635 1719 752 1765 γενοῦ,
772 1717 831 1752 καί
857 1715 1028 1765 πρόσελθε
1054 1716 1113 1752 σῦν
1139 1717 1230 1764 δόξῃ.

344 1777 389 1814 Τι’
411 1780 509 1814 τοῦτο
534 1778 712 1827 πράττεις,
733 1778 897 1822 βασιλεῦ,
918 1776 975 1814 ε’πί
997 1780 1116 1826 χαροῖς
1139 1777 1270 1827 ἡμέρας

296 1845 453 1891 περιορᾷς
477 1856 523 1890 με
548 1841 734 1878 κλαίουσαν
760 1842 820 1881 τήν
844 1839 1044 1890 θρεπτείραν
1071 1843 1134 1877 σοῦ
1154 1841 1304 1888 Ῥόμηνς

296 1902 355 1939 ε’πί
381 1906 484 1952 καιρῷ
503 1902 730 1952 χαρμοσύνης
748 1902 947 1952 ’θρηνοῦσαν
973 1901 1200 1951 παραβλέπῃ;

295 1965 445 2013 ἤμελλον
467 1965 619 2013 χαίρειν,
640 1965 699 2000 καί
724 1963 843 2000 πενθῶ·
869 1967 1014 2013 κροτεῖν,
1036 1965 1095 2000 καὶ
1121 1963 1361 2013 σκυθρωπάζω·

294 2026 427 2063 πλέκειν
453 2026 583 2063 παιάνα
606 2027 786 2075 μουσικόν,
806 2028 864 2063 καί
890 2026 1000 2062 πλέκω
1024 2027 1266 2074 παρακλήσεις·

295 2089 330 2126 τί
352 2102 419 2137 μου
445 2088 639 2137 συντέμνεις
663 2090 723 2128 τήν
744 2090 875 2138 χαράν,
897 2090 956 2129 τη“ν
980 2089 1099 2129 η’δονην
1124 2088 1334 2139 σμικρόνεις,

297 2152 349 2188 ἔτι
375 2151 501 2200 γυμνόν
528 2153 566 2188 τό
592 2151 766 2201 τέτρωρον,
787 2153 844 2188 καὶ
871 2153 913 2188 σύ
940 2151 1091 2200 πεζεύεις
1116 2150 1186 2197 ἔτι;

295 2213 357 2250 οῦκ
381 2213 506 2262 ἐπιβῇς
530 2216 592 2256 τῆς
615 2214 781 2262 ἄντυγος,
802 2213 840 2250 οῦ
865 2214 946 2263 δέξῃ
973 2214 1035 2256 τοὶς
1060 2213 1174 2256 ἡνίας

296 2275 356 2312 οῦκ
381 2275 566 2325 ε’πιδίφριος
592 2275 719 2325 οἷρθῇςς
745 2276 812 2324 οὔχ
837 2277 1116 2326 ἁρματηλτίσεις;

295 2337 408 2373 ἄδικον
434 2337 526 2373 ἔστιν
552 2336 675 2373 ἄδικον·
701 2337 766 2387 οὐχ
791 2338 869 2386 ἔχει
893 2342 992 2375 τοῦτο
1018 2339 1129 2387 φύσιν.

345 2399 578 2441 Εἷσάκουσόν.
586 2414 672 2447 μου,
694 2399 842 2444 βασιλεῦ
849 2428 858 2444 ,
879 2403 940 2442 τῆς
966 2402 1089 2443 δούλης
1114 2401 1190 2444 νέας
1211 2402 1352 2449 Ῥώμης·

297 2460 502 2498 εἷσάκουσόν
526 2476 592 2510 μου
619 2465 680 2504 τῆς
705 2465 873 2512 κραυγῆς,
894 2461 1035 2506 ἐπίβηθι
1061 2466 1121 2498 τοῦ
1145 2462 1269 2511 δίφρου·

297 2523 356 2559 καὶ
382 2522 576 2572 λάμπρυνόν
599 2537 665 2571 μου
691 2524 757 2564 τοὶς
783 2524 881 2566 ὁδούς
906 2523 1056 2571 τῷθεία
1081 2538 1142 2560 σου
1167 2525 1304 2572 προόδῳ·

299 2584 392 2633 ἔχεις
418 2585 479 2632 μὲν
506 2583 618 2633 ἕτερον
643 2583 737 2627 ἐντός
763 2585 858 2634 ἅρμα
881 2587 1038 2634 λαμπρὸν
1063 2587 1122 2622 καί
1147 2584 1240 2622 θεῖον

302 2648 364 2689 τοὶς
390 2646 566 2694 τέσσαρας
591 2649 651 2682 τῶν
676 2645 798 2695 αἱρετῶν
824 2648 888 2689 τοὶς
911 2649 1047 2696 γενικοὶς
1071 2650 1132 2684 καί
1155 2648 1304 2697 πρώτας,

299 2708 527 2751 δικαιοσύνην,
549 2707 723 2756 φρόνησιν,
743 2708 909 2758 ἀνδρείαν,
930 2709 1160 2759 σωφροσύνην,

251 2795 260 2804 .
299 2774 339 2807 δι’
365 2768 407 2807 ὗν
433 2770 490 2805 καί
515 2769 639 2818 μέχρις
665 2770 805 2820 ου’ρανῶν
831 2769 936 2807 αὐτῶν
961 2770 1190 2821 ἐπελαφρίζῃ,

298 2834 356 2869 καί
383 2831 522 2882 φθάνεις
548 2831 598 2874 εἷς
624 2833 685 2874 τοὶς
711 2832 860 2880 ἄντυγας
886 2834 949 2874 τοὶς
975 2833 1240 2882 ὑπερουρανίους·

297 2895 391 2931 άλλοί
414 2897 472 2931 καὶ
499 2895 638 2939 τούτου,
659 2893 824 2940 βασιλεῦ,
844 2894 987 2938 ἐπίβηθι
1014 2899 1074 2931 τοῦ
1100 2895 1215 2945 δίφρου

297 2958 356 2994 καί
369 2957 543 3006 φαίδρυνόν
561 2970 627 3005 μου
645 2958 709 2999 τοὶς
726 2957 839 3000 ὁδούς,
856 2957 915 2992 καί
930 2956 1073 3005 λάμψον
1089 2971 1155 3006 μου
1170 2961 1246 3000 ταῖς
1261 2957 1398 3007 τρίβοις.

347 3019 419 3056 Οὐκ
445 3018 559 3062 οἰθέει,
581 3020 639 3054 σο“ν
666 3018 813 3063 βασιλεῦ
836 3018 1020 3055 ἐσκεύασαι
1047 3020 1103 3054 τὸν
1129 3018 1255 3068 δίφρον,

298 3081 357 3118 οῦκ
384 3081 480 3118 οἷθεεί
507 3082 585 3123 τούς
612 3079 735 3123 ἵππους
761 3081 879 3118 τούτου
906 3080 1152 3130 ύποζευξάμην·

298 3144 359 3181 οῦκ
384 3142 481 3180 οἷθεεί
510 3144 593 3185 τούς,
611 3143 776 3192 χαλινούς
801 3143 941 3185 τούτους
968 3141 1224 3192 εῦηρμοσάμην,

298 3206 358 3243 οῦκ
383 3204 483 3242 οἱθεεί
508 3206 567 3246 τήν
592 3205 726 3253 ἄντυγα
750 3204 876 3244 ταύτην
901 3205 1134 3254 ἐγυρωσάμην·

298 3270 358 3304 τῶν
383 3267 547 3316 ἐσομένων
574 3265 688 3302 ἄθλων
715 3281 777 3303 σου
804 3266 923 3315 μάντις
949 3267 968 3303 o‘
995 3266 1108 3315 δίφρος
1134 3266 1242 3311 οὗτος·

298 3330 344 3365 τά
368 3327 522 3375 τέσσαρα
546 3330 613 3377 γάρ
638 3328 792 3376 κλίματα
816 3331 877 3370 τῆς
902 3327 985 3370 ὅλης
1010 3329 1179 3378 περιγείου

299 3390 342 3432 ὦς
367 3390 497 3432 πώλους
521 3390 668 3438 γαύρους
695 3389 885 3438 τέσσαρας,
905 3389 948 3431 ὦς
974 3388 1149 3432 δυσηνίους
1173 3389 1298 3432 ἵππους

299 3454 360 3494 τῆς
386 3451 533 3500 ζεύγλης
559 3454 626 3494 τῆς,
643 3451 814 3500 ῥωμαΐκῆς
840 3450 1132 3500 καθυποστρώσας
1157 3452 1267 3501 τύχης

299 3513 425 3561 ἄγξαις
450 3516 551 3561 κημῷ
570 3514 629 3549 καί
650 3515 783 3562 χαλινῷ
807 3514 869 3554 τοὶς
894 3512 1016 3548 τούτων
1043 3513 1223 3561 σιαγόνας,

300 3575 358 3610 καί
381 3578 496 3610 πᾶσαν
523 3575 582 3614 τη“ν
606 3574 771 3628 περίγειον
797 3572 1054 3618 καθυποτάξαις
1077 3576 1184 3618 λῆξιν.

351 3637 484 3685 Ξέρξης
509 3637 529 3672 o'
552 3637 701 3686 πέρσης,
722 3636 883 3680 βασιλεῦ,
905 3637 922 3672 o‘
946 3637 1061 3672 πολλοὶ
1086 3636 1286 3685 κομπάσας,

298 3697 441 3736 κοτύλην
465 3697 545 3745 μίαν
571 3698 692 3740 ὕδατος
718 3699 776 3733 καί
791 3688 963 3746 ’χείματος
987 3696 1105 3746 ἑτέραν

297 3758 446 3799 αἰτήσας
471 3757 510 3794 ἔκ
535 3759 595 3800 τῆς
621 3758 700 3795 καθ’
725 3759 819 3807 ἡμᾶς
844 3758 903 3794 οὐκ
929 3757 1051 3802 ἔλαβεν
1072 3758 1245 3800 Ἑλλάδος·

298 3820 341 3855 σύ
367 3818 402 3854 δέ
426 3819 726 3868 μεγαλουργότατε
753 3823 813 3856 τῶν
837 3821 947 3856 πάλαι
973 3819 1139 3863 βασιλέων

380 3890 422 3925 a)
439 3889 509 3920 Non
528 3890 566 3920 de
589 3898 648 3922 avo
668 3891 793 3929 Alexio,
814 3892 866 3923 sed
886 3892 924 3922 de
944 3892 1002 3922 hoc
1020 3890 1163 3922 Iohannis
1182 3891 1247 3922 filio
1264 3891 1390 3929 Alexio,
1407 3891 1550 3930 loquitur
1567 3893 1659 3940 cpiam
1677 3892 1813 3930 primum
1832 3892 1995 3927 Prodromi
2014 3896 2134 3932 poema,

2459 268 2549 321 4¹1

1469 361 1527 400 τήν
1553 356 1644 407 ὕβριν
1670 355 1893 408 ἀμειβόμενος
1919 359 1980 399 τῆς
2004 355 2175 406 ἀσελγοῦς
2200 358 2378 408 Περσίδος,

1468 422 1545 458 ἀντὶ
1572 420 1717 463 κοτύλης
1741 418 1864 461 ῦδατος
1889 417 1965 455 ὅλον
1990 417 2178 466 λαμβάνεις
2194 419 2306 456 Ἅλυν·

1470 482 1547 518 ἀντὶ
1571 482 1694 532 μικροῦ
1716 481 1751 518 δι’
1772 480 1954 530 χείματος,
1975 478 2247 527 οἶπειροπλῆθους
2269 481 2408 529 χώρους·

1471 543 1642 586 τοσαύτας
1669 543 1704 579 δέ
1728 541 1907 584 τετελεκοὶς
1929 541 2092 590 λαμπράς
2115 539 2362 589 ἀνδραγαθίας,

1472 605 1522 642 ἔτι
1549 605 1588 642 τό
1612 603 1798 654 τέθριππον
1822 603 1923 654 άρνῇς
1948 603 2006 640 καὶ
2034 603 2092 644 τῆν
2118 595 2361 651 διφρηλασίανξ

1470 667 1519 714 μή
1547 668 1645 702 τοῦτο
1673 665 1817 715 δράσῃς,
1838 665 2002 710 βασιλεῦ,
2019 664 2071 713 μή
2095 663 2176 711 πρός
2202 665 2261 699 τῶν
2289 666 2351 699 σῶν
2376 663 2547 713 τροπαίων.

1520 729 1567 764 Τό
1594 726 1684 764 θεῖον
1708 726 1822 777 οἵρμα,
1843 726 2004 771 βασιλεῦ,
2024 726 2047 766 ἦ
2071 725 2230 774 νοουμένη
2257 723 2383 768 κτίσις,

1471 789 1490 826 o‘
1516 792 1573 827 καί
1599 789 1844 839 μυριοπλάσιον
1869 789 1974 838 φησίν
2000 789 2018 825 o‘
2043 786 2316 836 ψαλμογράφος,

1473 854 1763 900 συνεστρατεῦσαν
1787 852 1879 899 μετά
1904 864 1966 888 σου
1992 851 2050 887 καὶ
2077 851 2383 897 συναποδημῆσαν,

1472 912 1639 957 ἕβύθυσέν
1666 927 1720 950 σοι
1746 915 1805 954 τήν
1830 911 1967 954 πληθύν
1992 915 2053 949 τῶν
2077 913 2240 960 περσικῶν
2264 911 2438 961 ἁρμάτων,

1471 976 1639 1013 ε’πόντωσέ
1662 991 1715 1013 σοι
1741 978 1819 1019 τούς
1843 975 1968 1018 ἵππους
1993 978 2054 1017 τῆς
2069 975 2182 1024 Ἀγαρ
2208 975 2266 1011 καί
2293 973 2476 1022 τριστάτας

1472 1038 1541 1076 οὐκ,
1557 1036 1700 1087 ἐρυθροὶν
1728 1038 1778 1080 εἷς
1803 1037 1990 1075 θάλασσαν
2015 1037 2094 1073 ἀλλ’
2120 1035 2169 1079 εἷς
2194 1034 2294 1072 αύτόν
2320 1037 2376 1071 τὸν
2392 1034 2504 1071 Ἅλυν·
2525 1075 2530 1078 ,

1473 1101 1532 1136 καί
1556 1103 1609 1136 νῦν
1636 1099 1855 1144 συνεπιβῆναι
1882 1114 1936 1136 σοι
1963 1099 2082 1136 τούτου
2108 1102 2168 1135 τοῦ
2191 1098 2304 1148 δίφρου
2330 1097 2435 1134 θέλει·

1471 1162 1522 1210 μνί
1546 1164 1625 1210 γοῦν
1651 1161 1858 1211 πεζεύουσαν
1883 1161 2008 1206 αὐτήν,
2030 1164 2247 1209 σκηπτοῦχε,
2267 1159 2473 1209 παραλίπῃς·

1471 1223 1545 1273 ἔχει
1570 1225 1632 1272 μὲν
1658 1222 1736 1260 οἶδα
1760 1225 1803 1260 τοὶ
1828 1225 1935 1273 πτερά
1960 1223 2051 1263 δίκην
2076 1226 2202 1263 πτηνοῦ
2226 1221 2426 1271 τεθρίππου,

1471 1288 1549 1323 ἀλλ’
1575 1286 1782 1336 ἀποδέχεται
1810 1288 1869 1323 σύν
1895 1287 1951 1322 σοί
1972 1287 2092 1336 χαμαί
2118 1289 2378 1336 διφρηλατῆσαι.

1521 1347 1717 1398 Ἐνδέχεταί
1743 1362 1823 1393 σου,
1845 1348 2010 1393 βασιλεῦ,
2030 1349 2068 1386 τό
2095 1351 2195 1396 σῶμα
2219 1349 2257 1383 τό
2281 1349 2452 1396 γενναῖον,

1471 1411 1531 1450 τήν
1558 1411 1670 1460 σάρκα
1694 1412 1754 1450 τήν
1779 1409 2004 1460 πολύμοχθον
2029 1412 2086 1447 καὶ
2113 1412 2172 1451 τήν
2196 1409 2440 1460 ἀδαμαντίνην,

1470 1475 1612 1514 πολλοῖς
1637 1473 1860 1509 παλαίσασαν
1885 1477 2024 1523 κρυμοῖς
2049 1475 2109 1510 καί
2135 1472 2283 1510 θάλπεσι
2309 1471 2456 1521 μυρίοις,

1469 1533 1766 1583 ὅμβροις,’χιόσι,
1786 1538 1947 1583 νιφετοῖς,
1964 1534 2162 1583 χαλάζαις,
2180 1535 2347 1584 πάχναις,
2369 1534 2519 1583 δρόσοις,

1469 1595 1572 1644 οἶέρων
1596 1595 1819 1640 ἀλλοιώσεσι,
1840 1597 1900 1632 καί
1925 1597 2029 1633 τόπων
2055 1595 2270 1646 δυσχωρίαις·

1469 1660 1622 1693 τοσαῦτα
1645 1659 1862 1700 κοπιάσασαν
1888 1658 1921 1694 ἐν
1945 1659 2080 1708 μάχαις
2106 1660 2163 1695 καί
2190 1658 2351 1707 πολέμοις

1469 1722 1623 1755 τοσαῦτα
1647 1723 1742 1768 φῦλα
1767 1720 1925 1769 βάρβαρα
1949 1719 2295 1769 κάταδουλωσαμένην

1469 1783 1528 1818 καί
1553 1784 1669 1818 πᾶσαν
1695 1783 1915 1827 ύποταξοίσαν
1941 1783 1974 1818 ἐν
2000 1784 2121 1832 άκαρεῒ
2146 1783 2311 1832 Περσίδα,

1469 1843 1665 1879 ἀνάπαυσαι
1692 1844 1777 1892 πρός
1801 1844 1918 1892 μικρόν
1943 1843 2003 1881 ε’πί
2029 1848 2089 1881 τοῦ
2113 1846 2227 1894 δίφρου
2253 1845 2372 1881 τούτου

1469 1907 1527 1942 καί
1554 1905 1732 1956 προελθεῖν
1756 1909 1928 1949 νικητικῶς
1954 1906 2004 1949 εἷς
2029 1907 2128 1952 δόξαν
2153 1911 2214 1944 τῶν
2235 1907 2413 1955 Ῥωμαίων.

1493 2000 1582 2037 ΧΠ.
1610 2002 1678 2036 Τοῦ
1697 1999 1802 2036 αὐτοῦ
1822 1999 1923 2049 ὕμνος
1944 2003 1988 2047 τῷ
2012 2000 2154 2045 βασιλεῖ
2172 2002 2303 2050 Ἰωάννη
2325 2004 2370 2048 τῷ
2388 2002 2547 2048 Κομνηνῷ

1650 2060 1707 2097 ἐπὶ
1734 2064 1777 2109 τῇ
1801 2064 1950 2108 Χριστοῦ
1973 2063 2142 2109 γεννήσει,
2164 2066 2236 2105 τοῖς
2263 2064 2390 2110 δήμοις.

1469 2155 1576 2191 Πάλιν
1601 2153 1774 2203 γενέθλιον
1800 2155 1953 2202 Χριστοῦ
1976 2153 2034 2188 καί
2060 2152 2132 2191 νίκη
2161 2152 2348 2196 βασιλέως,

1470 2219 1628 2266 φρικῶδες
1654 2216 1692 2251 τό
1717 2214 1911 2264 γενέθλιον,
1932 2214 2164 2263 ἀπρόσμαχος
2188 2214 2211 2254 ἦ
2235 2214 2319 2253 νίκη·

1469 2279 1570 2315 πάλιν
1597 2277 1678 2319 θεός
1703 2276 1773 2314 οἷπδ
1799 2277 1934 2324 Θαιμοὶν
1959 2274 2073 2323 ὦράθη
2102 2276 2328 2325 σαρκοφόρος,

1469 2341 1528 2377 καί
1556 2340 1719 2384 βασιλεῦς
1745 2339 1813 2376 άπὸ
1839 2339 1974 2386 Θαιμοὶν
2000 2337 2144 2378 εἰσῆλθε
2168 2339 2353 2386 νικηφόρος·

1469 2403 1576 2451 ἀστήρ
1603 2401 1687 2439 θεοῦ
1710 2402 1768 2442 τήν
1795 2401 1926 2438 ἔλευσιν
1953 2403 2024 2443 τοῖς
2049 2399 2176 2450 μάγοις
2202 2400 2450 2448 καταγγέλλει,

1469 2468 1525 2503 τδν
1553 2469 1580 2502 δ’
1605 2465 1738 2502 ἄνακτα
1761 2464 1942 2514 μηνύουσιν
1966 2463 2085 2512 ἄστρα,
2104 2464 2219 2500 πολλοὶ
2242 2462 2410 2511 τροπαίων·

1463 2527 1526 2565 ’τόν
1550 2528 1612 2576 μὲν
1639 2526 1672 2562 ἐν
1696 2528 1804 2576 φάτνῃ
1831 2526 1979 2575 κείμενον
2004 2529 2093 2574 τρεῖς
2119 2527 2343 2574 προσκυνοῦσι
2369 2525 2515 2574 Πέρσαι,

1469 2591 1531 2625 τοῦ
1556 2592 1582 2624 δ’
1609 2589 1673 2625 ῦπό
1699 2588 1806 2630 πόδας
1831 2587 1996 2624 κλίνουσιν
2021 2590 2121 2624 ποῖσα
2145 2589 2271 2636 Περσίς
2295 2586 2435 2636 αὐχένα·

1471 2650 1489 2686 o‘
1513 2651 1574 2697 μὲν
1599 2649 1754 2699 ἐκφεύγει
1779 2649 1956 2699 μάχαιραν
1982 2640 2212 2698 βρεφεκτόνον,

1469 2712 1487 2749 ὁ
1514 2714 1541 2747 δ’
1568 2711 1775 2760 ἐκδιδράσκει
1801 2713 1839 2747 τό
1865 2712 1980 2761 πικρὸν
2006 2714 2066 2746 τοῦ
2089 2711 2236 2748 κλέπτου
2262 2711 2394 2760 Πέρσου
2421 2710 2530 2754 βέλος·

1468 2772 1651 2822 ἀμφότεροι
1678 2774 1737 2812 τήν
1762 2772 1902 2809 ἅπασαν
1927 2771 2126 2820 οἱναγεννῶσι
2153 2773 2280 2817 κτίσιν,

1469 2835 1518 2877 εἷς
1544 2834 1634 2880 ὕψος
1659 2834 1914 2879 ἀναβαίνουσιν,
1933 2833 2014 2873 ἔθνη
2042 2837 2304 2883 κληρονομοῦσι,

1468 2898 1666 2945 τροποῦνται
1693 2899 1759 2932 πᾶν
1784 2896 1823 2930 τό
1849 2895 2040 2946 βάρβαρον,
2061 2897 2117 2931 καί
2144 2896 2260 2936 πόλεις
2285 2893 2505 2944 καθαιροῦσι,

1468 2959 1526 2994 καί
1553 2959 1632 2999 τούς
1658 2960 1717 2999 τῆς
1740 2958 1869 3006 Ῥώμης
1895 2958 2120 3006 σχοινισμούς
2145 2957 2411 3001 αὐξάνουσι·τῆς
2435 2956 2528 3000 νέας,

1467 3020 1525 3056 καὶ
1554 3018 1704 3068 σωτηρία
1726 3018 1873 3066 γίνονται
1899 3022 1944 3065 τῷ
1962 3018 2182 3068 χριστωνύμῳ
2207 3017 2324 3067 κλήρῳ·

1467 3080 1546 3116 ἀλλ’
1573 3078 1597 3116 ὦ
1619 3080 1772 3129 γενάρχα
1796 3084 1855 3117 τοῦ
1880 3082 2022 3126 παντός,
2043 3080 2216 3126 παντάναξ
2226 3110 2234 3125 ,
2254 3079 2503 3129 παντοκράτωρ,

1469 3143 1486 3180 ὅ
1512 3144 1588 3192 πρίν
1613 3143 1749 3192 ἀμήτωρ
1774 3143 1811 3180 ἐκ
1836 3145 1980 3192 πατρὸς,
2001 3147 2053 3180 νῦν
2079 3147 2106 3180 δ’
2133 3143 2169 3179 ἐκ
2195 3145 2323 3192 μητρός
2348 3143 2502 3191 ἀπάτωρ,

1468 3206 1655 3254 φρούρησον
1666 3234 1674 3249 ,
1689 3207 1795 3241 σῶσον
1806 3235 1814 3250 ,
1827 3205 2000 3242 σκέπασον
2016 3206 2065 3247 είς
2082 3204 2262 3247 πλείστους
2282 3205 2425 3247 κύκλους
2438 3205 2561 3253 χρόνων

1469 3268 1524 3302 τὸν
1550 3267 1684 3306 νικητνὶν
1712 3268 1768 3303 τόν
1793 3267 1962 3315 Κομνηνδν
1989 3267 2154 3306 δεσπότην
2180 3266 2348 3311 Ἰωάννην,

1467 3328 1529 3365 καί
1554 3330 1609 3365 το“ν
1634 3331 1693 3365 τοῦ
1718 3329 1864 3377 στίφους
1890 3330 2036 3365 κοινωνόν
2061 3329 2209 3373 Ἀλέξιον
2235 3329 2400 3369 δεσπότην
2429 3329 2501 3377 (1),

1467 3393 1526 3427 καί
1552 3392 1630 3433 τούς
1656 3390 1974 3441 σεβαστοκροίτορας
2000 3393 2058 3427 καί
2083 3391 2423 3445 πορφυρογεννήτους,

1467 3453 1506 3489 τό
1533 3456 1591 3488 τῶν
1615 3453 1734 3494 ἦλίκων
1758 3452 1923 3501 ἄγαλμα,
1943 3454 2001 3494 τήν
2027 3453 2233 3502 θαυμασττὶν
2257 3454 2384 3502 τριάδα·

1467 3515 1509 3557 οἷς
1535 3517 1592 3551 καί
1619 3518 1730 3564 πατήρ
1757 3518 1816 3552 σύν
1841 3517 1959 3553 παισίν
1984 3517 2180 3565 ἀγάλληται
2206 3517 2386 3561 τοιούτοις,

1467 3578 1525 3612 καί
1551 3579 1670 3619 παῖδες
1695 3577 1894 3627 ἐπιχαίρωσι
1921 3580 2026 3628 πατρί
2052 3580 2291 3629 τροπαιοφόρῳ.

1819 3667 1928 3707 XIII.
1954 3668 2025 3712 Εἷς
2043 3672 2081 3708 το“
2107 3670 2199 3708 αῦτό.

1464 3759 1665 3808 Εὖχαριστῶ
1687 3772 1754 3807 μου
1780 3761 1823 3806 τῷ
1847 3757 1928 3806 θεῷ,
1951 3763 2150 3809 σκηπτοῦχε
2177 3763 2398 3809 τροπαιοῦχε,

1463 3822 1487 3860 ἥ
1511 3821 1645 3865 τέξασά
1669 3834 1708 3856 σε
1729 3820 1879 3868 Ῥωμαῒς
1903 3822 1965 3857 καί
1986 3822 2098 3870 μήτηρ
2123 3836 2185 3859 σου
2211 3823 2269 3859 καί
2296 3823 2417 3866 δούλη,

2305 3942 2323 3960 ἡ

2601 363 2640 394 75

2600 676 2638 706 80

2608 981 2647 1010 85

2607 1289 2646 1318 90

2607 1601 2647 1630 95

2610 1908 2668 1938 100

2605 2156 2626 2187 r.
2651 2162 2710 2187 121.
2726 2156 2758 2186 b.

2607 2717 2644 2745 10

2604 3025 2641 3054 ¹5

2599 3335 2637 3364 20

2597 3747 2618 3793 s.
2640 3768 2699 3793 122.
2718 3771 2746 3794 a.
