2970 4420
1234 262 1289 299 nn
1321 265 1503 299 means.
1767 272 1769 275 ·
2440 248 2500 296 ⁴1'7

252 367 408 406 mum,
433 351 699 404 Irenaeum,
727 349 958 398 Isidorum
989 351 1290 414 pelusiotam,
1316 354 1587 415 Origenem‚
1615 349 1854 402 Photium‚
1891 350 2111 395 Severum
2142 350 2496 404 antiochenum,

250 428 625 482 Theodoretum‚
660 427 956 475 Theodorum
990 429 1361 485 heracleensem,
1396 428 1692 477 Theodorum
1723 434 2101 490 mopsuestenum
2119 461 2130 480 ,
2164 426 2495 490 Theophilum,

249 507 418 553 Titum.

382 584 608 628 Catenam
644 598 694 627 ιη
728 581 814 628 Iob
849 597 944 629 non
979 598 1076 630 esse
1104 584 1313 637 Nicetae,
1341 583 1434 630 sed
1456 581 1784 645 Olympiodori
1817 579 2056 628 contendit
2081 580 2361 632 Comitolus;
2388 582 2499 628 soli-

252 660 416 722 disque
439 676 547 707 eum
575 659 625 706 id
650 660 864 706 evincere
896 661 1205 722 argumentis,
1229 660 1372 706 tradit
1403 661 1690 707 Possevinus.
1727 659 1897 705 Verum
1931 657 2104 704 solidas
2133 658 2254 719 ipsas
2289 657 2503 704 Comitoli

251 738 624 784 ratiocinationes
659 737 1020 784 consideremus.
1058 738 1135 784 Ait
1158 739 1332 800 scripto
1368 737 1684 789 admonitum,
1710 752 1844 791 eum,
1874 736 1953 796 qui
1990 750 2085 781 non
2113 734 2504 797 olympiodorum

251 814 577 861 alexandrinae
611 813 829 860 ecclesiae
869 813 1117 860 diaconum
1138 848 1150 867 ‚
1186 813 1268 860 sed
1301 814 1508 860 Nicetam
1543 813 1791 860 Heracleae
1830 813 2102 874 episcopum
2142 819 2329 857 catenae
2369 811 2505 857 huius

251 899 489 938 auctorem
519 890 837 946 existimabat,
866 894 1060 940 sensisse
1088 907 1136 938 se
1159 892 1362 954 captiosa
1389 891 1717 954 probabilitate
1744 889 2025 957 deceptum,
2055 889 2256 951 ideoque
2282 889 2421 935 semel
2459 898 2505 935 et

250 969 418 1015 iterum
451 968 571 1015 datis
604 969 768 1015 litteris
802 970 941 1016 errati
973 970 1044 1016 sui
1079 970 1262 1016 veniam
1294 969 1592 1031 deprecatum
1614 1003 1626 1021 ,
1663 977 1709 1014 et
1739 969 1786 1014 in
1819 968 2091 1014 sententiam
2128 982 2259 1013 suam
2290 966 2504 1013 manibus

251 1043 543 1107 pedibusque
566 1046 772 1098 venisse,
803 1055 1010 1092 erratum
1035 1045 1314 1108 professum.
1351 1046 1476 1091 Licet
1497 1046 1643 1097 enim,
1671 1052 1724 1090 ut
1751 1043 1831 1091 ille
1855 1042 2107 1096 asserebat,
2135 1058 2161 1088 a
2192 1043 2398 1089 Iohanne
2423 1038 2505 1106 pa-

250 1122 453 1169 risiensis
476 1122 693 1169 ecclesiae
717 1124 940 1169 canonico
964 1122 1221 1175 didicisset,
1243 1130 1342 1167 tum
1367 1123 1414 1167 in
1444 1137 1553 1174 suo,
1576 1130 1675 1167 tum
1701 1122 1747 1167 in
1773 1121 1893 1182 regis
1916 1121 2154 1167 Gallorum
2182 1120 2254 1183 (et
2278 1121 2500 1175 Caesaris,

247 1208 295 1246 et
326 1199 372 1245 in
396 1199 549 1246 ottob.
572 1199 586 1262 )
612 1199 954 1262 exemplaribus
977 1207 1023 1246 et
1050 1213 1147 1245 non
1176 1199 1334 1261 paucis
1357 1214 1476 1260 quae
1498 1198 1898 1260 Constantinopoli
1925 1199 2137 1244 visuntur
2152 1233 2164 1251 ‚
2190 1213 2374 1244 summo
2398 1215 2504 1245 cum

245 1291 500 1338 consensu,
527 1278 711 1324 Nicetae
736 1292 906 1323 nomen
931 1275 1185 1339 praefixum
1218 1274 1471 1327 habeatur,
1497 1284 1542 1321 et
1567 1275 1699 1321 stilus
1722 1291 1813 1321 una
1841 1291 1947 1321 cum
1972 1275 2161 1337 reliquis
2184 1277 2369 1322 Nicetae
2391 1291 2504 1339 ope-

249 1352 381 1399 ribus
405 1353 543 1415 plane
565 1355 846 1407 consentiat,
877 1369 963 1400 suo
985 1362 1139 1400 tamen
1164 1352 1338 1399 iudicio
1363 1351 1642 1407 Comitolus,
1671 1360 1715 1398 et
1744 1347 1941 1398 alior‘um
1968 1354 2243 1399 eximiorum
2265 1355 2473 1400 virorum
2489 1390 2500 1407 ,

247 1429 542 1476 diversorum
566 1430 901 1492 exemplarium
926 1430 1135 1476 diversos
1160 1427 1259 1475 esse
1287 1437 1497 1475 auctores
1533 1437 1709 1481 censet,
1737 1436 1782 1474 et
1805 1431 1843 1475 N
1850 1430 1989 1475 icetae
2018 1430 2217 1476 nominis
2238 1430 2504 1477 huiusmodi

249 1506 382 1554 libris
416 1508 540 1554 affixi
572 1508 756 1568 repellit
790 1508 1134 1568 antiquitatem:
1167 1514 1266 1552 tum
1302 1505 1494 1552 demum
1524 1507 1633 1567 quia
1664 1520 1852 1567 graecae
1878 1506 2077 1559 nationi,
2108 1522 2204 1567 quo
2234 1509 2504 1569 praesertim

247 1593 461 1647 tempore
497 1584 556 1631 ab
587 1600 781 1631 romana
815 1585 1007 1631 ecclesia
1041 1585 1250 1638 secessit,
1280 1583 1505 1629 sollemne
1539 1582 1649 1635 fuit,
1679 1582 1951 1628 adulterinis
1984 1585 2103 1629 notis
2135 1583 2282 1630 libros
2315 1585 2505 1647 adsper-

247 1678 379 1724 gere:
407 1671 452 1710 et
480 1663 635 1709 varios
657 1678 758 1708 esse
791 1671 1003 1709 auctores
1037 1661 1254 1714 suadent,
1282 1660 1355 1706 vel
1390 1659 1609 1706 omnibus
1634 1660 1682 1704 in
1716 1658 1850 1705 libris
1883 1675 1977 1705 non
2003 1660 2200 1706 eundem
2226 1677 2322 1707 esse
2346 1663 2507 1724 expla-

248 1749 464 1788 natorum
495 1755 769 1792 numerum,
799 1739 873 1785 vel
909 1738 1287 1800 explanationum
1324 1745 1566 1783 auctorum
1599 1751 1694 1782 non
1729 1751 1826 1782 esse
1851 1736 2045 1782 eandem
2080 1737 2428 1799 dispositionem
2460 1749 2506 1786 et

246 1817 485 1869 ordinem,
513 1815 588 1862 vel
623 1815 683 1862 ad
716 1815 907 1862 eosdem
938 1814 1069 1860 locos
1093 1829 1247 1859 sacrae
1271 1814 1526 1875 scripturae
1549 1827 1646 1858 non
1676 1813 1933 1859 eorundem
1961 1813 2206 1860 doctorum
2236 1802 2505 1876 explicatio-

248 1908 329 1939 nes
359 1891 598 1946 adhiberi‚
631 1892 706 1938 vel
742 1890 1002 1938 eorundem
1035 1890 1286 1936 doctorum
1319 1889 1647 1951 explicationes
1678 1890 1725 1934 in
1757 1889 1996 1935 nonnullis
2029 1889 2160 1936 libris
2193 1893 2421 1946 concisas,
2457 1894 2504 1939 in

246 1971 347 2017 aliis
369 1971 516 2032 magis
543 1969 734 2016 diffusas
763 1984 888 2024 esse,
915 1968 990 2015 vel
1016 1966 1195 2015 nullam
1226 1966 1416 2030 praefixi
1441 1968 1644 2014 nominis
1672 1967 1858 2014 Nicetae
1885 1976 2043 2014 notam
2068 1968 2396 2015 vetustioribus
2425 1985 2506 2016 co-

247 2046 428 2094 dicibus
459 2046 626 2094 videri.
663 2045 799 2093 Adde
830 2047 880 2091 in
913 2046 1012 2108 ipsa
1045 2046 1372 2108 inscriptione,
1402 2059 1522 2106 quae
1555 2046 1762 2090 Nicetam
1798 2044 2023 2106 praefert,
2052 2044 2166 2090 nihil
2194 2047 2397 2092 recinere
2420 2062 2504 2108 pu-

245 2140 379 2176 rum,
406 2124 524 2170 nihil
550 2124 719 2171 veteris
751 2122 937 2184 linguae
972 2137 1162 2184 graecae
1194 2135 1414 2168 resonare
1446 2121 1771 2168 domesticum.
1803 2109 2085 2183 Ἒξῆγκσις
2120 2112 2191 2172 εἷς
2225 2112 2311 2167 τὸν
2341 2111 2503 2182 μακά-

245 2214 355 2264 ριον
381 2190 532 2258 Ἰωβ,
563 2190 918 2263 συγΓραφεῖσα
945 2188 1085 2262 παρὰ.
1115 2211 1205 2242 του
1240 2186 1518 2261 ἱερωτάτου
1553 2193 1933 2261 μκτροπολίτου
1965 2189 2299 2261 ΜΗρακλειας,
2328 2195 2500 2264 κυρίου

229 2266 459 2325 ‘Nimia-ot.
486 2267 715 2326 Νικητου
747 2277 895 2331 enim,
917 2277 953 2322 si
979 2277 1153 2338 regulis
1177 2277 1586 2338 grammaticorum
1611 2276 1820 2322 insistere
1842 2276 2086 2328 voluisset,
2112 2277 2360 2322 dicendum
2384 2286 2498 2324 erat.

244 2356 441 2402 Graecos
465 2355 611 2417 perro
635 2369 733 2401 non
766 2369 959 2400 suorum
992 2353 1074 2399 sed
1108 2353 1366 2400 alienorum
1391 2353 1578 2399 nomina
1605 2368 1809 2399 assuesse
1833 2352 1966 2398 libris
1992 2352 2273 2415 praefuere
2302 2353 2504 2416 probant
2575 2375 2580 2378 ·

242 2432 566 2479 commentarii
595 2432 644 2477 in
678 2430 956 2484 Iohannem,
982 2431 1064 2492 qui
1098 2430 1258 2492 Cyrilli
1297 2445 1469 2476 nomen
1505 2429 1827 2491 praeferebant
1855 2429 1942 2492 (1),
1980 2445 2083 2476 cum
2119 2439 2270 2476 essent
2303 2431 2503 2492 Chryso-

245 2510 410 2567 stomi3
438 2509 759 2555 commentarii
792 2503 1005 2569 ffligenis
1037 2508 1086 2554 in
1120 2507 1229 2562 Iob,
1257 2508 1337 2569 qui
1372 2522 1566 2569 prorsus
1599 2508 1810 2568 Origenis
1843 2521 1936 2552 non
1972 2516 2078 2553 sunt
2114 2508 2194 2570 (2).
2231 2505 2325 2554 Nec
2351 2518 2503 2571 potest

171 2594 175 2598 ’
246 2586 549 2639 dissimulari,
584 2586 733 2632 multa
765 2587 1056 2647 Hieronymo
1090 2601 1187 2632 non
1222 2586 1524 2646 Hieronymi„
1546 2585 1806 2646 Augustino
1839 2585 1984 2631 multa
2012 2585 2242 2647 adscripta
2277 2602 2373 2633 esse
2407 2603 2502 2633 non

246 2664 490 2724 Augustini
521 2662 604 2724 (3).
641 2663 708 2709 De
734 2662 842 2708 stilo
872 2677 1061 2723 quoque
1094 2662 1280 2708 Nicetae
1306 2670 1491 2724 praeter
1514 2677 1614 2707 rem
1647 2677 1745 2707 esse
1767 2661 1977 2713 videtur,
2005 2677 2109 2707 cum
2135 2663 2316 2709 nullum
2342 2664 2387 2709 in
2413 2664 2501 2710 hoc

246 2748 349 2787 toto
376 2740 712 2786 commentario
736 2740 923 2785 Nicetae
949 2738 1144 2785 verbum
1179 2740 1440 2801 reperiatur
1458 2773 1469 2792 ,
1497 2739 1579 2785 sed
1604 2740 1759 2785 omnia
1784 2739 1983 2785 aliorum
2007 2739 2163 2786 verbis
2187 2743 2409 2802 exposita.
2447 2743 2501 2787 Et

246 2816 354 2862 licet
381 2830 542 2861 omnes
567 2813 684 2860 aliae
708 2822 917 2867 catenae,
944 2829 1063 2875 quae
1087 2830 1192 2860 cum
1212 2815 1399 2863 Nicetae
1421 2816 1607 2861 nomine
1629 2816 1997 2875 coniunguntur,
2024 2817 2207 2862 Nicetae
2230 2818 2340 2875 sint3
2362 2833 2500 2878 quam

247 2901 317 2938 est
349 2893 678 2954 interpretatus
712 2891 993 2942 Comitolus‚
1029 2890 1164 2936 nullo
1196 2891 1342 2937 modo
1374 2892 1557 2937 Nicetae
1594 2890 1888 2937 tribuendam
1923 2908 2036 2938 esse.
2074 2894 2129 2938 Et
2167 2893 2278 2939 haec
2311 2894 2498 2954 quidem

245 2977 354 3016 sunt
377 2969 595 3016 Comitoli
629 2976 897 3029 argumenta
930 2967 1150 3014 adversus
1180 2982 1287 3019 605,
1317 2969 1397 3029 qui
1431 2968 1622 3013 huiusce
1653 2976 1839 3014 catenae
1871 2968 1918 3013 in
1951 2968 2115 3014 Iobum
2149 2978 2384 3015 auctorem
2419 2973 2500 3016 Ni-

246 3056 393 3095 cetam
431 3047 710 3093 existimant.
2015 3108 2017 3110 K

374 3124 768 3188 olympiodorum
797 3138 912 3169 vero
945 3122 1194 3169 diaconum
1230 3122 1367 3168 huius
1400 3120 1572 3184 opificii
1608 3137 1706 3168 esse
1738 3130 1974 3168 auctorem
2009 3125 2266 3169 necessario
2301 3124 2494 3187 probat,

331 3246 380 3287 (1)
404 3243 560 3279 Memini
585 3253 712 3290 reapse
738 3252 796 3278 me
821 3240 942 3278 videre
967 3241 1007 3277 in
1030 3240 1252 3277 bibliotheca
1276 3236 1441 3277 vaticana
1466 3238 1629 3276 codicem
1650 3249 1826 3285 magnum
1852 3236 2057 3286 insignem,
2077 3239 2209 3277 litteris
2233 3241 2393 3278 venustis
2416 3253 2495 3279 exa-

250 3308 396 3347 ratum,
423 3313 509 3339 cum
542 3303 700 3350 praefixo
725 3293 838 3339 titulo
863 3301 994 3350 Cyrilli
1018 3301 1056 3338 in
1083 3301 1284 3337 Iohannem
1300 3327 1311 3344 ,
1337 3310 1452 3346 quum
1485 3303 1608 3335 tamen
1633 3298 1729 3335 nihil
1754 3298 1880 3346 Cyrilli
1907 3299 2097 3346 proprium
2120 3299 2282 3345 inesset3
2307 3299 2371 3337 sed
2395 3311 2492 3338 com-

250 3361 428 3409 pendium
454 3362 578 3410 potius
602 3362 856 3410 Chrysostomi
883 3360 996 3405 illud,
1023 3359 1123 3408 quod
1147 3359 1284 3396 Patavii
1309 3358 1511 3396 observavit
1534 3357 1750 3395 Comitolus.
1778 3361 1822 3394 A.
1849 3359 1901 3394 M.

331 3425 380 3464 (2)
405 3423 518 3458 Recte
535 3420 626 3459 haec
650 3420 840 3458 dicuntur.
869 3421 1014 3457 Etenim
1041 3431 1108 3466 ego
1124 3420 1380 3457 commentarii
1405 3418 1527 3456 adhuc
1553 3428 1680 3465 graece
1703 3417 1835 3455 inediti
1858 3419 1899 3455 in
1917 3418 2068 3464 Iobum,
2085 3418 2218 3456 falsum
2235 3420 2407 3467 origenis
2430 3431 2495 3457 no-

254 3491 339 3517 men
364 3480 403 3516 in
428 3479 617 3518 codicibus
641 3480 821 3527 gerentis,
841 3491 966 3516 verum
992 3484 1178 3516 auctorem
1205 3479 1387 3529 (priscum
1414 3478 1554 3514 scilicet
1578 3482 1615 3514 et
1636 3475 1755 3514 famae
1778 3477 1913 3515 nobilis
1932 3477 2144 3523 hominem)
2169 3489 2253 3516 cum
2279 3479 2360 3526 ipso
2384 3489 2492 3527 opere

252 3538 469 3586 vulgaturus
495 3537 696 3586 aliquando
720 3549 817 3576 sum.
844 3540 899 3575 De
918 3537 1089 3576 Comitoli
1107 3542 1230 3574 autem
1247 3537 1439 3574 nonnullis
1454 3535 1791 3573 halucinationibus
1811 3535 1918 3580 verba
1934 3535 2003 3574 feci
2019 3535 2061 3573 in
2077 3542 2177 3574 tomo
2193 3538 2243 3574 X.
2261 3548 2296 3585 p.
2312 3542 2490 3585 201rseq.

250 3598 438 3646 Spicilegii
464 3608 558 3635 rom.
586 3601 631 3634 A.
658 3599 710 3635 M.

333 3661 381 3700 (3)
406 3658 616 3704 Augustino
640 3657 775 3705 scripta
800 3657 945 3705 aliquot
974 3657 1066 3694 falso
1096 3657 1226 3703 utique
1258 3655 1434 3703 inscripta
1464 3654 1638 3699 fuerunt3
1663 3653 1729 3692 sed
1759 3655 1831 3692 alia
1855 3648 2169 3704 vicissim'erepta
2200 3656 2320 3693 eidem
2351 3661 2494 3693 constat

251 3716 521 3765 philologorum
547 3717 680 3755 audaci
711 3716 870 3764 iudicio,
896 3717 1184 3755 reclamantibus
1213 3715 1318 3754 valde
1343 3715 1531 3753 codicibus
1556 3715 1822 3764 antiquissimis
1846 3722 1884 3754 et
1905 3716 2088 3764 ingenuae
2111 3717 2230 3754 famae
2262 3717 2389 3765 primis
2416 3716 2494 3754 edi-

252 3774 409 3812 toribus.
433 3777 496 3813 Sic
519 3787 574 3813 ex.
601 3787 656 3825 gr.
684 3782 810 3814 nostra
834 3776 909 3814 fere
934 3782 1050 3814 aetate
1075 3777 1165 3812 Mita
1190 3775 1481 3823 Chrysologum,
1498 3776 1646 3812 Brunus
1669 3775 1869 3813 Maximum
1893 3781 1990 3814 taur.
2005 3804 2015 3822 ‚
2043 3775 2132 3813 dum
2158 3775 2320 3813 studiose
2345 3775 2493 3813 illorum

240 3838 361 3870 tomos
385 3834 609 3881 amplificare
633 3835 783 3882 volunt,
810 3835 940 3874 alienis
964 3846 1039 3873 non
1065 3834 1178 3872 semel
1204 3834 1340 3882 plumis
1363 3839 1639 3871 exornaverunt.
1667 3836 1713 3872 A.
1740 3836 1790 3872 M.

2241 3909 2261 3940 3
