2970 4420
1128 315 1206 349 SUB
1241 315 1457 350 ueneno
1490 316 1569 348 me
1576 336 1586 348 .

229 385 381 435 regione
404 380 496 434 gens
517 386 618 434 eius,
638 386 843 429 incubans.
867 387 1120 437 superioribus
1143 391 1328 429 Romano·

230 457 314 484 rum
329 445 617 494 imperatoribus
636 457 716 486 sese
734 447 934 495 applicuit3
953 449 1017 497 qui
1039 459 1124 488 eum
1145 448 1188 487 ut
1207 449 1330 498 perfu-

229 516 316 553 gam
344 510 435 543 tunc
461 505 678 553 recipientes
694 534 704 548 ,
733 506 878 545 nudum
905 509 1128 555 vestierunt,
1157 509 1329 548 famelico

229 563 405 602 alimenta
433 563 742 612 suppeditaruntz,
774 565 893 613 ignari
924 578 1013 606 sane
1041 579 1154 616 quam
1186 568 1329 606 malum

228 624 330 661 nacti
351 629 475 662 essent
495 623 769 672 propinquum,
787 631 824 670 et
841 636 954 674 quam
973 628 1165 665 exitiosam
1186 627 1330 665 bullam

228 683 373 720 romani
393 684 540 732 imperii
563 686 701 732 pectori
723 684 986 733 appenderent.
1013 687 1100 724 Mox
1122 685 1166 723 fit
1186 686 1330 734 paterni

229 742 458 790 principatus
474 743 579 780 heres
603 748 642 780 et
663 753 872 791 successor,
890 744 1067 793 praedicti
1089 745 1208 791 filius,
1228 746 1331 783 canis

229 799 342 838 buius
369 801 505 845 frater.
531 807 661 850 utpote
688 809 777 841 natu
809 804 938 842 maior.
964 805 1014 842 Hi
1040 815 1123 842 vero
1151 805 1331 852 paulatim

229 859 434 898 latrociniis
459 866 496 898 et
519 861 714 906 caedibus,
731 862 912 901 finitimos
939 864 1096 912 populos
1120 863 1331 912 adquisive-

227 923 318 956 runt
344 930 388 956 ac
415 919 591 957 servitute
618 927 854 968 presserunt,
881 921 1139 970 gradatimque
1164 923 1266 960 aucti
1295 928 1332 960 et

230 977 488 1026 multiplicati,
515 979 702 1028 regionem
727 981 832 1018 illam
860 981 966 1029 plebe
991 982 1246 1030 oppleverunt.

299 1041 336 1075 4.
364 1039 565 1087 Postquam
590 1050 675 1078 vero
699 1040 812 1078 fallax
837 1042 927 1079 baec
953 1046 990 1078 et
1016 1041 1181 1079 malefica
1204 1042 1331 1090 vulpes

228 1094 411 1135 fraternae
439 1098 629 1148 tyrannidi
655 1099 785 1147 (quod
813 1100 961 1138 utinam
993 1111 1067 1137 non
1100 1101 1330 1144 evenissetl)

228 1157 425 1202 successit,
444 1168 646 1205 quamnam
672 1158 749 1197 doli
768 1160 948 1198 rationem
975 1160 1150 1198 adversus
1166 1171 1233 1198 nos
1255 1172 1331 1198 non

228 1217 471 1264 excogitavit?
493 1217 595 1266 Quid
623 1219 701 1256 vice
732 1230 833 1256 versa
865 1220 1068 1267 imperator
1097 1226 1226 1257 noster.
1255 1231 1331 1257 non

229 1276 336 1324 egit,
367 1277 556 1323 nequitiae
586 1278 688 1316 illius
722 1277 908 1316 sedandae
947 1278 1107 1325 studio?
1141 1279 1330 1326 quodnam

229 1332 398 1372 beneficii
426 1345 544 1383 genus
571 1347 660 1384 erga
687 1336 790 1374 hunc
821 1347 951 1375 canem
979 1348 1056 1375 non
1082 1339 1331 1386 exprompsit?

229 1393 302 1431 Sed
317 1393 448 1432 beluae
465 1394 684 1442 improbitas
701 1396 952 1433 intractabilis
976 1396 1068 1442 fuit,
1089 1397 1259 1445 nihilque
1277 1403 1333 1435 est

229 1451 517 1499 quod'pravum
551 1452 860 1502 barbaricumque
894 1456 1126 1502 propositum
1162 1457 1333 1505 mitigare

231 1517 356 1560 queat.
381 1513 477 1559 Quis
501 1513 670 1551 eiusdem
697 1515 816 1552 nescit
841 1514 1031 1552 crudelem
1056 1522 1142 1554 ante
1169 1517 1236 1555 hos
1265 1528 1332 1554 an-

229 1580 299 1607 nos
323 1570 597 1618 incursionem,
623 1583 710 1610 cum
739 1579 958 1611 mansuetus
985 1580 1023 1611 et
1046 1575 1232 1613 innocuus
1258 1576 1332 1613 im-

229 1633 379 1676 perator
402 1628 472 1667 sub
497 1629 642 1668 foedere
667 1631 829 1680 quodam
857 1633 948 1674 urbe
974 1634 1063 1670 exiit
1088 1633 1135 1671 ad
1161 1635 1268 1672 illum
1292 1636 1333 1673 in

231 1687 355 1736 longis
372 1689 489 1727 muris
505 1689 746 1729 salutandum
757 1719 768 1737 ‚
785 1702 922 1730 curans
940 1693 1053 1731 simul
1078 1693 1334 1732 omnimodam

231 1747 503 1796 benignitatem
532 1750 749 1798 ostendere,
774 1751 844 1790 sub
865 1763 906 1790 ea
934 1763 999 1800 spe
1022 1759 1068 1790 ut
1090 1753 1245 1792 immitis
1268 1754 1333 1792 he-

232 1806 318 1845 luae
353 1809 523 1846 animum
559 1809 776 1848 immutaret
813 1822 856 1848 ac
899 1811 1202 1850 mansuefaceret.
1241 1814 1350 1860 Quis·

232 1877 342 1914 porro
366 1868 486 1904 nescit
510 1868 667 1907 insidias
691 1868 894 1919 dolumque
917 1873 1120 1920 serpentis,
1149 1878 1186 1910 et
1214 1883 1335 1920 quan-

231 1931 309 1963 tam
335 1927 545 1964 animarum
572 1928 852 1966 multitudinem
880 1931 1067 1979 insperato
1092 1942 1162 1969 suo
1190 1931 1333 1969 malefi-

232 1984 291 2021 cio
322 1986 504 2033 captivam
532 1986 709 2034 abduxit,
734 1989 897 2026 virorum
930 2001 974 2027 ac
1001 1990 1248 2035 feminarum,
1276 2002 1334 2029 se·

231 2053 327 2081 num
349 2055 392 2082 ac
417 2046 656 2092 parvulorum
680 2049 994 2087 innumerabilem
1016 2051 1223 2096 enimvero,
1242 2062 1335 2100 quos

231 2103 375 2141 vinctos
403 2104 449 2142 in
470 2115 578 2143 suam
609 2107 798 2155 regionem
826 2108 1003 2146 abduxit?
1026 2111 1154 2158 Neque
1183 2117 1336 2149 eatenus

231 2162 382 2200 sceleris
403 2164 464 2202 sui
483 2170 627 2202 motum
646 2166 956 2215 circumscripsit,
975 2167 1041 2206 sed
1059 2174 1097 2206 et
1114 2170 1255 2217 regiam
1273 2180 1336 2218 pa·

233 2222 325 2260 riter
346 2223 478 2261 urbem
507 2225 722 2265 minabatur
747 2233 929 2273 evertere,
955 2228 1030 2266 nisi
1061 2230 1231 2267 omnium
1256 2230 1336 2268 eius

234 2280 449 2320 divitiarum
486 2294 686 2332 rerumque
723 2284 919 2337 dimidiam
959 2293 1101 2335 partem
1140 2289 1335 2336 acciperet.

233 2339 320 2378 Sed·
336 2342 550 2380 universum
579 2343 686 2381 illum
714 2344 893 2383 benicum
922 2347 1130 2385 tumultum
1161 2359 1334 2395 narrare,

235 2409 312 2436 non
333 2405 393 2440 ,est
419 2400 532 2450 huius
554 2403 745 2451 temporis.
771 2404 1028 2443 Tulit.tamen
1052 2411 1196 2444 tantam
1223 2418 1336 2455 pecu·

234 2458 338 2495 niam
369 2460 588 2508 copiasque,
618 2469 778 2510 quantae
806 2464 948 2501 Briarei
985 2475 1118 2503 manus
1152 2466 1335 2514 comples-

234 2521 344 2562 sent,
375 2523 412 2555 et
447 2519 652 2559 Phalaridis
679 2521 948 2570 erudelitatem
984 2524 1208 2563 inflexisset:
1243 2537 1337 2573 quae

235 2581 362 2613 tamen
391 2577 601 2616 hirudinem
631 2580 727 2617 hanc
754 2592 832 2618 non
858 2583 1066 2627 satiarunt3
1093 2583 1159 2621 sed
1187 2586 1339 2623 maioris

237 2635 429 2685 plurisque
451 2639 656 2676 iniustitiae
685 2651 728 2677 ac
755 2642 928 2679 avaritiae
959 2642 1127 2680 fomitem
1157 2645 1241 2682 cani
1272 2656 1335 2693 pe-

238 2695 438 2733 cuniarum
461 2696 613 2734 traditio
636 2698 895 2746 suppeditavit.
922 2701 1062 2740 Et‘has
1086 2702 1240 2750 quidem
1264 2704 1339 2741 icto

237 2754 340 2801 pacis
362 2754 507 2793 foedere
531 2761 624 2794 tunc
644 2759 805 2806 accepit,
831 2765 868 2796 et
891 2761 1012 2807 patrio
1035 2772 1136 2799 more
1158 2773 1222 2809 per
1243 2762 1339 2801 dele-

239 2819 319 2851 ctos
340 2825 432 2852 suos
462 2815 589 2860 iurans
613 2814 771 2855 foederis
803 2818 1036 2857 conditiones
1068 2821 1240 2859 firmavit.
1268 2822 1340 2860 Sed

241 2883 364 2921 neque
387 2874 547 2921 patrium
570 2874 848 2922 iusiurandum,
870 2888 991 2925 neque
1015 2884 1138 2916 tantae
1164 2881 1340 2928 pecuniae

241 2932 413 2977 traditio,
440 2944 560 2982 neque
585 2935 718 2983 regalis
743 2938 857 2974 moris
885 2939 980 2975 ratio
1007 2944 1044 2976 et
1071 2938 1245 2986 effectus,
1274 2952 1340 2979 ne·

238 3002 311 3039 que
337 2992 433 3029 tanti
460 2993 691 3041 imperatoris
716 2995 895 3043 sapientia
920 3002 1031 3045 atque
1057 2998 1254 3045 prudentia
1278 3010 1342 3037 ne·

241 3050 399 3098 quitiam
424 3051 501 3088 illis
526 3053 725 3090 immutare
749 3052 957 3102 quiverunt.

311 3114 348 3147 5.
374 3110 446 3148 Sed
468 3122 579 3156 cum,
606 3117 649 3149 ut
671 3118 780 3150 antea
806 3113 949 3151 dictum
971 3121 1046 3158 est,
1075 3115 1248 3154 adversus
1273 3118 1341 3155 Dei

243 3170 368 3208 hostes
396 3171 597 3219 imperator
621 3172 920 3220 religiosissimus
950 3174 988 3211 in
1019 3175 1197 3212 orientem
1226 3176 1343 3224 profe-

244 3234 328 3266 ctus
353 3235 467 3275 esset,
486 3241 532 3268 ne
557 3236 647 3267 tunc
671 3231 820 3278 quidem
846 3238 1135 3280 contemptorem
1160 3234 1267 3271 illum
1283 3246 1343 3272 su-

246 3289 402 3336 perbum
427 3289 652 3337 impacatum
679 3288 852 3337 reliquit;
870 3291 935 3328 sed
957 3293 1037 3330 Deo
1062 3299 1099 3330 et
1114 3294 1258 3340 Virgini
1283 3305 1343 3331 ur-

241 3349 326 3386 bem
354 3349 524 3398 filiosque
553 3350 673 3397 regios
703 3350 975 3388 commendavit
999 3357 1109 3400 atque
1137 3353 1340 3400 palatium3

228 3412 281 3445 ..et
302 3407 373 3445 hac
399 3410 464 3457 spe
487 3409 604 3447 fretus
635 3421 720 3447 eum
746 3408 881 3447 fiducia
907 3409 955 3447 ad
979 3410 1120 3448 bellum
1146 3413 1340 3460 processit:

243 3472 355 3515 atque
378 3468 478 3506 banc
494 3468 645 3506 beluam
661 3468 839 3506 laudabili
866 3468 1051 3507 industria
1075 3481 1115 3508 se
1139 3471 1344 3509 mansuefe-

243 3527 337 3564 cisse
352 3529 518 3574 putavit‚
538 3527 628 3566 dum
648 3529 681 3566 ei
700 3530 807 3577 quasi
833 3528 1052 3566 concredere
1074 3528 1258 3568 videretur
1278 3542 1343 3569 ur-

243 3585 330 3622 bem
354 3597 397 3623 ac
428 3586 565 3625 liberos
593 3598 678 3625 cum
705 3588 854 3636 palatio.
882 3589 975 3625 Nam
1001 3589 1056 3625 vir
1079 3588 1177 3637 frugi
1203 3589 1344 3628 iudicio

244 3643 440 3692 disponere
463 3657 652 3684 sermones
670 3647 790 3693 novit3
811 3653 847 3684 et
873 3658 934 3685 rex
954 3647 1116 3695 prudens
1134 3649 1343 3687 firmamen-

244 3709 326 3741 tum
354 3710 412 3742 est
434 3706 562 3754 populi
588 3712 625 3744 et
649 3706 776 3752 urbis;
796 3707 893 3744 sicut
917 3706 962 3744 de
987 3707 1218 3754 sapientibus
1246 3709 1343 3756 regi-

247 3761 321 3799 bus
344 3763 482 3802 Davide
497 3774 540 3802 ac
557 3765 754 3804 Salomone
773 3766 811 3803 in
827 3767 941 3803 sacris
961 3766 1095 3804 litteris
1113 3765 1256 3804 dictum
1272 3773 1342 3805 est.

246 3819 319 3858 Sed
338 3832 385 3859 ne
402 3821 442 3859 id
459 3822 629 3871 quidem,
647 3835 872 3873 quamquam
893 3825 1003 3862 etiam
1024 3824 1267 3863 daemonibus
1284 3827 1343 3863 in-

247 3885 372 3918 cutere
398 3880 576 3928 pudorem
595 3889 735 3930 posset,
754 3882 925 3922 draconis
947 3884 1049 3922 illius
1071 3884 1343 3933 improbitatem

2389 302 2483 350 425

1399 391 1463 428 σθε
1480 391 1646 440 Ῥωμαίων
1667 387 1856 438 προσέθετο
1879 386 2136 432 βασιλεύσασιν·
2157 391 2190 428 οἶ
2211 393 2244 428 δὲ
2266 391 2377 442 ὥσπερ
2398 394 2498 430 αύτο-

1399 455 1489 502 μόλῳ
1502 452 1579 489 τότε
1592 452 1825 502 χρησάμενοι,
1839 450 1964 499 γυμινδν
1979 450 2062 486 ὄντα
2072 450 2258 500 η’μφίεσαν,
2275 455 2332 490 καί
2349 457 2495 491 πεινῶντι

1398 516 1523 563 τροφσὶς
1538 514 1773 563 ε’χορηγησαν,
1787 511 2017 560 ἀγνοήσαντες
2029 509 2099 548 οἷον
2114 515 2214 548 κακὸν
2227 513 2412 554 ἐκτήσαντο
2429 516 2500 562 γεί-

1399 590 1498 620 τονα,
1518 577 1576 612 καί
1599 573 1668 612 οἷον
1693 578 1735 623 τῇ
1754 572 1921 622 Ῥωμαίων
1945 573 2040 622 ἀρχῇ
2064 573 2290 623 παρέδεξαντο
2316 575 2497 623 ε’γκόλπιον

1400 636 1551 686 ὄλεθρον·
1569 636 1697 685 γίνεται
1719 637 1754 673 δὲ
1776 637 1837 678 τῆς
1859 638 1920 672 τοῦ
1937 637 2066 684 πατρὸς
2088 636 2294 685 κληρονόμος
2311 636 2420 685 ἀρχῆς
2441 639 2501 674 καί

1401 697 1576 746 διάδοχος,
1591 698 1608 734 ὁ
1626 695 1750 733 ε’κείνου
1766 697 1827 745 μὲν
1844 698 1943 739 παῖς,
1960 699 2136 732 rocem&
2150 698 2245 739 κυνός
2261 697 2405 744 ἀδελφὸς
2421 698 2498 734 καθ’

1398 759 1531 799 Ιἡλικίαν
1552 759 1788 809 πρεσβύτερος·
1806 756 1896 796 οὗτοι
1914 759 1948 794 δὲ
1963 762 2038 795 κατ’
2056 758 2170 806 ὀλίγον
2186 758 2223 794 ἔκ
2241 762 2427 809 λῃστρικῆς
2444 775 2500 796 και

1400 822 1578 869 μιαιφόνου
1600 821 1765 869 μελέτης,
1786 821 1830 856 τά
1849 822 2062 870 γειτονοῦντα
2078 819 2160 859 ἔθνη
2184 820 2446 862 εἷσεποιησαντό
2465 836 2500 856 τε

1402 884 1460 918 καί
1476 882 1717 919 ἐδουλεύσαντο
1735 884 1794 919 καὶ
1808 884 1898 919 κατὰ
1912 883 2026 931 μικρὸν
2047 881 2250 927 ηὐξήθησαν
2267 897 2302 917 τε
2320 883 2376 918 καὶ
2398 883 2503 921 ἐπλη-

1402 943 1598 988 θύνθησαν,
1619 946 1678 981 καὶ
1704 946 1764 986 τήν
1790 948 1852 993 γῆν
1879 946 2002 984 ἐκείνην
2028 943 2208 991 ε’κοίλυψαν·
2230 943 2411 984 πλήθεσιν.

1477 1006 1512 1043 δ’.
1531 1006 1614 1043 ’Ότι
1637 1008 1672 1042 δὲ
1693 1006 1782 1046 αὕτη
1803 1008 1826 1048 η’
1848 1009 1970 1057 δολεροὶ
1989 1008 2047 1044 καί
2068 1010 2255 1056 κακοῦργος
2280 1007 2422 1052 ἀλώπηξ
2441 1010 2501 1049 τῆς

1403 1065 1585 1115 α’δελφικῆς
1613 1069 1680 1115 (ὥς
1703 1068 1828 1118 ὤφελόν
1849 1084 1890 1117 γε
1910 1070 1958 1117 μή
1975 1068 1987 1115 )
2015 1067 2202 1118 τυραννίδος
2224 1069 2383 1117 διοίδοχος
2404 1066 2504 1116 γέγο-

1404 1143 1456 1172 νε,
1481 1129 1555 1164 τίνοι
1580 1129 1700 1178 τρόπον
1727 1130 1785 1167 οὐκ
1810 1130 1973 1186 ἐπενόησε
2004 1130 2083 1167 καθ’
2110 1131 2199 1179 ἦμῶν
2233 1131 2447 1175 δολιότητος;
2472 1130 2506 1165 τί

1406 1191 1440 1224 δὲ
1469 1189 1506 1225 ου’
1532 1191 1691 1240 πέπραχε
1718 1191 1882 1236 βασιλεύς
1909 1192 1926 1228 ὁ
1951 1191 2134 1240 η’μέτερος,
2154 1192 2213 1231 τήν
2238 1191 2362 1228 ἐκείνου
2387 1191 2505 1227 κακίαν

1407 1253 1610 1288 κατευνοίσαι
1646 1253 1870 1302 βουλόμενος;
1897 1256 1992 1290 ποῖον
2025 1252 2114 1295 εἶδος
2147 1253 2342 1302 εὐεργεσίας
2377 1253 2426 1295 εἷς
2453 1254 2506 1289 τὸν

1407 1315 1489 1350 κύνα
1513 1318 1629 1350 τοῦτον
1651 1315 1709 1351 οὐκ
1731 1315 1945 1360 ἐπεδείξατο;
1965 1317 2043 1351 ἀλλ’
2065 1316 2089 1355 η’
2109 1316 2211 1351 κακία
2236 1318 2296 1350 τοῦ
2320 1314 2443 1363 θηρὸς,
2465 1315 2507 1356 ὦς

1408 1376 1531 1420 ἔοικεν,
1552 1375 1800 1424 ἆμεθόδευτος,
1821 1379 1879 1413 καί
1907 1377 2000 1413 ου’δέν
2023 1377 2097 1412 ἔστι
2123 1378 2161 1413 το“
2186 1376 2306 1426 ἰσχύον
2331 1375 2355 1417 ἦ
2376 1377 2414 1412 τὸ
2437 1379 2509 1411 δυν-

1406 1436 1526 1484 οίμενον
1552 1439 1698 1487 πονηράν
1724 1440 1781 1474 καὶ
1810 1438 2020 1488 βαρβαρικήν
2046 1439 2201 1487 μαλάξαι
2231 1437 2431 1488 προαίρεσιν·
2458 1437 2509 1479 τίς

1407 1500 1475 1548 γάρ
1502 1499 1561 1535 οὐκ
1588 1498 1677 1536 οἶδεν
1702 1502 1762 1540 τήν
1789 1501 1844 1536 ὁπ’
1872 1499 1996 1536 ἐκείνου
2031 1499 2268 1549 τολμηθεῖσαν
2294 1500 2357 1548 πρὸ
2390 1500 2509 1535 τούτων

1409 1564 1468 1598 τῶν
1495 1561 1573 1597 ε’τῶν
1600 1561 1823 1611 ἀπάνθρωπον
1851 1563 1986 1610 ἔφοδον,
2006 1556 2061 1598 ὅτε
2087 1561 2250 1606 βασιλεύς
2275 1564 2337 1610 μὲν
2360 1562 2377 1598 ὁ
2403 1563 2510 1610 πρᾷος

1408 1625 1465 1659 καὶ
1493 1624 1622 1666 ἄκακος
1649 1624 1739 1660 καταῖ
1770 1638 1861 1666 τινας
1896 1619 2069 1665 συνθήκας
2103 1623 2309 1668 ἐξελήλυθε,
2335 1627 2450 1659 τοῦτον
2477 1623 2510 1658 ἐν

1409 1687 1481 1726 τοῖς
1501 1687 1647 1734 μακροῖς
1670 1685 1912 1734 δεξιωσάμενος
1933 1685 2083 1735 τείχεσι,
2103 1689 2218 1722 πᾶσαν
2239 1684 2436 1721 ἀκολουθεῖν
2457 1699 2510 1720 κε-

1408 1747 1536 1788 λεύσας
1562 1747 1811 1796 φιλοφροσύνης
1838 1746 2002 1790 ε’πίνοιαν,
2025 1751 2064 1783 δι’
2086 1745 2128 1789 ἧς
2154 1747 2317 1796 ἀνήμερον
2339 1745 2430 1795 θῆρα
2449 1761 2509 1794 με·

1409 1806 1574 1850 ταβαλεῖν
1600 1809 1657 1843 καί
1684 1807 1916 1843 τιθασσεῦσαι
1938 1809 1959 1848 ἦ
1980 1808 2079 1850 ἐλπίς
2107 1807 2295 1844 ὑπετίθετο·
2317 1808 2367 1850 τίς
2391 1808 2428 1843 δέ
2445 1807 2509 1855 οἶγ-

1409 1872 1478 1905 νοεῒ
1501 1870 1560 1909 τήν
1589 1869 1772 1913 ἐπιβουλήν
1800 1871 1858 1906 καί
1885 1872 1940 1906 τόν
1975 1869 2070 1906 δόλον
2103 1873 2163 1905 τοῦ
2193 1870 2314 1919 ὄφεως,
2340 1871 2398 1906 καί
2429 1869 2507 1906 ὅσον

1409 1930 1530 1979 ψυχῶν
1551 1929 1687 1972 πλιόθος
1708 1932 1747 1976 ἐξ
1765 1931 1932 1971 ἀδοκήτου
1955 1931 2075 1973 κακιάς
2096 1931 2318 1979 αἰχμάλωτον
2338 1931 2508 1980 ἥρπασεν,

1409 1991 1550 2041 ἀνδράσι
1576 2007 1612 2027 τε
1639 1991 1715 2040 ἅμα
1739 1995 1923 2040 γυναῖκας,
1949 1994 2110 2041 γέροντας
2136 2008 2171 2027 τε
2198 1994 2255 2028 καὶ
2285 1994 2388 2032 νήπια
2412 1991 2510 2041 ἀριθ-

1409 2054 1471 2100 μὸν
1495 2053 1758 2101 ὑπερβαίνοντας
1780 2053 1829 2095 εἷς
1852 2055 1910 2093 τήν
1931 2054 2037 2089 αὐτοῦ
2055 2055 2118 2101 γῆν
2140 2054 2299 2101 δεσμίους
2319 2054 2510 2102 ἀπήγαγεν·

1410 2114 1447 2149 οὖ
1472 2114 1577 2163 μέχρι
1598 2116 1634 2151 δὲ
1655 2116 1776 2152 τούτου
1798 2119 1859 2156 τῆς
1879 2116 1998 2158 κακίας
2025 2116 2129 2152 αὑτοῦ
2149 2118 2207 2156 τήν
2228 2117 2356 2172 κίνησιν
2377 2116 2511 2166 ὥρισεν,

2543 1132 2565 1165 I.
2585 1137 2630 1164 45.
2651 1133 2682 1164 b.

2545 1877 2567 1908 f.
2588 1882 2632 1908 46.
2653 1885 2680 1907 a.

1411 2176 1505 2211 οἰλλοὶ
1530 2177 1588 2212 καί
1616 2177 1724 2224 ταύτῃ
1746 2176 1879 2216 η’πείλει
1905 2176 2145 2226 καταστρέψαι
2167 2178 2225 2216 τήν
2248 2179 2280 2213 ἐν
2306 2177 2428 2214 πόλεσι
2450 2178 2513 2222 βα·
2546 2195 2548 2197 >

1413 2237 1615 2274 σιλεύουσαν
1629 2267 1637 2282 ,
1658 2236 1689 2274 εἷ
1714 2239 1763 2285 μή
1790 2239 1919 2274 πάντων
1940 2242 1999 2274 τῶν
2021 2238 2052 2273 ἐν
2073 2239 2161 2284 αὐτῇ
2184 2239 2370 2287 χρημάτων
2397 2240 2432 2275 τὲ
2454 2241 2516 2275 και1

1410 2300 1618 2349 πραγμάτων
1648 2302 1706 2341 τήν
1731 2301 1890 2348 ’ἡμίσειαν
1915 2304 2037 2350 μοῖραν
2063 2301 2248 2350 κομίσοιτο·
2273 2303 2332 2338 καί
2361 2303 2419 2341 τήν
2451 2304 2512 2350 μὲν

1411 2363 1488 2398 τότε
1515 2362 1643 2402 κίνησιν
1669 2366 1783 2399 πᾶσαν
1809 2365 1938 2412 λέγειν,
1960 2363 2020 2400 οὐκ
2041 2364 2200 2412 εὔκαιρον·
2223 2365 2341 2412 εἷ’ληφε
2368 2366 2402 2400 δέ
2425 2364 2514 2413 ὅμως

1407 2425 1578 2474 χρήματα
1604 2440 1641 2460 τε
1667 2427 1725 2461 καὶ
1752 2427 1961 2476 πράγματα,
1988 2426 2055 2462 ὅσα
2087 2428 2144 2462 καὶ
2177 2428 2238 2468 τοὶς
2265 2427 2405 2474 Βριάρεω
2435 2429 2514 2476 χεῖ-

1410 2501 1470 2534 ρας
1497 2487 1704 2531 ἐνέπλησαν,
1725 2490 1782 2523 καὶ
1811 2489 1868 2528 τήν
1896 2488 2059 2536 ὠμότητα
2084 2488 2275 2537 μετέβαλον
2300 2488 2339 2525 ἄν
2365 2492 2424 2525 τοῦ
2450 2493 2514 2524 Φα-

1410 2548 1555 2596 λοίριδος·
1577 2548 1656 2583 ἀλλ’
1679 2549 1758 2597 οὐχὶ
1781 2550 1839 2584 καὶ
1865 2550 1923 2588 τήν
1945 2549 2090 2592 βδέλλα-ι
2111 2550 2234 2589 ταύτην
2256 2550 2422 2597 ἐκόρεσαν·
2440 2550 2514 2598 μεί-

1413 2608 1510 2657 ζονος
1536 2609 1573 2645 δέ
1597 2610 1655 2645 καί
1682 2610 1834 2651 πλείονος
1857 2610 1988 2652 οἷδικίας
2009 2612 2066 2646 καὶ
2087 2611 2284 2653 ἀπληστίας
2309 2612 2512 2660 ὑπέκκαυμα

1413 2673 1456 2715 τῷ
1481 2671 1552 2706 κυνί
1573 2671 1596 2710 η’
1617 2674 1677 2706 τῶν
1699 2671 1883 2720 χρημάτων
1904 2671 2055 2714 ἐπίδοσις
2077 2673 2205 2720 γέγονε·
2225 2676 2335 2708 ταῦτα
2357 2675 2419 2720 μέν
2444 2674 2511 2721 γάρ

1414 2731 1470 2767 ε’πί
1498 2735 1660 2774 σπονδαῖς
1681 2732 1780 2772 δῆθεν
1803 2733 1987 2781 εἰρηνικαῖς
2009 2734 2212 2782 ἐκομίσατο,
2234 2735 2291 2770 καὶ
2318 2734 2426 2781 ὅρκοις
2447 2749 2513 2770 πα-

1378 2808 1380 2813 ·
1415 2793 1516 2841 τρίοις
1542 2794 1598 2829 διοὲ
1623 2797 1684 2829 τῶν
1710 2799 1788 2843 παρ’
1815 2794 1905 2840 αὐτῷ
1928 2796 2080 2843 λογοίδων
2108 2797 2152 2830 τοὶ
2182 2799 2241 2830 τῶν
2267 2799 2410 2831 σπονδῶν
2441 2794 2512 2831 ε’πι-

1415 2854 1582 2890 στοίσατο·
1604 2854 1681 2890 ἀλλ’
1703 2856 1771 2891 οὐδ’
1794 2855 1890 2904 ὅρκος
1911 2856 1928 2892 o‘
1950 2856 2107 2905 πάτριος,
2129 2857 2166 2892 οὐ
2189 2858 2372 2905 χρημάτων
2395 2857 2513 2892 τοσού-

1415 2931 1474 2951 των
1495 2915 1664 2960 ε’πίδοσις,
1686 2917 1724 2952 οὐ
1746 2917 1926 2960 βασιλικοῦ
1947 2918 2069 2965 τρόπου
2092 2917 2265 2962 διοίὸεσις,
2286 2919 2323 2953 ου’
2345 2918 2513 2962 βασιλέως

1418 2978 1578 3013 τοσούτου
1606 2978 1711 3026 σοφία
1737 2980 1794 3014 καί
1817 2979 1977 3026 φρόνησις
1999 2981 2056 3018 ’τήν
2078 2979 2201 3015 ἐκείνου
2223 2978 2341 3015 κακίαν
2362 2979 2511 3024 ἀλλάξαι

1415 3039 1599 3078 δεδύνηται.

1489 3101 1521 3137 ε’.
1547 3105 1640 3136 Ἀλλ’
1670 3101 1742 3145 ὅτε,
1767 3100 1862 3137 καθοὶ
1888 3103 1944 3137 καί
1972 3102 2128 3150 πρότερον
2161 3102 2310 3152 εἴρηται,
2337 3104 2427 3138 κατοὶ
2453 3104 2512 3138 τῶν

1416 3162 1540 3211 ἐχθρῶν
1563 3165 1622 3198 τοῦ
1643 3165 1719 3198 θεοῦ
1739 3166 1798 3198 τῶν
1820 3164 1902 3212 πρὸς
1922 3162 2110 3212 ἀνίσχοντα
2123 3164 2216 3204 ἥλιον
2235 3163 2397 3207 βασιλεύς
2417 3163 2515 3216 ἐξαίρ-

1415 3238 1524 3272 μησεν
1543 3224 1561 3259 ὁ
1581 3223 1868 3273 θεοφιλέστατος,
1885 3224 1961 3260 ούδέ
1982 3226 2056 3260 τότε
2075 3226 2129 3260 τὸν
2147 3226 2335 3273 ύπερόπτην
2353 3225 2411 3261 καί
2428 3224 2514 3260 οἰλα-

1417 3286 1499 3334 ζόνα
1524 3287 1702 3323 κατέλιπεν
1729 3286 1975 3335 ἆμεθόδευτον,
1997 3287 2090 3323 οέλλοὶ
2114 3286 2178 3334 5εῷ
2202 3290 2262 3336 μέν
2284 3289 2340 3324 καὶ
2368 3291 2410 3336 τῇ
2429 3302 2513 3336 παρ-

1417 3347 1498 3394 θένῳ
1524 3349 1620 3385 πόλιν
1642 3350 1702 3384 καί
1723 3352 1848 3390 παῖδας
1875 3349 2031 3392 βασιλεῖς
2054 3350 2222 3399 παρέθετο
2250 3352 2308 3386 καί
2335 3350 2513 3395 βασίλεια,

1415 3411 1474 3446 καί
1499 3414 1577 3452 ταῖς
1603 3411 1776 3453 τοιαύταις
1802 3411 1918 3447 ἐλπίσι
1941 3410 2064 3461 ἓαρῥῶν
2091 3412 2340 3460 ἐξεστράτευσε·
2361 3415 2418 3449 καὶ
2442 3416 2515 3448 τοῦ-

1417 3486 1470 3506 τον
1506 3474 1545 3511 δή
1577 3473 1632 3509 τόν
1667 3472 1758 3521 θῆρα
1791 3478 1863 3508 κατ’
1900 3473 2091 3521 οἷκονομίαν
2125 3475 2264 3523 εὔλογον
2299 3475 2513 3512 τιθασσεύειν

1418 3533 1587 3577 ὑπέλαβε,
1609 3534 1710 3578 δόξας
1738 3534 1839 3574 δῆθεν
1864 3535 1953 3582 αὐτῷ
1978 3537 2036 3577 τήν
2059 3537 2155 3574 πόλιν
2180 3539 2239 3573 καί
2263 3540 2390 3580 παῖδας
2410 3553 2515 3574 κατα-

1417 3595 1584 3631 πιστεύειν
1611 3597 1668 3631 καὶ
1695 3597 1738 3632 τοὶ
1764 3596 1935 3639 βασίλεια·
1958 3600 2115 3646 χρηστὸς
2136 3600 2202 3648 γάρ
2223 3599 2305 3648 οἰνηρ
2329 3599 2514 3648 οἰκονομεῖν

1417 3656 1448 3692 ἐν
1475 3658 1579 3705 κρίσει
1600 3658 1725 3705 λόγους
1747 3659 1940 3696 ἐπίσταται·
1963 3659 1980 3677 '‘
2002 3662 2059 3696 καί
2082 3661 2244 3704 βασιλεύς
2266 3662 2441 3712 φρόνιμος,
2463 3662 2514 3698 εὖ-

1417 3718 1566 3755 crassior
1588 3720 1695 3768 δήμου
1717 3724 1774 3756 καί
1797 3722 1934 3764 πόλεως·
1956 3722 1973 3738 ⁴
1993 3722 2088 3759 uoeSa'
2109 3727 2180 3765 τοῖς
2202 3725 2234 3759 ἐν
2257 3724 2436 3767 βασιλεῦσι
2459 3738 2517 3759 σο-

1417 3783 1493 3828 φοῖς
1519 3783 1629 3818 Δαυίδ
1653 3784 1711 3819 καὶ
1745 3785 1940 3831 Σαλομῶντι
1967 3784 2000 3820 ε’ν
2027 3785 2127 3833 ἱεροῖς
2161 3786 2291 3835 εἴρηται
2323 3787 2513 3835 γράμμασι·

1416 3843 1494 3878 ἀλλ’
1521 3842 1599 3880 οὐδέ
1624 3846 1741 3887 τοῦτο,
1766 3845 1885 3893 καίπερ
1911 3846 2086 3895 δυνάμενον
2111 3848 2277 3896 αἶσχύναι
2311 3849 2368 3884 καί
2399 3848 2514 3895 δαίμο-

1353 3935 1358 3939 .
1417 3919 1490 3949 νας,
1513 3906 1572 3945 τήν
1594 3908 1653 3941 τοῦ
1674 3906 1850 3954 δράκοντος
1871 3906 1994 3945 ἐκείνου
2018 3908 2134 3945 κακίαν
2160 3909 2381 3957 μετριωτέραν
2403 3908 2513 3955 εἰργοί-

2224 3975 2272 4011 54

2547 2684 2570 2714 f.
2590 2688 2636 2715 ⁴6.
2655 2683 2686 2714 b.

2550 3483 2572 3513 f.
2591 3486 2635 3512 47.
2656 3490 2683 3513 a.

2552 3686 2568 3700 ”¹
2586 3684 2634 3713 Ps.
2655 3682 2730 3712 CXI.
2751 3686 2777 3710 5.

2551 3735 2567 3747 ¹
2585 3731 2657 3768 Sap.
2678 3728 2730 3758 VI.
2751 3731 2795 3758 20.
