2970 4420
497 275 586 320 128
970 263 972 265 ,
1424 288 1590 320 morus
1624 289 1801 319 ALLATu

493 362 604 422 κ’τοι
641 359 932 419 δυνασΎειάν
961 363 1148 429 λεΤων,
1180 365 1276 418 ὁΓ
1266 361 1439 439 ροίψας
1467 386 1553 421 την
1586 362 1848 420 ἐπισἾολὴν
1877 361 2091 436 φανερός
2121 363 2274 427 ἐσὟιν,
2303 364 2369 426 ὥς
2405 362 2485 418 καὶ
2520 363 2566 418 ἐν
2593 364 2759 438 τούτῳ

500 438 784 494 ἀκολουθεῖ
818 464 928 502 τοις
967 441 1251 515 εἰρημένοις
1266 390 1587 532 ραὶρὲῖικοῖς,
1619 437 1870 512 Θεοδώρῳ
1906 438 1994 510 μὲν
2030 438 2219 495 λέΓονΎι
2261 441 2306 496 ἐν
2333 463 2445 502 τοις
2481 440 2588 515 περὶ
2632 441 2760 496 ἔναν-

497 511 791 590 θρωπγῖσεως
829 518 993 571 αὑτοῦ
1030 516 1303 591 διαφόροις
1332 514 1503 577 λόΓοις
1539 517 1739 582 οἷσεβως
1777 514 2046 578 ganeam,
2076 518 2326 592 ΝεσὛορίω
2365 514 2423 571 δὲ
2461 517 2507 572 ἐν
2535 518 2761 579 πολλοις

497 617 921 666 συγγραμμασιν.
961 605 1085 659 Quin
1123 616 1168 649 et
1202 620 1309 648 eum
1345 603 1554 649 duarum
1591 615 1880 648 naturarum
1922 617 2070 648 unam
2104 603 2324 650 virtutem
2357 604 2453 650 'sive
2481 604 2761 668 potentiam

495 693 665 727 auctor
686 681 912 744 epistolae
939 681 1130 732 asserit,
1155 681 1302 743 plane
1323 696 1373 725 se
1390 679 1554 742 prodit
1576 679 2266 725 haereticarum*assertionum
2290 692 2590 731 sectatorem,
2625 682 2662 726 Τ
2661 679 2764 726 lzeo-

448 768 453 772 '
495 758 606 804 dori
628 758 840 820 quidem,
871 757 957 819 qui
983 757 1108 802 zdem
1139 756 1336 803 diversts
1360 756 1417 801 de
1451 756 1783 802 i'ncarnattone
1816 755 1951 801 li'brzs
1985 755 2127 819 i'mpie
2149 756 2290 802 editis
2324 757 2560 817 affirmat:
2590 759 2764 803 Nesto-

495 833 563 879 rii
595 850 700 880 vcro
735 834 785 879 in
820 833 968 879 varies
997 832 1187 896 scriptis
1222 841 1311 878 etc.
1348 834 1404 878 Et
1434 833 1635 894 Cyrillus
1665 831 1992 878 alexandrinus
2027 831 2106 893 (T.
2134 833 2189 880 V.
2218 841 2339 894 part.
2369 836 2416 879 2.
2447 849 2495 896 p.
2529 835 2636 880 198.
2662 833 2760 895 )in

494 912 542 956 in
568 911 763 972 epistola
790 910 848 956 ad
872 908 1066 956 clericos
1092 918 1138 955 et
1162 911 1450 971 Lamponem
1476 908 1826 971 presbyterum·
1865 898 2066 968 κτιωνΤο
2102 895 2158 951 δὲ
2190 898 2306 960 τοὺς
2339 898 2644 961 {mmmm-oon,-
2672 923 2761 960 τῆς

497 977 746 1038 ἅνοίΤολκς
776 1000 842 1038 ως
869 975 1313 1036 αποσιωπήσαιῖῖας
1348 975 1439 1047 μὲν
1477 973 1621 1032 δῆθεν
1648 998 1705 1028 το
1745 976 2015 1049 ΝεσὛοριόυ
2055 972 2241 1046 ὄνομα,
2269 997 2352 1028 και
2389 975 2762 1049 προσποιουμέ-

501 1076 611 1113 vove
647 1053 800 1108 αὐτον
837 1052 1304 1125 ατω-οστρέφεσ-θαι,
1339 1050 1794 1123 μεταπκὸησαντας
1830 1049 1884 1105 δὲ
1925 1052 2017 1106 ἐστι
2057 1050 2121 1105 τοὶ
2160 1049 2366 1126 Θεοὸὤρ
2374 1075 2430 1105 ου
2464 1058 2664 1119 βιβλία
2693 1051 2792 1106 ‘roi'

502 1153 611 1200 περι
645 1154 730 1190 *τῆς
762 1127 1255 1224 ἔνανθρωπήσεως,’
1238 1152 1283 1183 εν
1323 1152 1400 1190 οις
1428 1130 1614 1203 πολλῳ
1647 1127 2007 1204 χαλεπώτεραι
2036 1151 2131 1182 «των
2160 1129 2431 1224 ΝεσὙορίου
2462 1126 2759 1224 ὃυσφκμιων

508 1229 607 1260 εισι
648 1211 883 1278 netſtrpevac
915 1203 1066 1278 παὛκρ
1101 1230 1208 1279 γαρ
1247 1205 1420 1278 ‘ye'sove
1457 1229 1546 1267 τῆς
1574 1186 1850 1277 Neo‘Topt'ov
1887 1203 2228 1277 κακοδοξιας,
2258 1228 2341 1258 και
2378 1204 2443 1258 τὰ
2479 1205 2641 1259 αὐτου
2669 1214 2762 1260 λα-

498 1282 661 1344 λήσας
691 1306 714 1334 ο
753 1279 1056 1349 δυσσεβης’
1039 1305 1085 1337 εν
1114 1281 1316 1345 τούτοις
1346 1281 1574 1355 ὙέΓονεν,
1606 1283 1652 1336 ἐν
1685 1288 1762 1343 οἱς
1793 1282 1874 1337 νῦν
1907 1283 2052 1337 ἔστιἎν
2090 1292 2391 1338 Accusabant
2425 1303 2587 1338 autem
2608 1308 2765 1338 orien-

504 1370 623 1415 tales
655 1368 918 1433 episcopos,
947 1384 1084 1432 quast
1112 1380 1317 1415 tacentes
1348 1369 1539 1432 quidem
1567 1368 1780 1415 Nestorii
1807 1385 2001 1420 nomen,
2031 1381 2076 1414 et
2109 1369 2464 1416 di'sszmulantes
2493 1385 2600 1414 eum
2633 1384 2775 1416 aver--

498 1446 622 1496 sari,
654 1445 975 1491 transilientes
1000 1457 1161 1492 autem
1186 1447 1255 1492 ad
1280 1445 1510 1492 Theodori
1541 1445 1685 1492 libros
1710 1446 1767 1491 de
1792 1446 2145 1497 incarnatione,
2176 1445 2227 1492 in
2259 1445 2430 1508 quibus
2452 1446 2601 1491 multo
2626 1445 2764 1510 peio-
2827 1454 2829 1456 '

500 1539 572 1567 res
605 1521 818 1568 Nestorii
850 1521 1156 1585 blasphemiis
1186 1523 1373 1586 positae
1405 1535 1531 1569 sunt.
1572 1525 1717 1569 Pater
1740 1523 1866 1569 enim
1888 1523 1999 1584 fuit
2029 1522 2241 1581 Nestorii
2266 1522 2528 1586 perfidiae,
2556 1533 2601 1567 et
2635 1522 2766 1568 illius

498 1594 731 1662 dogmata
754 1600 983 1650 elocutus,
1016 1599 1312 1663 irreligiosus
1337 1601 1387 1646 in
1410 1599 1486 1646 his
1506 1599 1671 1661 factus
1696 1612 1789 1651 est,
1823 1599 1874 1646 in
1897 1599 2067 1663 quibus
2091 1599 2230 1645 modo
2254 1611 2351 1645 est:
2365 1600 2510 1646 Multa
2533 1600 2676 1662 impia
2704 1615 2764 1646 ex

498 1676 583 1722 lib.
614 1678 650 1722 Ι.
680 1678 738 1723 11.
766 1678 863 1723 VII.
892 1678 1013 1724 Vlll.
1042 1679 1141 1723 ΧΠ.
1170 1679 1291 1725 ΧΙΙΙ.
1321 1686 1366 1724 et
1390 1679 1508 1723 xlv.
1536 1679 1790 1723 recitantur
1813 1679 1863 1723 in
1883 1679 1938 1723 V.
1967 1677 2166 1739 synodo.
2192 1676 2308 1724 Vide
2330 1678 2468 1723 etiam
2491 1676 2766 1723 Facundum

500 1755 580 1815 qui
615 1753 878 1819 saepissime
899 1754 1026 1799 iltius
1049 1755 1205 1816 operis
1229 1755 1502 1800 testimoniis
1526 1755 1690 1815 utitur.
1728 1755 1790 1800 Ea
1815 1763 1970 1800 tamen
2003 1755 2173 1801 inserta
2207 1769 2304 1800 esse
2334 1752 2394 1800 ab
2427 1753 2692 1807 haereticis,
2720 1763 2766 1800 et

499 1830 843 1892 Apollinaristis
875 1832 1194 1893 potissimum,
1223 1840 1417 1878 testatur
1450 1832 1670 1877 idemmet
1704 1831 2003 1884 Theodorus,
2036 1832 2084 1877 in
2117 1832 2347 1893 principio
2380 1832 2562 1893 operis.
2599 1832 2672 1877 cui
2708 1832 2766 1877 ti-

500 1909 650 1954 tulum
676 1908 870 1955 fecerat:
899 1909 957 1953 de
980 1909 1254 1972 Apollinari
1275 1921 1319 1954 et
1344 1909 1444 1954 eius
1472 1908 1673 1955 haeresi.
1701 1907 1852 1955 Verba
1882 1910 1980 1955 eius
2005 1908 2271 1954 referuntur
2297 1924 2321 1954 a
2349 1908 2568 1954 Facundo
2594 1907 2677 1954 lib.
2704 1910 2765 1954 X.

502 1987 680 2047 capsi.
720 1987 839 2031 Ante
873 1985 1081 2049 triginta
1117 1985 1246 2030 enim
1286 1985 1386 2031 iam
1421 1985 1505 2031 lios
1539 2001 1689 2046 annos
1724 1985 1782 2030 de
1820 1985 2155 2031 incarnatione
2184 1984 2386 2032 Domini,
2414 1985 2621 2031 codicem
2656 1988 2767 2030 con-

501 2060 777 2124 scripsimus
802 2078 947 2124 usque
974 2062 1042 2108 ad
1068 2062 1338 2124 quindecim
1373 2062 1512 2108 milia
1541 2079 1755 2110 versuum
1775 2062 2142 2126 pertingentem.
2180 2064 2241 2107 In
2267 2078 2358 2124 quo
2388 2053 2571 2107 Arii'et
2603 2062 2768 2106 Euno-

502 2137 593 2183 mii
628 2138 686 2184 de
723 2137 816 2184 liae
848 2155 899 2184 re
932 2140 1132 2190 delicta,
1162 2157 1245 2186 nec
1280 2157 1374 2185 non
1407 2129 1556 2185 etiam
1580 2138 1873 2203 Apollinarii
1905 2155 2078 2186 vanam
2106 2138 2546 2203 praesumptionem
2574 2154 2665 2202 per
2698 2150 2769 2183 to—

502 2226 606 2260 tum
634 2215 757 2261 illud
785 2232 902 2280 opus
932 2216 1342 2268 examinavimus,
1373 2223 1424 2262 ut
1459 2216 1585 2263 nihil
1605 2217 1727 2262 sicut
1752 2232 1860 2262 mea
1881 2216 1990 2278 sert
2016 2215 2201 2279 opinio,
2226 2214 2542 2279 praeterirem
2569 2231 2634 2260 ex
2665 2214 2762 2266 his,

502 2307 626 2353 quae
656 2291 725 2337 ad
746 2292 1038 2352 firmitatem
1074 2293 1419 2339 ecclesiasticae
1451 2293 1768 2346 orthodoxiae
1793 2287 2112 2357 pertinerent,
2143 2305 2188 2338 et
2212 2292 2281 2340 ad
2295 2291 2672 2339 'convincendam
2695 2309 2769 2338 eo-

503 2383 611 2414 rum
638 2368 948 2432 impietatem.
986 2370 1081 2415 Sed
1112 2369 1167 2415 hi
1197 2370 1283 2432 qui
1314 2369 1477 2415 omnia
1495 2370 1742 2431 facillime
1767 2381 2106 2434 praesamant,
2136 2381 2182 2414 et
2211 2380 2462 2432 praeterea
2487 2384 2677 2414 rursum
2701 2369 2765 2414 ab

501 2444 826 2508 Apollinario,
856 2446 942 2509 qui
955 2446 1179 2510 princeps
1203 2441 1345 2493 liuius
1370 2445 1579 2492 haeresis
1601 2447 1798 2506 fuerat,
1828 2446 2062 2496 instituti,
2092 2445 2310 2491 omnibus
2334 2444 2523 2507 quidem
2546 2444 2771 2491 similiter

506 2520 813 2566 sentientibus
837 2538 952 2585 opus
977 2535 1190 2568 nostrum
1225 2522 1538 2584 manifestum
1550 2518 1808 2584 *''feeerunt,
1839 2522 1883 2567 si
1905 2539 1996 2585 quo
2021 2522 2161 2568 modo
2196 2522 2365 2584 aliqua
2401 2520 2662 2568 invenirent
2687 2537 2772 2567 να-

505 2596 653 2642 lentia
679 2597 747 2642 ad
773 2598 1143 2644 convincendum
1177 2615 1260 2650 ea,
1291 2615 1414 2662 quae
1448 2599 1499 2644 in
1532 2616 1585 2645 eo
1618 2611 1728 2645 sunt
1750 2599 1958 2662 scripta.
1998 2598 2237 2653 Quoniam
2264 2612 2377 2644 vero
2406 2598 2570 2643 'nullus
2603 2609 2771 2644 contra

502 2686 742 2720 certamen
774 2675 966 2738 scriptis
990 2677 1223 2740 suscipere
1254 2676 1613 2740 praesumebat,
1646 2675 1830 2722 imitati
1851 2688 1961 2721 sunt
1996 2675 2212 2737 infirmos
2236 2674 2444 2721 athletas
2469 2688 2514 2722 et
2539 2674 2767 2726 callidos,

504 2751 589 2813 qui
621 2751 736 2797 dum
769 2769 863 2797 non
890 2765 1090 2816 possunt
1115 2765 1280 2799 contra
1308 2753 1538 2815 fortiores
1563 2765 1768 2803 certare,
1799 2752 1990 2798 insidiis
2024 2769 2099 2798 eos
2132 2764 2177 2797 et
2210 2750 2632 2806 machinamentis,
2661 2752 2774 2815 qui-

505 2828 589 2874 bus
609 2846 613 2850 ⁴
616 2840 819 2892 possunt
843 2841 1078 2876 conantur
1108 2842 1325 2877 evertere.
1356 2830 1657 2894 Scripserunt
1681 2829 1808 2876 enim
1832 2829 1927 2893 ipsi
1949 2829 2073 2875 inter
2093 2845 2142 2874 se
2169 2826 2505 2895 proculdubio
2531 2828 2772 2890 quaedam

507 2905 694 2969 inepta,
725 2922 848 2968 quae
872 2922 903 2952 a
927 2907 1062 2953 nobis
1087 2923 1300 2969 unquam
1334 2908 1532 2954 minime
1565 2908 1851 2954 dicerentur.
1890 2906 2105 2969 Denique
2137 2905 2255 2951 haec
2288 2905 2394 2970 ipsa
2420 2905 2469 2951 in
2493 2905 2650 2951 medio
2684 2922 2776 2951 no-
2844 2964 2849 2969 ‘

499 2993 710 3051 ¹strorum
744 2982 1031 3046 scriptorum
1066 2983 1116 3029 in
1150 2985 1364 3046 quadam
1393 2996 1536 3048 parte
1571 2985 1976 3047 interposuerunt,
2011 2994 2056 3028 et
2079 2983 2178 3028 suis
2199 2981 2544 3043 familiaribus
2577 2982 2775 3028 demon-

505 3069 775 3105 straverunt
794 3073 815 3111 ,·‘
847 3059 1112 3121 aliquando
1147 3061 1309 3111 autem
1342 3073 1387 3106 et
1421 3061 1624 3112 nostris,
1663 3060 1749 3123 qui
1782 3076 1870 3123 per
1896 3059 2199 3122 facilitatem
2233 3074 2376 3104 suam
2411 3057 2573 3103 omnia
2610 3058 2776 3120 pronis

503 3134 681 3180 animis
707 3136 995 3187 audiebant,
1026 3148 1069 3183 et
1086 3136 1182 3191 Jzoc
1205 3138 1347 3200 quasi
1369 3138 1700 3201 documentum
1725 3136 1846 3182 sicut
1865 3136 2132 3200 putabant,
2162 3147 2353 3181 nostrae
2381 3134 2668 3198 impietatis,
2697 3123 2766 3180 vi-

505 3211 723 3258 dentibus
741 3213 1055 3276 praebebant.
1099 3216 1250 3260 Unum
1276 3226 1438 3261 autem
1462 3232 1525 3260 eoe
1550 3214 1625 3260 lzis
1649 3214 1839 3278 scriptis
1864 3204 1990 3264 emt„
2021 3213 2138 3258 duos
2163 3213 2297 3273 filios
2321 3212 2492 3257 dicere.
2529 3210 2610 3256 Sic
2643 3210 2772 3266 enim

505 3305 589 3334 nos
610 3290 836 3350 fecerunt
873 3291 923 3336 in
957 3290 1044 3337 lzoc
1076 3293 1472 3355 opere⁴dicentes,
1508 3293 1637 3355 quod
1649 3303 1882 3355 'oporteat
1909 3302 2088 3354 putare
2117 3300 2161 3334 et
2195 3289 2352 3334 dicere
2387 3288 2505 3333 duos
2526 3287 2707 3349 filios,
2729 3300 2776 3334 et

507 3364 797 3412 veliementer
824 3384 908 3413 nos
943 3368 1087 3431 istum
1123 3386 1384 3420 sermonem
1419 3369 1692 3431 defendere,
1723 3368 1837 3414 dum
1871 3384 1955 3413 nos
1985 3367 2035 3413 in
2066 3366 2152 3414 illa
2184 3365 2424 3428 scriptura
2457 3364 2630 3427 ubique
2661 3381 2769 3413 ma·-

507 3441 679 3502 niseste
705 3443 987 3497 diceremus,
1017 3447 1147 3508 quod
1167 3463 1262 3492 non
1285 3458 1503 3510 oporteat
1526 3446 1644 3492 duos
1652 3445 1794 3508 filios
1816 3445 1987 3491 dicere.
2015 3445 2207 3509 Necesse
2229 3454 2336 3488 erat
2357 3458 2471 3506 ergo
2496 3458 2593 3488 non
2619 3442 2778 3488 solum
2800 3436 2805 3439 ¹

508 3529 697 3580 inepta,
727 3520 811 3565 sed
841 3522 988 3567 etiam
1014 3523 1212 3575 infirma
1238 3523 1326 3569 illa
1358 3522 1540 3586 scripta
1564 3521 1870 3568 audientibus
1895 3536 2152 3585 apparere:
2184 3517 2413 3581 quoniam
2442 3534 2590 3580 neque
2608 3518 2778 3580 firma

507 3593 694 3639 ratione
721 3611 867 3657 neque
894 3598 1188 3644 convenienti
1212 3598 1299 3645 hoc
1317 3599 1544 3664 possibile
1569 3610 1675 3645 erat
1701 3598 1913 3651 ostendi3
1939 3609 1984 3643 et
2007 3596 2070 3643 ab
2097 3595 2193 3643 illis
2220 3594 2397 3640 idcirco
2432 3594 2479 3639 in
2501 3594 2638 3639 ermis
2663 3605 2777 3639 erat

509 3670 856 3734 conscriptum,
897 3687 1128 3736 quatenus
1162 3677 1241 3723 ille
1280 3677 1366 3740 qui
1402 3677 1686 3740 scripserat,
1712 3675 1924 3738 facilius
1967 3674 2075 3720 inde
2111 3671 2325 3719 convinci
2356 3671 2606 3735 potuisset.
2649 3672 2781 3717 Unus

510 3764 622 3811 ergo
656 3765 719 3793 coc
752 3751 924 3797 nostris
953 3766 1150 3815 propter
1187 3756 1390 3801 multam
1412 3754 1717 3816 facilitatem
1750 3753 1868 3799 lzaec
1902 3764 2066 3798 nostra
2101 3767 2196 3796 esse
2237 3749 2441 3796 credidit
2476 3749 2688 3813 scripta.
2727 3759 2781 3793 et
2838 3768 2847 3779 ν

511 3825 653 3872 bitias
685 3826 757 3871 rei
777 3828 942 3890 gratia
969 3829 1143 3892 dignus
1167 3831 1269 3889 fide
1303 3831 1366 3877 ab
1394 3831 1491 3878 illis
1515 3830 1721 3877 creditus
1745 3842 1813 3876 est
1842 3829 1927 3892 qui
1952 3828 2045 3875 ista
2071 3828 2374 3892 perlegerat,
2403 3838 2449 3872 et
2477 3824 2779 3872 renunciavit
