2970 4420
711 403 1445 496 ΣΒἙΘῈῘΠὲ
1537 336 2461 499 Αῶἓιῶῖῡῖῐὲι

1209 584 1716 644 ΒΙΑΤΒῙΒΑ
1755 590 1905 644 111.

904 739 996 790 DE
1033 737 1442 791 THEODORIS
1478 738 1568 790 ET
1604 738 1851 792 EORUM
1886 715 2202 794 scmprns.

1266 840 1271 859 9

429 1030 641 1126 Insitam
676 1087 722 1125 et
754 1079 885 1141 quasi
918 1078 1234 1140 consignatam
1258 1078 1308 1124 in
1331 1078 1496 1125 animis
1521 1079 1658 1125 unius
1680 1079 1944 1133 notionem,
1973 1077 2179 1141 plurium
2203 1078 2252 1124 id
2276 1078 2400 1125 idem
2425 1081 2687 1127 notantium

428 1155 766 1202 vocabulorum
801 1170 895 1201 non
925 1169 1244 1216 quacumque,
1281 1154 1365 1201 sed
1398 1155 1569 1202 illustri
1604 1164 1649 1202 et
1685 1155 1914 1218 perpolita
1949 1155 2254 1218 explicatione
2286 1156 2605 1218 interpretari,
2642 1165 2688 1204 et

430 1247 588 1279 veram
620 1233 688 1278 rei
723 1231 912 1285 faciem,
942 1246 1040 1277 non
1066 1233 1238 1285 vicem,
1266 1240 1405 1295 atque
1435 1234 1683 1295 imaginem
1708 1241 2080 1296 repraesentare,
2107 1232 2206 1279 sola
2233 1230 2320 1279 sibi
2345 1247 2456 1295 prae
2490 1234 2690 1280 nationi-

427 1307 517 1355 bus
550 1309 650 1355 aliis
674 1309 861 1355 Graecia
894 1308 1126 1355 vendicat.
1164 1310 1270 1356 Non
1298 1309 1488 1357 aliunde
1516 1313 1787 1372 conquiram
1811 1310 2047 1372 exempla,
2074 1325 2193 1371 quae
2216 1310 2330 1356 mihi
2354 1325 2569 1372 praesens
2591 1325 2690 1357 ma-

429 1387 545 1432 teria
581 1384 766 1431 abunde
799 1384 1082 1448 suppeditat.
1120 1385 1402 1434 Attendatur
1440 1386 1561 1432 illud
1598 1385 1751 1433 Iacobi
1790 1388 1826 1433 I.
1865 1389 1940 1434 17.
1978 1377 2131 1431 Ποῖσα
2168 1370 2310 1438 δόσις
2347 1375 2535 1449 elya-&n
2553 1419 2564 1439 ‚
2601 1377 2683 1431 καὶ

430 1453 525 1506 ποῖν
565 1449 775 1526 δώρημα
802 1451 1003 1507 τέλειον
1033 1449 1271 1509 οἴνωθεν’
1251 1475 1357 1508 εστι
1391 1454 1757 1520 καΤαβαινον
1728 1453 1823 1508 απὸ
1853 1454 1948 1507 τοῦ
1973 1450 2155 1526 παὟρος
2183 1476 2280 1508 των
2315 1451 2504 1518 φώτων.
2542 1465 2691 1510 Omne

438 1538 611 1583 datum
633 1538 833 1590 bonum,
863 1551 909 1584 et
930 1555 1067 1585 omne
1098 1539 1276 1585 donum
1295 1540 1587 1603 perfeetum,
1620 1539 1867 1586 desursum
1890 1551 1979 1590 est,
2012 1539 2292 1586 descendens
2317 1555 2349 1585 a
2375 1551 2521 1603 patre
2545 1539 2688 1585 lumi-

429 1632 560 1661 num.
598 1617 782 1662 Patrem
814 1616 1048 1663 'luminum
1083 1617 1160 1687 hic
1189 1618 1343 1664 Deum
1377 1633 1500 1671 esse,
1536 1625 1580 1664 et
1614 1618 1702 1663 viri
1735 1617 1860 1664 docti
1895 1633 1976 1664 sua
2008 1617 2294 1680 expositione
2327 1615 2687 1669 confirmarunt,

429 1701 474 1739 et
510 1692 682 1739 frustra
714 1694 812 1755 ipse
836 1701 1020 1756 tempus
1043 1702 1360 1748 contererem,
1388 1696 1426 1740 si
1462 1694 1598 1757 plura
1631 1708 1948 1756 congererem.
1987 1695 2156 1740 Datum
2178 1693 2268 1740 hoc
2292 1708 2317 1739 a
2349 1694 2476 1746 Deo,
2503 1692 2576 1739 vel
2606 1692 2693 1739 do—

429 1785 567 1824 num,
596 1769 868 1816 hominibus
899 1769 1159 1818 exhibitum
1183 1773 1371 1819 Graecia
1394 1780 1552 1818 nostra
1576 1786 1672 1817 non
1700 1773 1808 1818 satis
1832 1769 1919 1817 sibi
1944 1770 2104 1817 fecisse
2136 1771 2435 1824 existimavit,
2462 1770 2593 1832 quod
2616 1770 2692 1816 alii

428 1862 514 1892 nec
550 1861 646 1893 uno
681 1847 1011 1894 tantummodo
1048 1850 1309 1911 exprimere
1342 1846 1576 1895 vocabulo
1614 1849 1895 1910 potuissent,
1933 1846 2148 1910 pluribus
2182 1848 2329 1909 iisque
2363 1848 2608 1910 aptissimis
2642 1861 2694 1893 ac

428 1924 598 1970 decore
628 1926 949 1988 concinneque
973 1927 1245 1989 compositis
1268 1925 1555 1983 efformavit3
1585 1925 1785 1988 fecitque
1823 1912 2085 1990 Δωρόθεον
2120 1923 2433 1975 Dorotheum,
2463 1933 2509 1970 et
2545 1917 2694 1967 Δοσί-

426 1994 551 2045 θεον
586 2000 897 2053 Dosaloeum,
934 2011 980 2049 et
1019 2011 1196 2050 mutata
1234 2003 1590 2066 complicatione
1625 2001 1913 2064 syllabarum
1950 1988 2217 2066 Θεόδωρον
2252 2010 2299 2048 et
2335 1987 2616 2046 Θεοδόσιον
2650 2008 2695 2047 et

432 2064 714 2132 Θεόδοτον,
753 2078 1069 2131 Theodorum
1107 2078 1439 2130 Theodosium,
1477 2078 1784 2130 Theodotum,
1819 2094 1940 2140 quae
1977 2094 2123 2126 unum
2158 2078 2378 2140 idemque
2411 2078 2574 2124 datum
2608 2076 2696 2123 do·
2749 2105 2751 2107 v

433 2171 638 2217 numque
672 2171 727 2202 ex
763 2157 860 2203 Deo
894 2157 1114 2203 tinniunt.
1152 2158 1347 2203 Nostrae
1381 2157 1687 2203 nihilominus
1719 2156 1954 2203 Diatribae
1990 2165 2317 2218 argumentum
2352 2170 2475 2202 unus
2507 2170 2562 2201 ex
2597 2154 2691 2207 his,

433 2231 705 2279 Theodorus
739 2233 939 2287 scilicet,
966 2233 1122 2280 fuerit.
1160 2233 1384 2296 Reliquos
1410 2234 1740 2297 opportuniori
1774 2242 1987 2296 tempore
2019 2248 2324 2281 reservamus.
2362 2234 2419 2279 Et
2454 2241 2505 2279 ut
2538 2231 2697 2293 aliquo

436 2310 602 2356 ordine
636 2326 722 2358 nos
746 2326 801 2357 ex
836 2313 1094 2359 innumeris
1126 2327 1275 2375 prope
1307 2311 1656 2359 difficultatibus
1681 2313 1980 2366 exfficemus,
2009 2327 2196 2374 agemus
2228 2312 2433 2374 primum
2457 2310 2516 2357 de
2547 2309 2698 2356 Theo-

437 2386 567 2434 doris
600 2404 625 2435 a
655 2389 840 2436 Laertio
871 2390 1113 2451 Diogene
1101 2406 1149 2435 m
1174 2389 1268 2436 fine
1292 2391 1413 2437 vitae
1444 2391 1667 2453 Aristippi
1702 2390 2006 2441 enumeratis,
2044 2405 2163 2452 quos
2194 2388 2308 2435 dicit
2335 2389 2498 2450 viginti
2535 2386 2691 2442 fuisse.

566 2466 604 2511 1.
641 2467 822 2512 Primus
853 2475 919 2513 est
958 2466 1232 2513 Theodorus
1266 2466 1461 2521 samius,
1499 2467 1558 2514 de
1598 2482 1694 2529 quo
1725 2468 1827 2514 ille·
1865 2479 2073 2531 ωρωτος
2111 2453 2293 2527 σάμιος
2331 2451 2443 2515 υἷος
2474 2454 2693 2507 Ροίκου·
2750 2503 2755 2515 ,

441 2526 589 2593 οὗτος
620 2532 800 2588 {o7tv‘
776 2556 799 2586 0
834 2532 1232 2605 συμβουλεύσας
1261 2531 1516 2607 ἄνθρακας
1547 2531 1839 2591 ὑποὛεθνιναι
1876 2556 1986 2594 τοις
2018 2531 2273 2604 θεμελίοις
2300 2531 2396 2585 τοῦ
2425 2553 2473 2585 εν
2496 2528 2695 2602 Ἐφέσῳ

441 2627 544 2661 νεω·
580 2608 854 2684 καθύγρου
892 2610 995 2685 γὰρ
1035 2607 1179 2671 όντος
1215 2633 1303 2664 του
1341 2609 1530 2673 τόπου,
1559 2611 1678 2673 τοὺς
1715 2608 1967 2685 ἄνθρακας
2007 2607 2097 2674 εφη
2134 2608 2190 2663 rr&
2230 2605 2467 2681 ξυλῶδες
2503 2606 2697 2674 ἀποβα-

439 2685 648 2749 λόνὙας,
677 2687 802 2741 αὐτο
833 2710 890 2740 το
924 2710 1124 2758 στερεον
1159 2684 1413 2749 ἀπαθὲς”
1389 2710 1528 2758 εχειν
1564 2685 1729 2742 υδατι.
1766 2697 1958 2743 Primus
1988 2712 2194 2746 samius,
2223 2694 2398 2741 Rhoeei
2415 2693 2589 2756 filius,
2615 2692 2702 2755 qui

438 2773 673 2819 consuluit
706 2774 933 2820 carbones
961 2774 1306 2836 fundamentis
1348 2773 1562 2839 ephesini
1599 2774 1764 2839 templi
1794 2773 1996 2820 subziei:
2034 2788 2149 2819 nam
2184 2789 2292 2818 cum
2326 2770 2552 2817 humidus
2583 2780 2701 2816 esset

440 2854 592 2902 loeus,
622 2850 849 2897 carbones
882 2851 978 2901 ait,
1008 2850 1184 2897 reiecta
1207 2850 1333 2915 ligni
1354 2863 1558 2902 natura,
1588 2850 1880 2897 soliditatem
1903 2849 2118 2914 accipere
2143 2848 2335 2895 humori
2357 2846 2695 2894 inviolabilem.

440 2928 612 2974 Eadem
637 2927 697 2973 ad
720 2926 919 2974 verbum
947 2929 1189 2991 exscripsit
1212 2928 1471 2990 Hesychius
1496 2928 1703 2974 milesius
1733 2927 1792 2974 de
1825 2928 1935 2973 viris
1960 2927 2172 2973 doctrina
2198 2923 2458 2972 illustribus
2485 2924 2531 2970 in
2553 2923 2701 2970 Theo·
2768 2961 2770 2963 .

440 3006 561 3052 doro
595 3005 757 3051 samio.
795 3006 913 3051 Eum
946 3005 1078 3052 Plato
1111 3006 1158 3050 in
1193 3006 1305 3052 Ione
1342 3005 1448 3067 (ed.
1482 3007 1604 3052 Serr.
1631 3007 1681 3052 Τ.
1711 3006 1747 3050 1.
1777 3020 1825 3067 p.
1861 3004 2008 3065 533.)
2043 3004 2163 3049 inter
2199 3017 2406 3049 summos
2442 3009 2699 3049 statuarum
2723 3055 2734 3066 .

431 3081 600 3130 fabros
632 3090 857 3128 recenset.
890 3072 973 3126 ’Ev
1003 3068 1419 3145 ἀνδριανἻοπ-οιΐα
1447 3070 1562 3170 ἤδηεχ
1570 3072 1658 3127 τιν’
1690 3068 1848 3134 εἶδες,
1879 3067 2010 3131 όσὟις
2038 3092 2147 3144 περι
2180 3092 2269 3141 μεν
2302 3065 2576 3122 Δαιδάλου
2607 3068 2702 3119 τοῦ

440 3153 735 3211 Μητίωνος,
771 3146 1040 3206 ›i’Emaou
1072 3171 1161 3202 του
1198 3148 1495 3212 Πανοπέως,
1533 3173 1558 3206 n
1599 3145 1871 3222 Θεοδώρου
1907 3170 1995 3201 σου
2037 3152 2252 3219 σαμι’,ου
2288 3169 2314 3202 n
2352 3144 2526 3198 ἄλλου
2561 3165 2699 3204 τινος

440 3223 885 3298 ἀνδριαντοποιου,
922 3225 1028 3287 ενός
1062 3224 1204 3300 πέρι,
1243 3223 1458 3287 δεινός’
1440 3248 1570 3281 εστιν
1609 3225 1929 3298 εξνιγεισθαι
1969 3220 2002 3276 οἳ
2037 3230 2087 3277 εὐ
2124 3227 2393 3280 πιποίηκεν.
2436 3229 2610 3276 Vi‘dzsti
2644 3246 2716 3279 ne,

440 3328 749 3374 quemquam,
777 3312 865 3375 qui
897 3313 954 3358 de
988 3312 1202 3359 Daedali
1227 3312 1470 3364 Metionzs,
1502 3324 1588 3358 aut
1613 3311 1736 3375 Epei
1761 3309 2038 3374 Panopeii
2000 3309 2120 3368 filii,
2152 3321 2237 3354 aut
2267 3307 2495 3354 Theodori
2525 3306 2696 3358 samisst

442 3401 528 3433 aut
564 3389 764 3436 alterius
793 3390 1064 3454 cuiuspiam
1097 3390 1350 3441 statuarii,
1381 3390 1600 3454 operibus
1637 3389 1853 3435 iudicare
1883 3399 2058 3452 posset,
2089 3401 2328 3448 quaenam
2365 3385 2478 3430 bene
2509 3384 2572 3430 ab
2606 3384 2704 3430 illis

430 3466 579 3526 facta
603 3466 826 3527 suerint?
860 3469 1034 3514 Plinius
1059 3467 1143 3514 lib.
1171 3469 1374 3515 XXXVI.
1404 3484 1506 3531 cap.
1536 3470 1616 3514 21.
1647 3467 1777 3514 addit
1800 3467 1975 3514 vellera
2004 3466 2158 3511 lanae:
2196 3480 2254 3508 ne
2279 3463 2330 3508 in
2356 3462 2537 3508 lubrico
2560 3456 2704 3524 atque

446 3541 663 3588 instabili
681 3543 1012 3603 fundamenta
1047 3557 1215 3591 tantae
1248 3544 1387 3591 molis
1421 3546 1717 3595 locarentur,
1746 3543 1946 3590 caleatis
1979 3558 2037 3587 ea
2066 3541 2362 3587 substravere
2391 3538 2699 3589 carbonibus,

372 3672 375 3675 ,
443 3617 553 3663 dein
588 3618 832 3664 velleribus
868 3621 1026 3667 lanae.
1065 3623 1118 3667 In
1149 3620 1283 3668 libris
1315 3621 1375 3668 de
1406 3621 1631 3668 limitibus
1656 3623 1824 3683 passim
1853 3619 1906 3666 fit
1939 3619 2112 3665 mentio
2147 3616 2403 3663 carbonum
2430 3613 2518 3662 sub
2544 3617 2705 3662 termi-

443 3696 514 3740 nis
548 3696 825 3756 positorum.
857 3697 969 3743 Vide
1002 3713 1122 3759 quae
1155 3698 1215 3746 de
1248 3698 1530 3747 carbonibus
1565 3698 1699 3745 nullo
1733 3698 1933 3744 humore
1968 3695 2206 3756 corrumpi
2236 3693 2383 3751 solitis
2413 3690 2574 3738 scribit
2608 3691 2707 3737 Au-

443 3773 663 3832 gustinus
689 3770 748 3817 de
774 3772 897 3818 civit.
930 3774 1010 3818 Dei
1044 3773 1126 3819 lib.
1156 3776 1278 3821 XXI.
1312 3790 1413 3837 cap.
1444 3776 1500 3829 lt,
1528 3783 1573 3822 et
1603 3790 1689 3822 nos
1723 3774 1967 3821 retulimus
1989 3773 2038 3818 in
2073 3772 2242 3818 nostris
2268 3770 2327 3816 ad
2351 3769 2592 3816 Philonem
2616 3767 2706 3828 by-
2746 3788 2752 3794 ·

445 3850 646 3895 zantium
679 3849 801 3896 notis
832 3848 891 3895 de
926 3858 1101 3912 septem
1133 3851 1261 3898 orbis
1294 3852 1590 3915 spectaculis,
1619 3854 1669 3898 in
1695 3853 1865 3898 Dianae
1897 3848 2110 3912 ephesiae
2143 3847 2338 3910 templo.
2376 3846 2623 3894 Pausanias
2658 3846 2707 3890 in
