2970 4380
488 231 580 278 598

560 340 563 345 ·
1299 313 1934 362 EMENDATIONES.

598 497 641 534 T.
669 496 737 532 ΠΙ.
762 494 829 533 lat.
856 505 892 542 p.
921 499 953 531 1.
982 502 1014 530 ν.
1039 496 1074 530 4.
1098 492 1227 530 malim
1252 491 1495 541 interpretari.
1521 494 1590 529 Est
1614 502 1703 529 vero
1726 493 1844 528 etiam
1870 491 2075 528 secundum
2099 492 2284 528 naturam
2298 491 2409 538 filins
2432 497 2519 541 Dei,
2536 499 2575 534 et
2597 501 2634 535 in
2658 501 2739 536 vir-

485 558 566 594 tute
590 557 815 593 declaratus
838 554 1043 591 secundum
1067 554 1247 600 spiritum
1271 554 1605 600 sanctificationis,
1629 561 1702 599 per
1725 553 2040 588 resurrectionem
2065 552 2326 599 mortuorum,
2352 551 2422 588 hoc
2443 558 2500 591 est
2516 567 2591 604 per
2614 561 2740 596 virtu..

485 620 557 653 tem
580 627 656 663 qua
678 616 814 652 mortis
834 615 910 650 vim
931 614 1139 660 superavit.
1167 624 1198 648 V.
1217 616 1276 650 26.
1300 615 1497 659 tamquam
1514 613 1716 658 peccatum
1737 611 1990 648 mendacium.
2012 610 2053 646 P.
2073 614 2108 646 5.
2129 609 2194 647 lat.
2213 620 2246 646 v.
2268 614 2326 647 11.
2344 621 2462 648 causa
2487 617 2604 660 pofius
2628 627 2741 664 quam,

481 679 642 713 occasio.
671 677 711 712 P.
741 679 797 711 13.
824 685 878 720 gr.
899 685 933 717 v.
961 678 995 710 3.
1022 673 1055 709 ἐν
1080 683 1146 720 pro
1171 674 1220 709 ἐκ.
1249 674 1290 710 P.
1312 677 1368 710 11.
1396 672 1460 709 lat.
1488 683 1520 708 v.
1548 676 1583 708 8.
1603 669 1739 717 sactus
1765 673 1822 708 est
1842 671 1947 707 nobis
1970 670 2130 716 similis,
2156 672 2279 719 γέγονε
2304 670 2383 707 καθ’
2407 673 2519 720 ἡμᾶς.
2537 673 2578 710 1³.
2601 680 2656 713 17.
2683 688 2741 724 gr.

482 747 513 772 v.
536 739 594 772 19.
619 745 714 771 corr.
742 735 1015 784 παραδεικτικός.
1042 734 1083 770 Ρ.
1104 737 1160 770 31.
1179 743 1234 780 gr.
1262 744 1293 768 v.
1320 737 1350 769 Ι.
1377 742 1470 769 corr.
1499 733 1518 768 ὁ
1543 730 1721 779 μαθητής.
1747 731 1794 766 Et
1815 740 1899 767 mox
1918 740 1951 766 v.
1973 734 2028 767 17.
2054 731 2104 780 ἐφ’
2127 731 2198 775 αἶς.
2226 733 2253 768 Ρ
2285 736 2342 769 36.
2364 742 2398 769 V.
2415 728 2451 775 4.
2481 732 2737 782 ὄβασοίνςστος,

481 796 636 834 fortasse
661 796 948 832 inconsiderata
972 794 1026 830 vel
1052 804 1180 830 caeca.
1208 794 1248 829 P.
1277 786 1334 829 38.
1362 804 1417 840 gr.
1445 804 1476 830 v.
1503 796 1538 829 4.
1566 794 1666 841 τιμήν
1693 801 1758 838 pro
1782 792 1934 839 οέτιμιάν.
1962 792 2003 827 P.
2029 795 2088 829 47.
2115 803 2169 839 gr.
2197 804 2229 829 v.
2253 797 2288 830 5.
2314 794 2418 830 ἔλεον.
2445 793 2488 829 P.
2517 797 2598 831 392.
2622 804 2657 832 v.
2686 803 2742 835 18,

482 855 659 905 ῥυφδείην.
687 856 731 891 T.
759 856 820 891 IV.
842 856 883 891 P.
912 859 943 891 1.
965 865 998 890 v.
1021 857 1054 889 2.
1082 854 1201 901 ἀρτίως
1227 855 1339 900 apte,
1364 852 1420 890 vel
1443 863 1588 900 nuper,
1613 858 1656 890 ut
1677 852 1716 889 in
1740 851 1826 889 adn.
1854 853 1894 889 P..
1920 856 1957 890 3.
1983 863 2016 888 v.
2040 856 2074 888 2.
2103 847 2153 895 εἷς
2181 854 2285 891 αᾶτόν
2308 856 2465 901 patrem
2490 852 2610 902 potius
2634 863 2741 901 quon

484 920 619 953 lesum.
647 916 694 952 Et
718 927 750 952 v.
781 919 837 951 17.
866 914 1040 950 sortasse:
1068 924 1114 950 ne
1139 917 1259 949 Deum
1286 912 1439 959 quidem
1470 914 1664 958 eoetitisse,
1689 913 1896 958 antequam
1915 910 2027 958 filius
2055 915 2163 950 esset.
2189 913 2230 949 P.
2257 917 2293 949 4.
2320 923 2354 948 v.
2383 915 2439 948 18.
2466 910 2628 960 προθέσει
2659 919 2744 946 sen·

489 978 630 1021 tentia,
656 975 696 1012 id
724 980 779 1012 est
806 974 1010 1020 scripturae
1036 982 1130 1020 quae
1159 972 1338 1020 sequitur.
1365 972 1407 1008 P.
1434 975 1470 1008 5.
1496 983 1529 1009 v,
1558 977 1591 1008 1.
1618 973 1762 1008 miuron
1792 981 1954 1018 semper.
1988 972 2035 1008 Et
2065 982 2098 1014 V.
2125 976 2159 1009 3.
2193 974 2247 1009 Et
2276 971 2377 1009 illud
2407 971 2525 1008 hodie
2550 972 2670 1018 penui-
2690 971 2747 1014 te,
2797 991 2799 994 -

484 1036 573 1073 licet
601 1038 690 1071 ante
718 1035 910 1081 finitum,
937 1034 976 1069 et
999 1042 1148 1080 semper
1180 1042 1265 1068 cum
1286 1034 1406 1079 patre
1435 1033 1677 1078 existentem,
1701 1031 1769 1068 sub
1795 1032 1976 1078 temporis
1998 1034 2156 1078 partem
2184 1032 2298 1069 hodie
2322 1031 2518 1069 adducens
2547 1032 2751 1077 scriptam

484 1094 696 1142 siqnificat‚
721 1102 870 1139 semper
898 1091 953 1128 ad
978 1092 1103 1139 ipsum
1130 1091 1304 1149 deinceps
1331 1090 1564 1127 venientibus
1593 1092 1720 1138 9i9ni,
1747 1099 1936 1138 quousque
1961 1089 2074 1127 hodie
2099 1090 2258 1128 dicitur.
2285 1090 2333 1127 Et
2355 1101 2389 1127 v.
2417 1093 2473 1126 15.
2501 1089 2625 1140 ἐμποιῇ
2649 1095 2748 1138 λογι-
2802 1083 2829 1125 ᾇ

487 1156 597 1202 σμοῠς
625 1169 674 1189 rao
665 1157 696 1195 ἴς
723 1151 920 1201 διεφθορόσι
949 1153 1008 1191 τήν
1034 1152 1103 1187 διοίν
1089 1167 1135 1187 νιο
1140 1166 1177 1186 α·
1202 1161 1350 1187 sensum
1381 1150 1709 1198 corrumpentibus
1739 1144 1966 1197 aryumeuta
1997 1152 2190 1198 suqqerat.
2220 1151 2261 1186 P.
2288 1155 2324 1187 8.
2351 1161 2384 1186 v.
2414 1155 2449 1188 3.
2479 1150 2608 1199 supple
2636 1151 2745 1188 vei-ha

486 1214 600 1252 l-atina
626 1212 891 1260 iqnorantibus
918 1215 1049 1248 Deum.
1079 1212 1120 1248 P.
1149 1215 1206 1248 10.
1232 1221 1264 1246 ν.
1289 1213 1325 1246 4.
1353 1213 1413 1251 τῆς
1432 1212 1509 1257 7⁷33-
1536 1221 1568 1245 v.
1596 1215 1630 1246 8.
1659 1209 1788 1256 supple
1812 1219 1890 1245 una
1915 1208 2098 1255 diqnitas.
2127 1210 2168 1245 P.
2194 1213 2250 1246 19.
2281 1220 2313 1245 v.
2338 1213 2396 1246 25.
2424 1209 2554 1257 supple
2577 1201 2755 1248 eiusdem

459 1272 662 1317 subiecti,
691 1275 753 1307 του·
779 1273 1012 1319 ὑποκειμένου.
1039 1270 1080 1306 P.
1106 1274 1165 1306 21.
1191 1281 1224 1305 ν.
1249 1273 1307 1306 29,
1337 1271 1402 1316 qui
1424 1269 1525 1306 lianc
1549 1271 1586 1305 ei
1610 1269 1802 1314 concedit,
1829 1269 1969 1303 virtute
1994 1267 2195 1314 confitetur
2218 1270 2257 1305 et
2283 1268 2446 1316 reliqua.
2475 1269 2515 1304 P.
2541 1272 2600 1304 25.
2628 1280 2661 1305 v.
2685 1273 2754 1306 33-

479 1343 553 1379 per
578 1331 700 1376 silium
718 1331 838 1367 solum
855 1341 913 1367 ex
932 1331 1063 1377 patre.
1092 1329 1131 1365 P.
1152 1331 1210 1365 27.
1231 1339 1263 1364 v.
1288 1331 1344 1366 10.
1372 1329 1436 1375 qui
1456 1330 1513 1364 est
1527 1338 1641 1375 super
1658 1328 1788 1363 omnia
1806 1330 1918 1362 Deus.
1944 1326 1992 1362 Et
2009 1325 2063 1362 sie
2083 1326 2184 1364 alibi.
2210 1338 2243 1364 v.
2268 1331 2326 1365 33.
2354 1328 2411 1364 καὶ
2434 1330 2577 1375 νοήματι
2592 1354 2602 1372 ,
2628 1328 2744 1367 latin'e

483 1394 523 1427 et
545 1390 751 1427 intellectu.
778 1401 810 1425 v.
838 1394 896 1427 43.
926 1391 1163 1437 παραδόσεως,
1189 1388 1258 1425 hoc
1281 1387 1360 1424 loeo
1383 1387 1505 1435 potius
1529 1387 1894 1424 communicationis.
1921 1386 1963 1421 P.
1983 1388 2040 1422 59.
2067 1395 2100 1421 v.
2128 1389 2183 1422 15.
2210 1387 2344 1435 supple
2374 1388 2439 1440 lat:
2467 1378 2682 1425 etiamsi‘in
2707 1400 2753 1425 re
2783 1405 2786 1409 ⁴

476 1451 729 1497 praqmatica
756 1453 1049 1486 consummetur.
1077 1449 1117 1484 P.
1145 1452 1203 1484 62.
1232 1447 1270 1483 in
1294 1446 1388 1494 frag.
1414 1445 1606 1493 Theophili
1635 1455 1728 1482 corr.
1756 1446 1840 1492 πρὸς
1866 1449 1996 1480 τοῦτον.
2022 1446 2063 1481 P.
2090 1447 2148 1481 64.
2175 1456 2207 1480 ν.
2235 1449 2293 1482 26.
2322 1446 2454 1483 Melius
2479 1446 2553 1484 diei
2578 1446 2749 1485 videtur:

483 1509 527 1545 id
546 1511 820 1555 consequenter*
841 1509 1004 1545 dicimus
1024 1507 1227 1544 secundum
1251 1508 1380 1543 carnis
1398 1507 1582 1542 naturam
1605 1507 1735 1542 actum
1758 1515 1848 1543 esse..
1876 1505 1917 1541 P.
1944 1508 2024 1541 152.
2051 1515 2083 1540 ν.
2105 1508 2164 1541 20.
2191 1505 2252 1542 dit
2275 1504 2468 1542 redundat.
2497 1508 2538 1544 P.
2558 1511 2647 1545 166.
2675 1518 2749 1546 nu·

484 1568 574 1605 meri
601 1567 882 1604 adnotationum
909 1573 995 1604 sunt
1021 1566 1254 1615 praeposteri.
1281 1567 1323 1602 P.
1347 1569 1435 1602 174.-
1453 1576 1485 1601 v.
1507 1569 1564 1602 39.
1592 1564 1647 1601 ad
1669 1563 1865 1602 redundat.
1891 1565 1931 1600 P.
1949 1567 2033 1601 229.
2050 1575 2082 1599 v.
2102 1568 2160 1601 33.
2187 1565 2355 1602 υἱοθεσία
2380 1564 2449 1603 hoe
2472 1566 2553 1604 loeo
2576 1572 2748 1615 respectu

484 1628 620 1665 Christi
651 1626 888 1673 intelligenda
914 1632 969 1663 est
994 1627 1156 1677 fili-atio,
1186 1625 1309 1673 potius
1333 1635 1446 1678 quam
1473 1624 1643 1671 adoptio.
1671 1625 1711 1660 P.
1737 1627 1822 1668 255.
1847 1634 1880 1659 v.
1911 1627 1966 1660 16.
1993 1624 2176 1661 Mardum
2205 1625 2416 1674 typothetae
2442 1624 2649 1663 absurditas
2675 1633 2742 1664 est.

484 1691 528 1726 111
553 1686 713 1735 Didymo
740 1696 774 1732 p.
805 1690 884 1722 117.
911 1697 944 1722 v.
971 1689 1030 1722 42.
1057 1696 1152 1722 corr.
1178 1686 1346 1734 «γινόμενοι
1372 1693 1438 1731 pro
1462 1686 1670 1732 γινομένους.
1698 1683 1744 1719 Et
1768 1683 1831 1728 ἔξω
1856 1683 1964 1719 αὐτοῦ
1987 1681 2132 1721 videtur
2153 1686 2270 1720 extra
2293 1686 2467 1721 mortem.
2496 1685 2537 1720 P.
2563 1689 2643 1722 131.
2669 1697 2753 1734 per-

484 1747 578 1785 versi
604 1745 755 1785 fuerunt
779 1745 924 1797 numeri
951 1744 1246 1782 adnotationum.
1275 1746 1318 1781 In
1343 1744 1602 1793 Chrysostomo
1626 1754 1662 1790 p.
1692 1746 1771 1780 168.
1799 1753 1832 1780 v,
1858 1746 1917 1779 25.
1945 1741 2024 1779 dic:
2050 1745 2318 1790 superveniens
2343 1741 2557 1789 mortiferis
2574 1747 2749 1792 peccatis

484 1807 635 1843 iustitia
673 1806 791 1851 eripit
821 1815 846 1840 a
878 1806 1014 1841 morte.
1049 1806 1092 1841 T.
1124 1805 1186 1841 Vl.
1220 1806 1261 1841 P.
1290 1804 1403 1841 XLV.
1431 1814 1463 1840 v.
1493 1807 1530 1839 4.
1562 1813 1654 1839 corr.
1687 1804 1883 1850 Aptenses.
1917 1802 1959 1838 P.
1992 1802 2160 1839 XLvnl.
2193 1813 2226 1838 v.
2263 1806 2318 1839 12.
2352 1813 2446 1840 corr.
2478 1803 2752 1842 Massilienses-

484 1869 527 1903 P.
554 1870 587 1902 3.
615 1863 700 1901 adn.
726 1867 968 1911 Smyrnaeos.
995 1864 1036 1900 P.
1063 1867 1122 1900 35.
1149 1874 1182 1899 v.
1209 1867 1267 1900 29.
1299 1862 1562 1910 contemnifici.
1590 1863 1649 1898 lta
1670 1860 1851 1906 Annuus,
1875 1859 1940 1898 sed
1958 1859 2018 1898 dic
2043 1861 2351 1908 contemptibilis.
2378 1863 2419 1898 P.
2441 1866 2499 1899 36.
2520 1873 2554 1898 v.
2574 1860 2609 1900 2.
2634 1874 2654 1900 a
2680 1864 2753 1901 fin-

487 1926 566 1962 dic:
594 1924 954 1960 commentariorum
982 1925 1191 1960 auctorem.
1220 1924 1260 1959 P.
1286 1927 1344 1960 56.
1372 1933 1404 1958 ν.
1434 1926 1490 1958 10.
1519 1922 1618 1957 Vlll.
1647 1930 1741 1958 corr.
1770 1920 1837 1957 IX.
1865 1921 1905 1956 P.
1934 1924 1993 1956 66.
2023 1931 2057 1956 v.
2086 1924 2121 1957 6.
2148 1930 2170 1957 a
2194 1920 2259 1957 fin.
2289 1917 2368 1957 die:
2394 1931 2513 1957 serm.
2539 1924 2588 1958 II.
2616 1931 2751 1968 qraec.

486 1982 618 2030 affec-t.
643 1994 682 2028 p.
708 1985 789 2018 581.
818 1982 857 2017 P.
884 1986 943 2018 67.
971 1980 1057 2019 adn.
1081 1993 1114 2017 v.
1143 1987 1178 2020 3.
1208 1985 1373 2021 tant-um.
1399 1982 1440 2018 P.
1467 1984 1526 2018 82.
1551 1991 1584 2016 v.
1616 1984 1670 2018 19.
1697 1978 1775 2016 dic:
1802 1979 1850 2016 de
1874 1979 2020 2024 eadem.
2046 1980 2088 2015 P.
2118 1978 2196 2016 103.
2223 1990 2256 2016 ν.
2286 1983 2346 2016 12.
2371 1989 2465 2017 corr.
2489 1980 2744 2027 opponendos..

486 2044 527 2079 P.
551 2046 629 2078 122.
648 2041 734 2078 adn.
756 2052 788 2076 v.
807 2045 842 2077 2.
865 2040 1095 2077 antiocheni.
1123 2042 1164 2078 P.
1185 2045 1267 2078 218.
1287 2040 1356 2077 col.
1375 2044 1409 2077 2.
1429 2051 1462 2077 v.
1484 2044 1541 2077 11).
1567 2050 1587 2077 a
1607 2039 1671 2075 fin.
1698 2039 1814 2088 ἄμυνά
1834 2053 1882 2080 τε,
1909 2038 1954 2074 Et
1979 2046 2062 2075 mox
2086 2047 2124 2084 p.
2142 2040 2224 2073 219.
2243 2036 2313 2073 col.
2334 2041 2367 2072 1.
2387 2048 2421 2073 v.
2437 2041 2473 2073 3.
2500 2041 2746 2092 πεπλημμένα.
2817 2078 2821 2085 ,

486 2103 527 2138 P.
556 2105 636 2137 286.
665 2112 696 2136 v.
725 2105 760 2142 3.
785 2101 969 2139 Acacium
995 2110 1087 2137 corr.
1115 2101 1330 2137 Arsacium.
