2970 4420
2408 273 2505 322 213

796 373 1982 495 QNQQJDQQQ

476 652 899 719 DIATRIBIS
941 652 1251 720 LEONIS
1292 640 1628 730 ALL'ATH
1674 652 2296 721 SUBIUNGENDA.
2348 626 2357 633 ’

256 1108 409 1182 Inter
441 1133 618 1182 multas
654 1130 915 1185 utilitates,
943 1148 1064 1196 quas
1095 1148 1161 1178 ex
1190 1147 1338 1196 supra
1373 1131 1612 1196 impressis
1647 1131 1821 1179 Allatii
1853 1132 2104 1185 diatribis,
2136 1151 2195 1181 ac
2219 1137 2505 1199 praesertim

251 1230 319 1258 cx
343 1212 429 1258 illa
454 1211 511 1257 de
536 1213 573 1257 Τ
569 1210 810 1260 heodoris,
831 1221 1110 1274 perceptum
1133 1208 1199 1254 iri
1219 1208 1525 1271 confidimus,
1555 1225 1612 1254 ea
1632 1209 1795 1270 ferme
1811 1209 2079 1274 praecipua
2104 1223 2192 1263 est,
2222 1213 2350 1275 quod
2371 1212 2508 1260 haud

248 1305 413 1352 pauca
447 1288 630 1334 inedita
663 1299 867 1334 veterum
890 1285 1071 1350 scripta
1094 1284 1229 1332 nobis
1258 1285 1674 1338 demonstrantur,-
1703 1303 1903 1348 quorum
1928 1289 2160 1335 nonnulla
2190 1289 2240 1335 in
2271 1290 2506 1337 vaticanis
2577 1301 2579 1303 '

252 1381 420 1429 reapse
454 1364 692 1411 codicibus
715 1374 956 1426 comperta
987 1377 1020 1408 a
1042 1361 1177 1408 nobis
1199 1373 1326 1408 sunt.
1362 1364 1427 1408 Et
1455 1378 1513 1408 ea
1537 1362 1726 1424 quidem
1752 1363 1914 1409 omnia
1939 1365 2184 1428 evulgare,
2215 1382 2362 1429 supra
2386 1366 2506 1414 vires

240 1442 401 1502 soret:
434 1453 651 1492 attamen
683 1439 920 1486 nobiliora
948 1440 1118 1486 saltem
1142 1438 1327 1503 aliquot
1356 1438 1425 1484 ad
1448 1439 1695 1503 publicum
1724 1456 1861 1486 usum
1891 1441 2131 1504 proferre,
2154 1444 2367 1506 pretium
2399 1461 2505 1508 ope-

250 1534 338 1563 rae
370 1518 450 1564 sit.
487 1520 661 1581 Itaque
693 1516 887 1577 initium
917 1515 1160 1580 capiemus
1194 1516 1257 1561 ab
1297 1515 1631 1579 antiquissimo
1666 1517 1846 1563 saeculi
1880 1519 1963 1564 IV.
2007 1530 2200 1565 auctore
2240 1519 2498 1574 Theodoro,

251 1596 515 1642 Heracleae
548 1595 599 1640 in
632 1594 746 1641 urbe
775 1593 946 1658 patria
975 1592 1109 1657 apud
1141 1591 1348 1639 Thracas
1377 1592 1612 1657 episcopo,
1642 1594 1776 1640 cuius
1804 1596 2044 1658 permulta
2076 1596 2145 1641 ad
2170 1597 2373 1643 Esaiam
2405 1598 2506 1644 ine—

251 1673 356 1718 dita
390 1671 572 1719 scholia
606 1671 658 1718 in
691 1670 874 1734 insigni
905 1670 1127 1718 vaticano
1158 1670 1317 1716 codice
1352 1670 1634 1722 invenimus,
1664 1671 1748 1716 ubi
1773 1683 1972 1735 patrum
2004 1684 2175 1719 catena
2209 1674 2278 1720 ad
2301 1674 2506 1739 proplie-

192 1783 196 1785 <
234 1762 352 1795 'tam
376 1761 460 1797 est.
486 1748 597 1796 Fuit
623 1748 664 1794 is
687 1747 840 1794 codex
861 1758 1049 1794 venuste
1075 1746 1127 1792 in
1148 1746 1462 1799 membranis,
1491 1748 1679 1794 saeculo
1700 1747 1891 1794 circiter
1912 1748 2093 1795 decimo
2117 1750 2338 1814 scriptus.
2366 1751 2503 1799 Idem

242 1825 450 1888 picturis
480 1824 629 1870 etiam
659 1838 753 1869 non
788 1818 1136 1887 inelegantibus
1169 1835 1459 1874 eoeornatur,
1493 1841 1659 1888 nempe
1693 1824 1870 1871 Esaiae
1903 1836 2055 1871 totam
2089 1826 2263 1872 codicis
2282 1827 2503 1888 frontem

246 1901 545 1966 occupantis,
575 1900 759 1947 additis
792 1899 937 1946 iuoeta
965 1899 1222 1964 protomis,
1250 1916 1344 1946 non
1369 1900 1479 1971 „sine
1510 1901 1814 1965 epigraphis,
1842 1902 2041 1954 Basilii,
2073 1903 2262 1966 Cyrilli,
2296 1902 2503 1950 Theodo-

245 1980 357 2031 reti,
386 1995 445 2026 ac
471 1975 703 2026 Theodori
722 1977 1022 2024 heracleotae
1029 1996 1045 2031 ;
1070 1977 1196 2024 unde
1219 1976 1551 2042 intelligimus,
1575 1979 1911 2025 Heracleotam
1935 1979 2059 2025 inter
2076 1979 2337 2043 primarios
2359 1988 2504 2044 agno·

244 2059 314 2105 sci
345 2057 524 2104 Esaiae
558 2057 851 2121 interpretes.
887 2058 949 2103 In
971 2055 1128 2102 medio
1150 2068 1314 2103 autem
1337 2057 1496 2104 codice
1516 2057 1568 2120 s.
1602 2059 1711 2104 107.
1739 2058 1808 2104 ad
1839 2058 1979 2105 verba
2005 2058 2092 2104 illa
2115 2075 2221 2122 cap.
2249 2061 2415 2106 XXVI.
2446 2061 2497 2106 9:

242 2133 454 2197 vigilabit
485 2135 545 2181 de
576 2143 712 2181 nocte
745 2134 936 2197 spiritus
966 2148 1099 2180 meus
1132 2133 1191 2180 ad
1223 2141 1291 2186 te,
1321 2135 1467 2189 Deus,
1500 2146 1553 2181 ut
1592 2150 1794 2198 graecus
1828 2146 1991 2182 textus
2026 2135 2258 2197 loquitur,
2297 2136 2500 2199 grandis

244 2223 312 2258 est
338 2211 490 2258 noctis
508 2211 706 2275 figura,
736 2227 842 2257 cum
866 2208 1130 2275 epigraphe
1163 2200 1190 2257 ἦ
1224 2200 1319 2274 νὺξ
1336 2242 1348 2263 ,
1381 2226 1511 2256 more
1527 2211 1689 2274 prisco
1713 2227 1794 2258 seu
1819 2210 2005 2258 ethnico
2025 2212 2181 2275 picta,
2210 2213 2500 2270 coloresub-

241 2289 405 2352 nigro,
435 2287 644 2335 adducto
675 2287 726 2333 in
756 2299 901 2351 caput
925 2288 1022 2334 velo
1054 2287 1264 2339 stellato,
1289 2286 1472 2349 facula
1497 2287 1698 2335 inversa.
1735 2289 1888 2340 Pone,
1916 2288 2092 2335 Esaias
2113 2289 2253 2336 elatis
2275 2289 2498 2337 manibus

241 2382 409 2417 orans,
437 2381 544 2411 cum
563 2380 713 2428 puero
730 2365 902 2426 facem
920 2363 1225 2428 praeferente
1250 2363 1390 2426 (quia
1423 2364 1584 2411 lumen
1617 2373 1725 2412 sunt
1757 2366 1974 2414 mandata
2006 2374 2085 2412 tua
2117 2381 2259 2429 super
2291 2376 2492 2421 terram,

241 2453 293 2487 ut
326 2453 394 2487 est
429 2441 480 2487 in
511 2440 737 2506 graeco.)
770 2442 954 2505 Supra,
983 2439 1150 2487 divina
1173 2455 1345 2486 manus
1378 2440 1436 2486 de
1467 2440 1674 2504 sphaera
1705 2442 1899 2489 caelesti
1923 2442 2200 2506 prominens
2224 2459 2283 2489 ac
2306 2443 2497 2490 benedi·-

239 2533 345 2562 cens
370 2518 442 2564 vel
463 2517 627 2563 iubens
661 2516 890 2580 (Domine
913 2516 1147 2564 excelsum
1170 2515 1414 2563 brachium
1438 2526 1571 2564 tuum
1597 2534 1638 2565 ν.
1671 2520 1746 2564 11.
1765 2518 1780 2581 )
1803 2519 1946 2566 Hanc
1979 2519 2157 2565 iconem
2181 2520 2493 2584 Agincurtius

236 2593 410 2639 merito
442 2593 736 2650 admiratus,
772 2593 823 2639 in
853 2609 993 2640 suam
1024 2591 1176 2639 medii
1206 2593 1313 2640 aevi
1337 2593 1645 2658 picturarum
1675 2585 1894 2642 tabulam
1925 2598 2089 2643 XLVI.
2129 2596 2309 2644 intulit.
2346 2598 2494 2643 Deni-

238 2687 327 2734 que
353 2670 403 2716 in
430 2671 559 2717 calce
581 2670 1092 2735 codicis,1supplicium
1119 2671 1298 2718 Esaiae
1319 2687 1454 2718 serra
1478 2671 1670 2718 dissecti
1684 2673 1927 2737 pingitur.
1967 2675 2200 2720 Graecam
2226 2675 2411 2720 nullam
2442 2675 2491 2720 in

236 2747 439 2794 Esaiam
465 2759 666 2812 patrum
696 2759 918 2794 catenam
950 2746 1109 2794 adhuc
1141 2748 1322 2794 editam
1354 2748 1572 2812 legimus.
1609 2751 1671 2795 In
1703 2748 1796 2796 lzac
1828 2762 1989 2797 autem
2021 2751 2269 2802 vaticana,
2297 2763 2492 2815 praeter

237 2825 365 2875 illos,
395 2841 595 2887 quorum
627 2825 962 2870 commentarii
993 2836 1189 2876 extant,
1219 2825 1482 2872 Eusebium
1507 2826 1876 2878 caesariensem,
1915 2827 2151 2874 Basilium
2165 2864 2178 2879 ,
2220 2826 2491 2891 Chrysostoa

232 2918 392 2951 mum,
432 2918 491 2946 ac
527 2899 891 2951 Theodoretum,
931 2901 1155 2965 leguntur
1187 2900 1444 2964 reliquiae,
1482 2918 1776 2965 quamquam
1808 2903 1959 2949 multo
1991 2904 2223 2955 rariores,
2257 2904 2482 2960 ⁴Irenaei,

234 2977 509 3042 Hippolyti,
540 2976 783 3041 Origenis,
811 2976 1124 3040 Apollinaris,
1152 2975 1431 3030 Athanasii,
1459 2970 1656 3024 Eusebii
1676 2979 1896 3031 emeseni,
1927 2980 2066 3044 Greg.
2093 2980 2286 3043 nysseni
2292 3012 2318 3031 ,κ
2330 2982 2490 3027 Severi

232 3055 530 3106 antiocheni,
566 3067 611 3101 et
645 3054 761 3101 libri
780 3053 1050 3118 'gerontici3
1076 3054 1161 3100 sed
1192 3067 1360 3100 contra
1383 3055 1658 3118 frequentes
1688 3056 1951 3103 admodum
1989 3055 2220 3104 Theodori
2246 3056 2486 3105 heracleo-

231 3146 336 3185 tae,
364 3150 485 3196 quas
517 3134 643 3180 solas
676 3149 802 3179 nunc
827 3131 1038 3178 indidem
1066 3132 1300 3179 eruendas
1332 3133 1646 3197 suscepimus:
1672 3134 1924 3198 gestientes
1953 3134 2170 3198 equidem
2201 3134 2484 3182 ecclesiasti-

231 3228 339 3258 cum
368 3210 494 3258 hunc
517 3209 857 3272 classicumque
880 3221 1121 3255 auctorem
1149 3225 1343 3274 augere.
1379 3212 1529 3258 Porro
1560 3209 1678 3256 haec
1701 3212 2014 3258 Heracleotae
2039 3210 2242 3262 scholia,
2273 3227 2395 3274 quae
2418 3228 2483 3258 ex

226 3288 413 3349 fusiore
439 3287 779 3339 commentario
809 3297 1083 3350 supersunt,
1112 3276 1283 3350 graece
1306 3298 1496 3334 tantum
1525 3287 1749 3352 temporis
1776 3287 2016 3353 angustiis
2044 3288 2199 3352 pressi
2224 3305 2478 3353 ponemus,-

226 3364 510 3426 praeser'tim
534 3364 652 3427 quia
681 3363 861 3427 scripta
885 3361 1160 3410 huiusmodi
1182 3363 1353 3427 peritis
1369 3363 1531 3429 potius
1553 3379 1835 3427 graecorum
1860 3363 2137 3418 bibliorum,
2167 3381 2313 3428 quam
2337 3365 2473 3419 aliis,

228 3439 446 3488 exhiberi
477 3442 643 3489 solent.
1771 3446 1773 3449 ’
1874 3460 1878 3463 ·
