2970 4420
404 278 465 323 82
1352 283 1502 320 mosis
1535 288 1712 319 Αιιᾼτιι

843 376 1052 423 Crudelis
1084 388 1151 422 est
1190 377 1363 427 Oscum
1394 374 1479 420 sed
1509 385 1672 420 tamen
1705 385 1750 419 te
1782 372 2011 420 moriente
2045 373 2152 421 risit
2168 411 2179 426 ,

843 455 988 516 Teque
1022 465 1317 499 morluorum
1351 451 1553 497 mimum
1589 467 1685 497 esse
1718 451 1907 497 statuit.

531 531 735 578 Tertium
770 530 922 577 adhuc
954 531 1180 577 ineditum
1215 538 1300 575 est.

714 596 806 650 Σοὶ
846 621 931 651 τον
966 595 1284 654 πειληθέντα
1321 591 1441 648 διἐ
1450 585 1688 667 ὖξοίνθου
1723 618 1905 668 τριχος
1940 595 2129 667 ἀμνοῦ,

827 675 1022 745 Ἑρμα,
1058 671 1398 733 Καλλιτέλης
1439 670 1681 746 ἐκρέμασε
1718 670 1956 727 πέταλον.

715 748 819 805 Και
854 749 1069 815 δίβολον
1105 746 1343 822 mpo'mtuv
1380 747 1462 803 καὶ
1505 746 1791 821 στεγγίδα,
1829 747 1912 802 καὶ
1949 772 2006 802 το
2043 748 2299 805 τανυσθὲν

830 826 1027 900 Τόξον,
1063 849 1144 879 και
1186 823 1434 898 τριβάκην
1468 823 1777 899 γλοιοποτιν
1812 823 2097 896 χλαμύδα,

715 904 814 957 Καὶ
857 903 1070 975 σχίζας,
1107 901 1189 955 καὶ
1232 903 1452 976 σφαῖραν
1490 903 1750 968 αείβολον·
1788 902 1935 956 ἀλλὰ
1973 902 2029 957 σι)
2071 901 2225 977 δεξαι

834 981 988 1053 Δωρα
1025 977 1370 1045 φιλευτείκτου
1411 977 1569 1052 δωρον
1608 978 1941 1051 ἐφημοσύνας.

405 1070 499 1116 Nec
532 1067 923 1130 praetereundum
947 1065 1134 1111 videtur
1162 1065 1368 1112 secundo
1393 1067 1715 1128 epigrammati
1738 1066 1875 1112 edito
1899 1065 2093 1129 praefigi
2130 1054 2401 1128 Θεοδώρου
2431 1057 2527 1111 τοῦ
2551 1053 2668 1111 ‘'Av-

407 1140 526 1190 θου.
563 1143 734 1194 Anthi,
771 1159 829 1189 an
859 1141 1092 1189 Theodori
1117 1158 1377 1204 cognomen
1411 1142 1574 1197 fuerit,
1603 1159 1661 1189 an
1690 1158 1863 1190 nomen
1893 1144 2064 1206 patris,
2090 1144 2165 1191 vel
2197 1143 2317 1191 loci‘?
2351 1145 2423 1189 An
2451 1143 2559 1191 ideo
2584 1158 2671 1205 po-

407 1225 545 1269 situm
586 1231 638 1269 ut
679 1221 755 1267 hic
797 1219 856 1266 ab
898 1221 991 1266 alio
1028 1220 1278 1266 Theodoro
1318 1220 1544 1283 scriptore
1584 1221 1974 1283 epigrammatum
2015 1221 2364 1284 distinguatur?
2404 1222 2492 1267 Res
2532 1220 2671 1283 plane

406 1303 596 1347 incerta.

535 1377 652 1423 XVI.
690 1377 851 1421 Sextus
893 1375 1126 1427 decimus,
1163 1376 1245 1437 qui
1286 1375 1347 1422 de
1388 1376 1537 1438 poetis
1575 1376 1790 1438 scripsit,
1831 1361 2191 1428 ἑκκαιδέκατος
2226 1362 2507 1441 γεγραφώς
2538 1362 2665 1436 περὶ

406 1444 652 1501 ωοιητῶν.
689 1453 742 1497 In
785 1452 910 1498 hunc
951 1452 1171 1513 leguntur
1213 1452 1367 1498 adhuc
1406 1453 1453 1498 in
1497 1453 1677 1514 sylloge
1721 1454 2114 1515 epigrammatum
2154 1468 2427 1516 graecorum
2466 1449 2552 1498 lib.
2586 1450 2666 1496 ΙΙΙ.

407 1547 509 1593 cap.
538 1531 618 1576 25.
650 1528 731 1591 (p.
760 1529 910 1592 28¹.)
947 1530 1279 1591 epigrammata
1314 1530 1495 1576 incerti.

800 1594 1042 1650 Κάτθανε
1080 1595 1170 1667 μὲν
1208 1593 1507 1669 Θεόδωρος,
1541 1592 1862 1650 ἀοιδοπόλων
1900 1592 1955 1649 δὲ
1994 1597 2229 1653 παλαιῶν

909 1675 1131 1734 Πληθὸς
1169 1671 1416 1744 οἰχομένη
1456 1674 1537 1728 νῦν
1570 1671 1729 1739 θοίνεν
1764 1670 2040 1747 ἀτρεκέως,

796 1750 950 1805 Ποῗσα
984 1748 1089 1824 γάρ
1131 1750 1403 1822 ἐμπνειόντι
1445 1749 1699 1813 συνέπνεε,
1730 1751 1872 1804 mio-a
1909 1747 1957 1803 δ’
1998 1748 2196 1817 ἀπέσβη

912 1826 1275 1899 Σβεννυμένου·
1310 1825 1516 1900 κρύφθη
1556 1825 1605 1880 δ’
1645 1827 1715 1882 εἶν
1754 1825 1821 1882 ἑνὶ
1861 1825 2026 1882 πάντα
2058 1826 2223 1900 τοίφῳ.

409 1916 539 1962 Obiit
579 1914 797 1978 equidem
836 1913 1130 1965 Theodorus,
1164 1921 1422 1978 poetarum
1463 1931 1568 1962 vero
1607 1913 1918 1977 antiquorum
1955 1914 2215 1959 multitudo
2254 1912 2507 1963 decedens,
2549 1927 2675 1957 nunc

410 2012 512 2041 vete
538 1994 788 2039 demortua
813 2004 907 2037 est:
935 1991 1157 2039 universa
1184 1991 1420 2076 siquidem
1448 2008 1554 2037 eum
1586 2004 1631 2037 te
1657 1991 1873 2056 spirante
1897 1990 2142 2054 sszrubut
2173 1989 2485 2052 universaque
2513 1986 2677 2033 extin-

409 2083 488 2117 cta
519 2082 586 2117 est
619 2082 665 2116 te
698 2069 928 2115 extincto.
970 2068 1236 2131 Omniaque
1265 2068 1314 2113 in
1341 2085 1434 2115 uno
1461 2067 1706 2132 sepulchro
1739 2067 1934 2113 condita
1968 2079 2094 2114 sunl.
2131 2069 2188 2113 Et
2212 2066 2378 2113 Iuliani
2413 2066 2496 2128 (p.
2523 2066 2637 2112 282.
2658 2063 2673 2126 )

741 2136 935 2207 Μνημα
969 2159 1082 2199 σον,
1116 2143 1152 2189 ὠ
1190 2133 1455 2208 Θεόδωρε,
1486 2131 1830 2230 πανατρακές,
1863 2131 1973 2194 οὐδ’
2013 2133 2081 2190 ἑνὶ
2117 2132 2327 2207 τύμβω,

851 2213 1001 2267 Ἀ’λλ
1044 2218 1090 2267 ἐν
1125 2219 1180 2279 βι
1187 2213 1420 2279 βλιακων
1453 2210 1670 2285 μυριοίσι
1711 2209 1954 2274 σελίδων,

740 2288 892 2346 Αἳσιν
928 2288 1287 2363 ανεζωγρησας
1324 2287 1693 2361 απολλυμένων
1731 2286 1827 2342 οἰπό
1867 2286 2039 2350 λη’θης

853 2365 1119 2442 Ἃρποίξας
1157 2366 1333 2441 νοερῶν
1368 2365 1593 2439 μόχθον·
1616 2363 1958 2420 οἷοιδοπόλων.

414 2459 771 2504 Monumentum
799 2468 956 2505 tuum,
986 2471 1013 2500 ο
1049 2452 1085 2500 Τ
1082 2453 1283 2501 lieodore
1313 2453 1504 2500 omnino
1531 2470 1692 2501 verum
1725 2465 1816 2504 esc,
1846 2469 1940 2499 non
1970 2452 2021 2498 in
2049 2451 2256 2502 tumulo,
2286 2451 2370 2498 sed
2393 2450 2443 2496 in
2476 2465 2678 2513 pereun-

413 2535 536 2580 tium
572 2533 941 2580 chartaceurum
967 2531 1270 2595 paginarum
1307 2531 1543 2582 millibus,
1578 2547 1699 2593 quas
1727 2531 1790 2577 ab
1819 2529 2018 2576 interitu
2045 2528 2321 2580 vindicasti,
2355 2528 2417 2574 ab
2449 2526 2680 2573 oblivione

414 2611 619 2675 eripiens
648 2610 1003 2675 ingeniosorum
1031 2608 1241 2655 laborem
1263 2615 1535 2672 poetarum.
1574 2610 1640 2654 De
1671 2609 1820 2671 poetis
1845 2608 2013 2654 scilicet
2041 2607 2241 2668 antiquis
2269 2605 2499 2659 scribenS,
2531 2612 2576 2650 et
2598 2618 2680 2650 eo-

416 2705 521 2736 rum
550 2689 667 2735 facta
693 2689 866 2750 scripto
891 2686 1246 2739 commendans,
1273 2701 1417 2748 eaque
1441 2687 1698 2732 innumeris
1722 2685 1854 2731 libris
1881 2683 2218 2748 complectens,
2247 2691 2291 2729 et
2318 2682 2571 2729 memoriae
2594 2695 2681 2743 po-

415 2775 647 2813 sterorum
671 2767 916 2827 ingerens,
946 2780 1109 2810 eorum
1142 2762 1328 2809 labores
1354 2762 1412 2809 ab
1442 2762 1682 2810 oblivione
1706 2763 1984 2809 vindicavit:
2021 2762 2223 2823 ideoque
2247 2762 2372 2807 illius
2399 2774 2681 2806 monumen-

416 2852 516 2889 tum
547 2858 643 2889 non
673 2844 724 2897 in,
759 2841 964 2895 tumulo,
993 2841 1074 2886 sed
1101 2838 1148 2885 in
1181 2839 1314 2886 libris
1343 2840 1454 2902 ipsis
1480 2841 1605 2886 cerni
1637 2840 1837 2901 poterit:
1872 2854 1959 2885 nec
1988 2839 2109 2885 male
2139 2854 2195 2884 eo
2231 2838 2505 2889 demortuo,
2532 2837 2682 2882 extin-

415 2929 583 2982 ctoque
607 2935 771 2966 omnes
798 2919 846 2964 hi
874 2923 1062 2981 poetae,
1095 2918 1176 2979 qui
1203 2933 1259 2964 eo
1283 2918 1468 2964 vivente
1493 2915 1740 2970 vivebant,
1770 2915 2003 2963 demortui
2027 2916 2309 2976 extinctique
2336 2922 2443 2960 sunt
2459 2948 2472 2967 ‚
2498 2927 2683 2974 unaque

413 3014 523 3043 cum
552 3013 609 3044 eo
642 3013 736 3044 uno
762 3011 924 3042 omnes
949 2996 1200 3058 sepulchro
1233 2995 1424 3042 conditi.
1462 2993 1583 3040 Hinc
1610 3009 1707 3040 non
1741 2991 1976 3040 immerito
2001 3008 2165 3039 eorum
2197 2991 2422 3038 sententia
2451 2990 2679 3041 reiicitur,

412 3076 496 3135 qui
530 3073 643 3121 haec
677 3074 736 3121 de
773 3073 920 3135 poetis
959 3072 1018 3118 ad
1052 3072 1353 3119 Theodorum
1393 3072 1693 3133 gadarensem
1733 3070 1904 3130 Tiberii
1939 3070 2143 3116 Caesaris
2178 3076 2528 3131 praeceptorem
2563 3064 2685 3111 refe—

417 3160 548 3197 runt:
579 3166 664 3198 nec
692 3166 787 3197 non
821 3165 984 3196 eorum
1012 3151 1092 3212 qui
1124 3149 1183 3195 ad
1212 3149 1510 3196 Theodorum
1535 3154 1731 3211 poetam
1745 3148 1874 3194 cuius
1905 3147 2068 3193 Suidas
2092 3146 2330 3198 meminit,
2358 3146 2532 3206 quique
2555 3157 2685 3189 com-

420 3229 554 3292 pluta
588 3228 798 3276 versibus
839 3229 1047 3291 scripsit,
1087 3235 1133 3274 et
1172 3228 1363 3289 quidem
1404 3228 1540 3273 etiam
1582 3228 1629 3272 in
1668 3227 1992 3288 Cleopatram,
2032 3240 2138 3270 cum
2172 3223 2297 3270 hunc
2328 3230 2565 3274 nostrum,
2602 3222 2682 3283 qui
2725 3255 2728 3258 Α

420 3307 479 3355 de
508 3308 656 3367 poetis
691 3304 896 3369 scripsit,
928 3322 1078 3367 neque
1108 3310 1294 3368 poetam
1320 3305 1482 3358 fuisse,
1510 3313 1556 3351 et
1584 3304 1735 3350 multo
1770 3304 1908 3350 fuisse
1936 3303 2172 3348 diversum
2201 3316 2223 3347 a
2258 3289 2527 3362 gadarensi‚
2556 3306 2684 3345 certo

420 3383 567 3428 evinci
604 3386 763 3443 possit.
801 3386 867 3429 De
898 3383 1069 3445 quibus
1102 3399 1188 3428 nos
1221 3384 1361 3429 etiam
1394 3383 1515 3429 infla
1547 3398 1633 3428 suo
1666 3382 1773 3428 loco
1804 3380 2076 3428 scribemus.

549 3462 689 3506 XVII.
727 3463 942 3507 Decimus
980 3461 1235 3523 septimus,
1273 3461 1507 3512 medicus,
1545 3459 1767 3505 Athenaei
1799 3458 2087 3523 discipulus,
2127 3439 2624 3503 ἕωτακαῑδέκατος
2609 3465 2684 3494 ια

423 3547 542 3597 ’Τρῦς
560 3568 571 3587 ,
601 3526 883 3584 Αθηναίου
919 3525 1161 3599 μαθητης
1198 3540 1339 3584 Notat
1362 3536 1746 3584 Aldobrandinus
1774 3535 1833 3582 ad
1856 3536 2116 3585 Laenium,
2148 3532 2437 3577 Athenaeum
2464 3529 2555 3575 hoc
2578 3529 2685 3576 loco

425 3629 516 3658 non
550 3628 655 3658 eum
692 3613 810 3666 dici,
839 3615 968 3659 cuius
999 3613 1148 3660 libros
1173 3614 1401 3660 habemus
1436 3602 1887 3668 δειπνοσοφιστῶν,
1922 3611 2002 3658 sed
2027 3611 2316 3656 Athenaeum
2347 3607 2554 3653 Attalum
2585 3622 2686 3654 me-

425 3689 581 3735 dicum
616 3691 867 3750 insignem,
897 3691 955 3736 de
983 3707 1078 3752 quo
1112 3700 1181 3738 est
1215 3691 1340 3753 apud
1371 3691 1597 3737 Galenum
1631 3689 1717 3736 lib.
1746 3691 1804 3735 II.
1834 3688 1893 3735 de
1927 3688 2074 3734 causis
2106 3694 2359 3747 symptom.
2392 3692 2438 3730 et
2469 3683 2594 3731 libro
2626 3683 2687 3729 de

426 3766 688 3820 elementis,
717 3782 773 3812 eo
800 3768 1032 3813 neminem
1059 3770 1180 3814 inter
1204 3770 1484 3815 recentiores
1507 3768 1714 3814 medicos
1747 3766 1864 3812 adeo
1890 3765 2146 3811 medicinae
2179 3763 2406 3809 rationem
2435 3761 2686 3808 memoriae

427 3842 688 3904 prodidisse
729 3842 910 3888 melius.
947 3837 1178 3890 Theodori
1220 3845 1431 3891 meminit
1466 3844 1641 3892 Plinius
1680 3842 1765 3890 lib.
1798 3844 1898 3889 XX.
1934 3856 2035 3904 cap.
2071 3842 2118 3887 9.
2158 3838 2421 3885 Theodorus
2460 3849 2505 3883 et
2543 3835 2688 3884 liche-
