2970 4420
492 273 586 318 26AE

486 386 593 424 muS,
622 375 728 426 quod
753 377 879 427 ipsum
911 381 1048 418 extare
1078 390 1150 419 ms.
1184 381 1299 418 etiam
1330 378 1520 429 Neapoli,
1558 391 1609 418 ex
1640 379 1816 430 cataloqo
1847 380 2022 420 codicum
2051 381 2280 433 qraecorum
2313 382 2566 424 bibliothecae
2597 381 2739 443 bopho-

485 447 595 484 nicae
619 457 667 496 p.
699 446 794 487 125.
820 452 1080 499 coqnciaeimus.
1115 449 1242 500 Atque
1272 451 1305 487 is
1335 452 1393 487 est
1421 450 1664 501 Martyrius,
1693 462 1807 501 quem
1837 451 1880 490 S.
1910 451 2051 490 Petrus
2079 453 2294 493 Damianus
2323 467 2457 506 opusc:
2481 455 2594 494 XIX.
2629 455 2664 492 l.
2690 453 2740 491 dc

485 517 614 556 abdic.
642 518 759 569 episc.
788 518 928 570 refert,
953 524 1118 571 propter
1139 519 1361 559 dissidentis
1384 520 1685 583 inobedientiam
1705 523 1866 573 populi,
1894 522 2119 562 cathedram
2139 525 2327 565 dimisisse
2349 511 2562 566 dicentem:
2592 542 2608 557 α
2635 525 2739 564 clero

484 600 559 627 non
579 589 755 640 subdito,
785 595 825 629 et
845 591 996 641 populo
1027 590 1247 639 dissidenti,
1278 594 1315 629 et
1345 591 1526 630 ecclesiae
1547 593 1742 643 squalenti
1772 593 2004 632 abrenuntio
2013 623 2025 644 ,
2054 590 2212 634 servans
2234 597 2408 636 mihimet
2436 597 2642 636 sacerdotii
2673 596 2735 652 (li-

482 659 687 709 quitatem.
729 678 744 694 u
783 662 958 711 Denique
989 664 1107 699 etiam
1135 662 1177 699 in
1208 661 1415 713 Spicileqii
1446 674 1544 702 rom.
1580 667 1678 714 tomo
1708 664 1832 703 altero
1853 663 2125 714 sraqmcntum
2155 665 2378 706 historicum
2409 679 2461 706 ex
2485 668 2740 718 palimpsesto

465 730 686 783 'tusculano
717 731 914 780 dedimuS,
944 731 1012 769 ubi
1020 761 1032 780 ,
1061 731 1166 770 inter
1195 732 1299 782 alia,
1329 733 1590 783 Chrysostomi
1619 745 1771 785 quoque
1802 735 1984 785 expulsio
2014 738 2218 774 narratur.
2471 779 2481 790 ·

603 800 708 848 Quot
735 813 828 852 erqo
857 805 1003 840 veteres
1034 801 1088 840 ad
1115 797 1360 842 scribendam
1386 803 1647 854 Chrysostomi
1667 808 1790 844 ‘citam
1820 806 2069 844 incubuerint
2078 812 2172 854 ,cx
2190 807 2365 858 cataloqo
2395 810 2509 847 citato
2540 807 2737 858 coqnosei-

482 883 588 922 mus,
616 876 654 911 et
675 884 727 911 ex
747 872 861 911 editis
881 885 905 911 a
929 873 1115 912 Palladio
1135 873 1446 925 helenopolitano
1467 877 1594 916 sancti
1615 879 1694 916 viri
1720 870 2039 928 contemporaneo
2046 892 2062 927 ,·
2089 878 2254 928 Georqio
2275 879 2556 929 alexandrino,
2582 880 2737 929 septimi

481 943 631 982 saecuti
659 942 836 993 homin-e,·
862 945 1063 995 Anonymo
1093 945 1261 996 quodam
1268 961 1285 997 ,·
1310 948 1433 986 Leone
1463 948 1638 998 sapiente
1661 950 1789 1000 imp.,·
1814 961 1860 987 ac
1891 948 2181 1000 Metaphraste,
2206 949 2347 988 nobilis
2369 949 2486 988 huius
2514 948 2738 1001 arqumenti

481 1013 652 1064 scriptis.
686 1015 797 1054 Inter
819 1018 1050 1055 recentiore-s
1072 1020 1202 1056 autem
1226 1021 1396 1058 eminent
1418 1020 1708 1070 Tillemontius,
1735 1021 1925 1070 Savilius,
1955 1032 2000 1059 ac
2023 1020 2242 1071 praecipue
2265 1018 2593 1070 Montfauconius.
2625 1022 2738 1061 Nunc
2800 1015 2802 1018 ’

474 1095 553 1134 per
579 1096 648 1123 nos
677 1084 826 1123 aceedit
852 1086 1047 1125 veteribus
1079 1088 1393 1129 trimithuntinus
1418 1090 1660 1140 Theodorus,
1689 1091 1738 1130 de
1768 1093 1880 1129 cuius
1910 1093 2059 1130 meritis
2088 1103 2133 1130 ac
2162 1089 2297 1129 naevis
2326 1090 2529 1140 disputare
2558 1091 2628 1130 diu
2658 1102 2735 1129 non

480 1158 607 1194 vacat.
634 1156 745 1195 Certe
763 1167 880 1206 quam
903 1157 1038 1197 obiicit
1058 1158 1226 1198 Photius
1247 1160 1332 1199 cod.
1352 1161 1499 1201 XCVI.
1523 1161 1690 1212 G-eorqio
1710 1161 1792 1200 stili
1823 1145 2070 1210 χυὸαιδτητα
2102 1165 2139 1199 et
2170 1145 2212 1197 τό
2238 1152 2483 1213 παριστερεῖν
2498 1185 2510 1202 ‚
2543 1161 2585 1198 in,
2606 1164 2734 1199 nostro

480 1237 632 1276 quoque
664 1226 859 1267 Theodoro
883 1232 1035 1280 partim
1065 1235 1167 1270 certe
1198 1234 1407 1283 comperiri
1436 1244 1513 1272 non
1542 1244 1656 1283 neqo.
1696 1234 1970 1272 Verumtamen
2000 1236 2040 1272 et
2067 1232 2173 1272 illud
2201 1244 2289 1272 cum
2319 1232 2451 1271 eodem
2471 1230 2613 1270 Photio
2643 1242 2735 1269 con-

479 1296 588 1335 cludi
610 1301 764 1348 potest:
796 1282 902 1333 οὐδὲν
926 1285 1061 1335 κωλύει
1087 1285 1179 1342 τοὺς
1204 1286 1540 1353 ἀναγινώσκεντας
1567 1287 1836 1354 ἐκλεγομένους
1862 1287 1915 1338 τὰ
1937 1287 2137 1354 χρήσιμα,
2164 1287 2216 1339 τὰ
2239 1285 2357 1339 λειπᾶ
2380 1292 2564 1355 παρορᾷν,
2597 1300 2738 1352 Utique

478 1372 607 1406 nester
625 1369 843 1420 simplicior
864 1373 986 1411 multo
1007 1373 1306 1426 adstrictiorque
1328 1379 1402 1425 est,
1425 1387 1550 1426 neque
1567 1378 1623 1414 tot
1642 1374 2024 1426 reprehensionibus,
2052 1379 2147 1426 quot
2170 1375 2378 1425 Georqius,
2405 1385 2540 1413 ansam
2551 1371 2732 1424 praebet.

478 1439 623 1478 Peccat
650 1443 778 1481 tamen
805 1443 848 1482 in
878 1444 1031 1495 aliquot
1057 1448 1325 1497 episcoporum
1348 1448 1589 1498 nominibus,
1618 1451 1658 1486 et
1679 1446 1975 1498 alia'quaedam
1999 1458 2147 1497 parum
2177 1446 2384 1486 eredibilia
2406 1445 2537 1484 habet.
2572 1443 2650 1483 Sed
2668 1454 2736 1482 nos

469 1514 596 1559 prout
625 1513 725 1550 iacet
752 1514 984 1566 vulqamus5
1013 1517 1106 1555 aliis
1132 1521 1256 1557 artem
1285 1520 1460 1558 criticam
1488 1518 1748 1558 exercendam
1770 1520 2054 1569 permittimus.
2088 1517 2167 1557 Sed
2195 1521 2234 1556 et
2261 1518 2343 1556 alia
2370 1516 2536 1555 dicenda
2561 1518 2737 1566 superest

475 1582 613 1632 scripti
647 1581 766 1623 huius
801 1587 977 1637 utilitaS,
1018 1600 1155 1640 nempe
1190 1593 1238 1628 ut
1269 1590 1429 1641 iniquae
1467 1591 1578 1630 illius
1617 1590 1672 1629 ad
1712 1589 1909 1639 Quercum
1945 1588 2232 1639 (Chalcedonis
2269 1586 2533 1639 suburbium)
2562 1585 2728 1637 synodi,

476 1662 578 1690 anno
609 1652 711 1693 403.
745 1655 933 1696 adversus
966 1658 1280 1710 Chrysostomum
1313 1660 1496 1711 habitae,
1536 1660 1728 1700 Theodori
1759 1662 1884 1700 nostri
1917 1661 2120 1710 narratio,
2157 1661 2199 1698 in
2228 1658 2479 1698 conciliorum
2515 1657 2737 1696 collectione

476 1719 571 1770 (ed.
594 1723 759 1773 florent.
794 1727 934 1767 Zattae
967 1729 1011 1784 T.
1047 1730 1132 1769 III.
1145 1731 1169 1781 J
1193 1735 1390 1782 ponatur,
1427 1731 1497 1770 ubi
1527 1731 1714 1770 hactenus
1743 1732 1897 1770 nonnisi
1928 1742 1980 1769 ex
2009 1720 2175 1780 Photio,
2212 1733 2252 1769 et
2279 1729 2489 1778 Palladio,
2525 1739 2571 1767 ac
2601 1727 2736 1767 libelle

476 1793 680 1845 synodico,
710 1800 819 1836 aetus
850 1799 1098 1849 leqebantur.
1643 1790 1646 1792 ’

593 1865 796 1905 Postremo
827 1868 925 1907 mihi
947 1870 1076 1919 paulo
1106 1872 1342 1922 explicatius
1371 1871 1580 1911 dicendum
1604 1871 1763 1912 videtur
1784 1871 1832 1910 de
1856 1871 2005 1923 priscis
2034 1871 2117 1910 illis
2143 1871 2338 1922 epistolis,
2365 1882 2463 1922 quas
2492 1869 2548 1909 acl
2575 1861 2755 1911 verbum.

477 1935 886 1989 recitat'Theoclorus,
915 1943 1172 1990 auqustorum
1194 1942 1342 1983 scilicet
1360 1942 1525 1982 Arcadii
1546 1946 1585 1982 et
1605 1943 1793 1992 Honorii,
1822 1943 2039 1993 Innocentii
2060 1954 2215 1994 papae,
2247 1941 2472 1993 Theophili,
2499 1940 2646 1992 Synodi
2665 1952 2755 1993 rof
2800 1948 2806 1953 ·

473 2017 630 2058 manac,
669 2020 756 2047 cum
787 2010 1003 2050 minoribus
1033 2012 1142 2052 aliis.
1176 2012 1264 2052 Hae
1295 2013 1477 2064 quidem,
1508 2017 1660 2066 partim
1689 2015 1848 2064 saltem,
1885 2014 1996 2066 apud
2024 2015 2123 2053 alios
2146 2025 2304 2064 quoque
2336 1999 2570 2064 bioq'raphos
2600 2023 2735 2050 occur-

472 2083 592 2129 runt;
626 2074 797 2130 quatuor
826 2086 957 2121 autem
988 2084 1206 2124 recitantur
1234 2096 1260 2123 a
1292 2085 1514 2125 Constantio
1544 2087 1587 2125 in
1616 2085 1697 2137 Ep.
1724 2084 1875 2136 pontis.
1911 2087 2004 2124 tomi
2033 2084 2266 2137 appendice,
2294 2087 2470 2135 sumptae
2500 2095 2551 2121 ex
2583 2082 2727 2132 Glyca,

475 2148 697 2200 Nicephoro
727 2151 915 2203 Callixti,
947 2156 986 2192 et
1006 2154 1197 2204 Baronio,
1226 2154 1297 2194 sed
1323 2155 1468 2206 ubique
1491 2167 1579 2195 eum
1602 2155 1793 2207 plurimis
1814 2155 2085 2194 varietatibus.
2124 2155 2239 2194 Totus
2261 2158 2391 2194 autem
2414 2156 2457 2192 in
2481 2165 2525 2192 eo
2549 2153 2737 2192 Constan-

473 2220 551 2257 tius
573 2223 650 2270 est,
678 2225 725 2259 ut
741 2221 813 2260 has
835 2225 993 2273 spurias
1014 2223 1141 2275 dicat,
1173 2224 1278 2264 sicut
1303 2228 1422 2265 etiam
1450 2226 1654 2266 existimat
1673 2227 1826 2278 Paqius
1847 2226 1959 2277 apud
1979 2226 2212 2266 Baronium.
2248 2224 2456 2264 Concludit
2474 2227 2603 2262 tamen
2627 2223 2733 2262 Con-'-

472 2292 639 2329 stantius
669 2296 817 2332 tantam
847 2306 912 2333 eas
940 2306 1078 2346 sapere
1107 2297 1401 2348 antiquitatem,
1430 2302 1478 2337 ut
1504 2297 1614 2337 haud
1641 2300 1766 2337 serius
1787 2296 1962 2349 sortasse
1989 2298 2144 2337 saecuto
2173 2300 2283 2335 sexto
2312 2297 2480 2346 scriptae
2504 2294 2731 2334 videantur.

474 2360 592 2401 Mitto
623 2375 694 2413 eqo
725 2368 966 2405 et-revereor
989 2367 1205 2407 Constantii
1234 2373 1466 2420 arqumenta
1495 2369 1684 2409 adversus
1713 2369 1784 2410 has
1815 2369 1993 2419 litteras;
2017 2369 2088 2408 sed
2109 2372 2238 2408 tamen
2257 2367 2366 2406 illud
2386 2378 2445 2406 me
2468 2373 2616 2417 parum
2646 2377 2732 2403 mo-

472 2435 558 2482 vet,
587 2434 694 2484 quod
722 2447 809 2474 cum
831 2448 874 2474 eo
906 2437 980 2476 alii
1008 2440 1153 2488 critici,
1180 2450 1276 2490 quos
1305 2441 1409 2479 inter
1443 2440 1712 2480 Tillemontius
1742 2439 1833 2479 hist.
1861 2440 1955 2480 eccl.
1984 2441 2029 2479 T.
2055 2440 2106 2479 X.
2124 2451 2173 2490 p.
2199 2438 2306 2489 643,
2340 2437 2570 2487 adstruunt,
2598 2446 2735 2486 nempe

471 2503 582 2542 haud
609 2505 796 2545 credibile
820 2507 979 2557 videri,
1001 2508 1107 2559 quod
1126 2509 1376 2550 Innocentius
1396 2511 1612 2551 Arcadium
1631 2515 1672 2551 et
1691 2511 1918 2558 Eudoxiam
1941 2511 2073 2562 (adde
2096 2515 2133 2550 et
2156 2508 2404 2564 Honorium)
2426 2520 2545 2548 ausus
2574 2509 2628 2546 sit
2655 2510 2734 2546 tam

471 2575 599 2614 subito
630 2578 987 2620 excommunicare.
1023 2581 1125 2620 Nam
1155 2593 1255 2631 quae
1287 2586 1416 2633 tanta,
1454 2595 1617 2633 quaeso,
1654 2583 1774 2627 moles
1803 2587 1859 2622 est
1889 2581 2154 2634 difficultatis,
2193 2581 2300 2632 quod
2327 2580 2515 2619 nimirum
2545 2577 2755 2631 Pontifex

472 2648 741 2699 iniquissima,
767 2653 806 2689 et
834 2651 1033 2692 maximae
1061 2651 1289 2703 offensionis
1317 2656 1360 2694 in
1383 2655 1555 2706 populo,
1596 2654 1857 2707 Chrysostomi
1881 2648 2149 2707 persecutione
2181 2658 2220 2693 et
2247 2653 2371 2692 exilio
2401 2656 2628 2701 commotus,
2664 2662 2735 2714 nec
2797 2655 2799 2657 ’

471 2731 548 2759 non
578 2724 687 2760 tanta
710 2721 899 2762 adversus
918 2723 959 2763 ei
976 2724 1131 2765 devotos
1159 2728 1344 2777 saevitia,
1373 2730 1413 2766 et
1430 2726 1596 2779 denique
1616 2727 1837 2778 leqatorum
1866 2739 2026 2766 suorum
2049 2729 2268 2777 contemptu
2299 2729 2338 2764 et
2366 2719 2611 2776 captivitate,
2637 2722 2739 2774 'quid

472 2792 632 2841 inquam
662 2794 808 2832 mirum
837 2798 914 2846 est,
944 2795 1174 2846 Pontificem
1198 2797 1448 2848 prohibuisse
1474 2790 1635 2849 publice
1665 2798 1863 2849 Auqustos
1892 2810 1918 2837 a
1946 2801 2298 2847 sacramentorum,
2328 2807 2496 2847 quorum
2526 2798 2638 2833 erant
2666 2795 2733 2833 in-

471 2861 585 2913 diqni
606 2864 942 2916 participatione?
971 2867 1086 2908 Nihil
1114 2870 1217 2908 enim
1247 2868 1362 2908 aliud
1380 2872 1576 2909 continent
1593 2869 1813 2909 Innocentii
1840 2870 1938 2909 illae
1959 2869 2013 2908 ad
2032 2869 2160 2920 reqios
2186 2871 2367 2919 coniuqes
2390 2867 2561 2906 litterae.
2598 2864 2737 2914 Quid?

471 2946 597 2974 nonne
624 2935 666 2975 S.
706 2937 932 2977 Ambrosius
960 2943 1116 2990 patrem
1146 2940 1314 2980 Arcadii
1343 2940 1625 2991 Theodosium,
1663 2944 1794 2981 tantae
1823 2941 1975 2992 qloriae
2004 2943 2274 2991 potentiaeque
2302 2938 2553 2990 principem,
2591 2936 2734 2988 templo

469 3006 688 3058 sanctisque
717 3012 912 3059 mysteriis
941 3011 1196 3050 excluserat?
1224 3012 1354 3051 Porro
1382 3012 1584 3052 notissima
1612 3015 1700 3051 erat
1729 3012 1944 3052 liberorum
1964 3012 2179 3052 ‘Theodosii
2208 3022 2359 3050 summa
2389 3009 2644 3060 retiqiosita's,
2676 3007 2733 3046 ita

470 3080 518 3116 ut
545 3077 735 3128 Pontifex
764 3079 813 3118 de
836 3080 1002 3120 remedii
1029 3071 1203 3121 utilitate
1233 3086 1273 3121 et
1299 3092 1495 3134 successu,
1522 3083 1634 3122 haud
1652 3082 1812 3134 frustra
1841 3086 2033 3134 speraret.
2067 3084 2204 3122 Nonne
2223 3084 2367 3132 etipse
2385 3080 2576 3132 nuperius
2599 3078 2730 3128 Chry·-

469 3152 655 3188 sostomus
682 3151 910 3191 Eudoxiam
937 3157 1145 3204 auqustam
1176 3154 1360 3194 ecclesiae
1379 3154 1492 3194 aditu
1520 3154 1819 3194 interdixerat?
1847 3155 2031 3194 Attamen
2061 3156 2163 3193 inter
2193 3165 2258 3192 eas
2287 3152 2470 3204 epistolas
2498 3151 2572 3189 illa
2593 3148 2732 3188 Eudo-

472 3221 565 3259 xiae
595 3221 651 3259 ad
678 3222 968 3274 Innocentium,
991 3225 1215 3276 praecipua
1244 3227 1479 3265 sinceritatis
1507 3228 1620 3277 siqna
1649 3238 1747 3278 prae
1777 3238 1817 3265 se
1839 3225 1947 3276 sert,-
1973 3227 2032 3265 ita
2060 3230 2106 3264 ut
2135 3237 2243 3264 nemo
2275 3214 2358 3263 eam
2390 3224 2519 3273 leyens
2549 3220 2731 3272 acerbum

471 3294 783 3344 pertinacemque
811 3299 1078 3346 praepotentis
1098 3295 1276 3346 feminae
1306 3297 1481 3336 animum
1511 3309 1590 3337 non
1618 3285 1820 3348 aq'noseat,
1849 3309 1951 3349 quae
1979 3300 2124 3337 iratum
2154 3295 2392 3335 stomachum
2416 3295 2539 3342 levat,
2567 3296 2607 3330 et
2633 3289 2732 3330 adeo

472 3361 608 3411 culpas
638 3374 728 3404 suas
759 3377 836 3404 non
857 3364 1036 3417 fatetur,
1065 3371 1112 3407 ut
1142 3368 1454 3419 Chrysostomum
1477 3371 1595 3408 etiam
1618 3372 1711 3420 post
1731 3369 1921 3420 inflictam
1940 3368 2021 3420 ipsi
2040 3367 2302 3407 calamitatem
2325 3366 2579 3416 praeqravet.
2618 3362 2734 3411 Quod

471 3435 603 3471 autem
631 3446 734 3474 nunc
756 3449 802 3474 ea
824 3437 991 3488 epistola
1020 3439 1131 3478 nobis
1153 3451 1178 3478 a
1201 3439 1399 3479 Theodoro
1420 3439 1677 3490 exhibeatur,
1706 3440 1971 3480 omittentibus
2000 3444 2046 3478 ut
2067 3443 2168 3490 puto
2189 3428 2334 3477 cunctis
2356 3433 2602 3484 bioqraphis,
2628 3446 2729 3484 qra-

471 3503 680 3543 tulandum
709 3513 780 3547 est.
814 3509 1016 3549 Postremo
1045 3515 1241 3562 superest,
1269 3514 1315 3550 ut
1336 3523 1415 3563 pro
1446 3511 1602 3550 romani
1621 3511 1827 3562 Pontzflcis
1856 3510 2087 3550 auctoritate
2108 3493 2180 3548 lco‘h
2198 3508 2334 3548 saltem
2359 3505 2583 3545 dilemmate
2612 3508 2730 3544 utar:

470 3585 563 3621 nam
591 3575 656 3614 vel
684 3576 755 3615 hae
788 3579 941 3618 litterae
971 3581 1169 3631 qenuinae
1197 3585 1309 3631 sunt,
1347 3586 1385 3621 et
1412 3582 1488 3622 illa
1517 3584 1732 3633 auctoritas
1758 3569 1958 3622 'luculento
1989 3580 2169 3631 exemplo
2192 3580 2411 3629 firmatur:
2442 3575 2506 3615 vel
2534 3587 2662 3624 secus,·
2695 3578 2735 3614 et

470 3645 728 3685 vetustissima
758 3649 895 3687 saltem
919 3650 1179 3702 Graecorum,
1208 3652 1381 3692 nondum
1399 3652 1751 3703 schismaticorum,
1777 3653 1908 3703 opinio
1938 3650 2154 3702 ostenditur
2176 3647 2225 3687 de
2245 3657 2426 3697 supremo
2448 3657 2631 3684 romanae
2661 3657 2732 3684 ca-

471 3716 633 3757 thedrae
663 3720 798 3769 apice:
822 3721 1138 3772 quandoquidem
1167 3736 1244 3764 non
1266 3725 1397 3778 Latini
1422 3725 1601 3775 Graecis,
1629 3724 1698 3764 sed
1720 3724 1864 3764 Graeci
1885 3725 2046 3773 Latinis,
2075 3721 2144 3761 has
2170 3719 2343 3771 insiqnes
2365 3718 2547 3769 epistolas
2576 3720 2616 3757 in
2647 3729 2733 3757 mo-

472 3791 666 3828 numentis
695 3791 776 3828 suis
806 3796 1048 3831 conservatas
1077 3796 1344 3846 suppeditant.
2219 3805 2221 3808 ’
2374 3780 2375 3783 ¹

1016 3861 1024 3878 Ι
