2970 4420
0 2387 9 2544 w—-q--v—
0 2361 8 2375 v
0 2339 9 2354 ιι

0 2978 9 3138 *vr-w„
2 2960 7 2964 .
0 2928 1 2932 „
0 2905 11 2913 ,
0 2825 10 2890 ww-

1354 283 1457 314 vrrA
1464 301 1475 314 0
2445 286 2545 316 XXV

290 365 460 407 ritatem
490 366 800 418 comparatam,
833 361 1075 404 audendum
1104 361 1184 404 sibi
1215 361 1360 414 duxit,
1394 358 1663 417 perrexitque
1693 355 1748 398 ad
1778 354 2106 410 Aldringerum,
2133 358 2251 400 cuius
2280 359 2462 414 imperio
2488 363 2544 404 il-

288 435 367 479 lud·
395 434 652 490 supplicium
682 432 939 488 parabatur:
973 445 1053 474 nec
1082 434 1226 475 multis
1255 431 1395 474 verbis
1434 443 1542 486 opus
1577 425 1689 480 fuit,
1715 431 1763 470 ut
1793 432 1988 470 exoraret
2023 427 2188 470 facilem
2219 429 2271 470 ad
2300 431 2542 488 lenitatem,

289 505 549 559 avidumque
582 503 840 556 occasionis,
875 515 959 557 qua
988 502 1214 557 splendido
1246 503 1390 558 aliquo
1421 502 1535 544 facto
1567 500 1734 543 dictove
1762 503 1962 542 testatum
1995 498 2148 541 faceret
2180 501 2391 554 prolixum
2421 516 2542 547 suum

287 587 387 630 erga
409 587 630 618 romanam
652 573 872 617 ecclesiam
900 573 1168 628 obsequium.
1203 574 1378 629 Properi
1399 574 1548 631 vitaque
1568 572 1713 614 nuncii
1737 570 1791 613 ad
1815 569 2094 613 inhibendum
2116 572 2372 625 supplicium
2402 576 2543 628 missi,

287 647 547 690 exanimatos
574 649 688 688 metu
719 645 908 687 infelices
937 645 1036 687 illos
1060 646 1171 687 inter
1200 645 1372 699 plausus
1402 649 1444 686 et
1472 643 1791 686 acclamationes
1822 639 1982 682 excitae
2008 638 2069 681 rei
2103 640 2289 682 novitate
2311 642 2545 686 multitudi-

286 718 352 760 nis
374 716 611 773 perduxere
642 716 697 758 ad
729 716 955 769 Allatium,
979 716 1216 758 incredibili
1238 717 1457 778 pertusum
1479 706 1666 765 laetitia,
1686 717 1911 766 gratesque
1933 710 2021 753 sine
2051 710 2133 752 fine
2163 716 2353 765 agentem
2379 716 2540 757 auctori

285 789 396 832 tanti
425 787 644 840 beneficii,
678 792 721 830 et
753 800 864 842 quac
894 792 1071 842 sequuta
1106 787 1356 830 beneficium
1392 791 1455 828 est
1488 797 1663 840 magnae
1695 795 1792 826 suae
1824 781 1938 838 apud
1974 794 2120 823 omnes
2153 782 2471 826 existimationis
2501 790 2544 827 et

286 860 438 902 famae.
472 859 540 902 Ad
570 858 719 914 epulas
750 862 793 900 et
822 859 946 910 vina,
981 857 1136 912 quibus
1165 858 1239 900 illa
1267 869 1370 912 gens
1400 857 1531 899 effuse
1558 855 1776 910 indulget,
1808 865 1907 895 sane
1937 865 2065 907 quam
2097 853 2254 895 invitus
2288 854 2538 898 accedebat:

284 932 320 974 si
351 930 525 986 quaudo
557 934 699 972 tamen
730 929 1034 982 usuveniebat‚
1061 934 1110 971 ut
1137 928 1411 971 invitantibus
1431 927 1575 970 deesse
1604 939 1692 969 non
1722 929 1891 981 posset,
1915 924 2146 967 liberaliter
2175 929 2216 966 et
2244 925 2422 980 benigne
2450 940 2543 969 ver-

284 1002 481 1054 sabatur,
513 1000 729 1055 dabatque
761 1013 932 1055 operam
964 1012 1016 1042 ne
1046 1012 1199 1055 parum
1228 999 1408 1054 ingenue
1439 998 1607 1053 sibique
1638 1002 1681 1039 et
1709 996 1871 1039 arcanis
1901 996 2030 1038 animi
2059 996 2124 1037 sui
2153 996 2338 1038 consiliis
2368 1009 2445 1051 per
2474 998 2542 1041 in-

283 1073 581 1128 tempestivam
610 1072 907 1115 abstinentiam
936 1071 1151 1114 videretur
1180 1083 1377 1126 parcere,
1407 1083 1512 1112 neve
1543 1081 1630 1116 non
1659 1067 1884 1122 indigena,
1910 1071 1952 1109 et
1981 1066 2112 1110 homo
2141 1068 2298 1110 multae
2328 1068 2543 1112 urbanita-

284 1147 361 1198 tis,
393 1144 715 1199 multorumque
746 1144 922 1196 salium,
956 1147 999 1184 et
1027 1142 1167 1184 bonus
1197 1142 1240 1184 in
1271 1142 1417 1196 primis
1448 1141 1627 1183 conviva
1659 1144 1894 1196 putaretur.

403 1218 475 1258 41.
510 1215 700 1270 Optabat
731 1215 1003 1257 vehementer
1032 1214 1191 1268 alloqui
1222 1212 1392 1255 Tillium
1422 1212 1718 1271 praecipuum,
1743 1215 1791 1253 ut
1822 1210 2025 1264 diximus,
2054 1211 2366 1255 foederatarum
2397 1216 2541 1269 copia-

283 1298 381 1329 rum
412 1286 590 1338 ducem;
615 1285 690 1328 sed
719 1285 947 1327 verebatur
976 1297 1029 1326 ne
1061 1284 1225 1339 copiam
1257 1283 1347 1325 eius
1376 1282 1532 1325 habere
1561 1294 1649 1323 non
1678 1285 1846 1336 posset,
1871 1286 2098 1337 propterea
2125 1283 2243 1337 quod
2274 1285 2384 1326 curis
2409 1286 2542 1327 maxi-

284 1370 450 1400 marum
480 1370 622 1399 rerum
653 1361 910 1411 occupatum
940 1355 1118 1410 sciebat,
1153 1360 1195 1396 et
1224 1353 1398 1397 assiduis
1427 1366 1506 1408 per
1536 1365 1704 1395 omnem
1735 1353 1844 1410 circa
1875 1355 2092 1408 regionem
2128 1355 2346 1398 itineribus
2377 1355 2539 1400 disten-

283 1434 399 1472 tum:
424 1428 758 1484 utquetandem
791 1425 1302 1482 Heidelbergamnredisse
1332 1425 1558 1479 cognovit,
1582 1423 1689 1466 nihil
1717 1424 1780 1466 illi
1810 1424 1981 1479 longius
2003 1425 2084 1484 fuit
2106 1438 2233 1481 quam
2264 1430 2312 1468 ut
2341 1439 2540 1481 praesen-

282 1504 371 1542 tem
401 1499 562 1552 adiret,
588 1504 631 1541 et
659 1497 880 1550 mandata,
906 1510 1013 1552 quae
1044 1496 1100 1539 ad
1127 1497 1247 1539 illum
1269 1495 1455 1538 habebat
1485 1499 1730 1550 exponeret.
1766 1497 1912 1551 ltaque
1939 1496 2104 1540 traditis
2134 1497 2361 1551 pontificiis
2389 1499 2540 1541 litteris

282 1572 420 1613 multo
453 1583 551 1613 cum
581 1571 747 1612 honore
777 1568 1009 1611 verborum
1039 1567 1093 1610 ad
1123 1580 1220 1610 eum
1250 1567 1379 1618 datis,
1401 1565 1565 1609 addidit
1595 1579 1792 1620 munera,
1818 1569 2026 1623 picturam
2050 1582 2154 1611 auro
2185 1571 2444 1625 gemmisque
2473 1572 2539 1613 in-

283 1643 470 1697 signem,
495 1653 592 1683 cum
615 1641 739 1682 icone
769 1640 947 1694 virginis
969 1639 1198 1694 Deiparae,
1223 1639 1388 1693 egregie
1408 1638 1638 1692 perfectam
1667 1642 1774 1680 arte:
1800 1650 2031 1692 gemmeam
2054 1652 2277 1693 coronam,
2303 1654 2429 1696 quam
2459 1654 2537 1696 ap·

281 1713 466 1768 pellant,
491 1710 774 1754 numerandas
802 1710 857 1752 ad
887 1722 1058 1766 preces:
1086 1722 1224 1752 cereas
1252 1710 1350 1763 agni
1382 1710 1569 1752 caelestis
1589 1709 1789 1763 imagines
1809 1709 2002 1752 sollemni
2032 1711 2282 1753 caerimonia
2313 1725 2535 1755 consecra-

278 1788 366 1836 tas,
399 1795 613 1837 aureaque
642 1782 896 1824 numismata
926 1781 1110 1836 effigiem
1139 1780 1358 1822 Pontificis
1389 1793 1414 1822 a
1443 1793 1530 1835 quo
1562 1780 1838 1823 mittebantur
1866 1781 2164 1836 praeferentia3
2196 1789 2238 1825 et
2267 1783 2369 1826 haec
2398 1785 2537 1839 inquit

281 1859 482 1909 paternae
505 1845 613 1896 'suae
626 1884 633 1902 „
644 1865 744 1907 erga
774 1857 817 1894 te
847 1852 1084 1895 dilectionis
1114 1856 1386 1894 monumenta
1415 1852 1507 1893 vult
1533 1864 1619 1893 esse
1643 1852 1872 1906 Gregorius
1892 1853 1983 1895 XV.
2006 1865 2205 1895 romanus
2226 1855 2440 1909 pontifex,
2465 1855 2536 1897 de·
2604 1895 2606 1898 ,

278 1925 367 1967 bita
397 1925 565 1980 pietati,
590 1937 717 1980 quam
748 1925 793 1966 in
822 1928 865 1966 te
895 1936 1022 1978 supra
1053 1928 1211 1965 ceteras
1237 1923 1411 1965 virtutes
1441 1926 1536 1964 tuas
1567 1923 1746 1964 maxime
1777 1924 1967 1966 omnium
1995 1924 2247 1978 admiratur3
2273 1925 2415 1967 debita
2445 1925 2536 1968 bel-

278 1997 382 2039 licae
411 1995 557 2048 laudi,
590 2008 674 2050 qua
704 2008 793 2038 rem
822 1997 866 2036 in
903 1995 1126 2037 Germania
1163 1993 1434 2036 christianam
1473 1993 1659 2035 fortiter·
1679 1998 1825 2035 nostra
1859 1997 1992 2036 aetate
2026 2007 2312 2050 prospereque
2345 1997 2532 2050 gessisti3

279 2049 417 2110 Deum
450 2068 660 2121 optimum
689 2067 916 2108 maximum
938 2071 1158 2120 precatus,
1184 2070 1233 2107 ut
1262 2065 1508 2108 felicitatem
1539 2076 1622 2119 qua
1651 2076 1752 2106 usus
1774 2064 1974 2107 hactenus
1996 2078 2040 2108 es
2069 2067 2114 2107 in
2135 2067 2408 2121 profligandis
2435 2068 2534 2109 reli-

274 2123 417 2193 'gionis
450 2137 671 2191 hostibus,
702 2137 924 2192 propriam
954 2136 1057 2190 tibi,
1092 2141 1134 2179 et
1164 2137 1218 2179 ad
1248 2135 1376 2178 finem
1407 2148 1542 2190 usque
1573 2140 1930 2190 perseverantem,
1964 2136 2158 2190 dignetur
2189 2150 2291 2180 esse.
2327 2137 2391 2180 Ad
2427 2150 2535 2193 quae

277 2210 423 2252 Tillius
451 2208 640 2251 modeste
679 2212 722 2250 et
750 2207 987 2250 verecunde
1017 2208 1260 2264 respondit:
1297 2200 1565 2250 honestatum
1596 2219 1640 2249 se
1670 2206 1888 2249 Pontificis
1919 2220 2015 2250 cum
2045 2208 2212 2250 litteris·
2230 2213 2320 2251 tum
2350 2211 2534 2252 muneri-

206 2280 209 2282 ’
277 2280 360 2322 bus
389 2279 727 2334 magnificentius
751 2279 888 2321 multo
913 2279 1179 2334 ampliusque
1203 2292 1331 2334 quam
1358 2291 1438 2334 pro
1463 2279 1612 2320 merito
1640 2291 1743 2320 suo:
1768 2278 1964 2321 daturum
1987 2284 2124 2322 autem
2157 2293 2327 2335 operam
2356 2293 2407 2322 ne
2428 2282 2535 2323 tanti

278 2364 379 2406 erga
408 2365 452 2394 se
483 2350 680 2394 beneficii
703 2352 1011 2394 sanctissimum
1035 2351 1271 2405 principem
1291 2362 1479 2405 unquam
1509 2351 1741 2404 paeniteat,
1768 2362 1873 2391 neve
1903 2350 2052 2392 rubori
2079 2351 2158 2393 sibi
2181 2352 2265 2394 sint
2287 2358 2373 2394 tam
2394 2352 2532 2395 hono-
2580 2393 2584 2395 ,

279 2423 397 2465 rifica
429 2423 482 2465 de
512 2436 556 2465 se
586 2423 879 2477 sapientissimi
911 2427 954 2464 et
983 2424 1135 2464 summi
1157 2423 1238 2464 viri
1267 2421 1444 2474 iudicia3
1469 2434 1556 2463 non
1578 2421 1742 2474 labori,
1768 2433 1855 2464 non
1885 2421 2106 2477 periculis,
2132 2435 2218 2463 non
2241 2423 2321 2476 ipsi
2352 2422 2534 2477 denique

277 2495 470 2550 sanguini
492 2506 540 2536 ac
563 2495 676 2536 vitae
698 2494 934 2549 parcendo,
955 2494 999 2535 in
1021 2492 1355 2549 propugnanda,
1377 2497 1424 2535 ut
1448 2494 1652 2545 instituit,
1679 2494 1894 2535 communi
1920 2493 2116 2535 ecclesiae
2138 2494 2367 2536 catholicae
2389 2507 2530 2536 causa.

278 2567 387 2608 Usus
416 2569 556 2607 autem
579 2569 643 2606 est
663 2566 751 2606 eius
780 2564 1041 2619 benignitate
1073 2565 1249 2606 Allatius
1279 2576 1366 2612 non
1397 2563 1533 2606 solum
1564 2565 1610 2606 in
1641 2564 1805 2606 honore
1826 2564 2077 2617 verborum,
2102 2569 2143 2606 et
2166 2570 2307 2607 cetero
2329 2566 2533 2607 exteriore

279 2636 397 2678 cultu
428 2635 661 2687 salutandi,
694 2635 952 2690 deducendi,
986 2636 1205 2691 epulisque
1236 2640 1278 2678 et
1309 2635 1698 2691 compotationibus
1731 2636 1992 2679 familiariter
2027 2636 2280 2689 adhibendi,
2312 2637 2385 2678 sed
2416 2637 2531 2691 large

278 2710 321 2748 et
350 2706 618 2760 hospitaliter
648 2705 846 2748 omnibus
877 2718 986 2761 quae
1018 2708 1072 2749 ad
1102 2706 1406 2762 expediendam
1437 2706 1645 2748 librorum
1676 2707 2014 2762 exportationem
2046 2712 2266 2762 tutamque
2301 2708 2424 2787 etiam
2454 2720 2531 2762 per

274 2775 448 2818 infestas
478 2776 725 2817 Germaniae
755 2777 947 2818 nationes
976 2777 1266 2831 praestandam
1298 2789 1419 2832 opus
1437 2783 1570 2820 erant

399 2847 472 2889 42.
507 2847 696 2901 Namque
717 2848 805 2888 eius
827 2848 1077 2889 auctoritate
1107 2847 1276 2890 adiutus
1298 2850 1564 2903 recuperavit
1586 2848 1814 2891 nonnullos
1836 2849 2003 2891 codices
2028 2849 2142 2891 haud
2162 2849 2282 2904 parvi
2303 2850 2526 2901 momenti,

275 2930 387 2974 quos
417 2931 468 2960 ex
497 2916 758 2960 bibliotheca
779 2922 1025 2972 exportatos
1048 2918 1288 2961 debitorum
1319 2920 1552 2973 arguebant
1572 2921 1859 2974 syngraphae,
1885 2925 1927 2962 et
1957 2921 2211 2975 praesidium
2234 2921 2332 2962 satis
2359 2920 2528 2962 firmum

248 2996 250 2998 '
278 2990 471 3045 equitum
500 2988 778 3044 peditumque
805 3002 948 3031 secum
978 2989 1146 3041 eduxit,
1171 2991 1342 3044 eiusque
1371 2990 1577 3032 beneficio
1608 2990 1661 3032 ab
1684 2992 1801 3032 omni
1831 2992 2016 3034 hostium
2047 2992 2391 3046 praedonumque
2420 2992 2528 3033 iniu-

276 3061 340 3102 ria
362 3063 549 3102 intactus
578 3061 712 3102 evasit
732 3072 815 3115 per
839 3059 998 3115 oppida
1020 3072 1229 3123 agrosque
1255 3061 1444 3114 gentium
1459 3091 1470 3113 ,
1495 3073 1601 3114 quae
1632 3066 1751 3103 erant
1772 3062 1907 3115 palam
1931 3062 2124 3114 infestae,
2150 3067 2222 3104 aut
2252 3063 2416 3104 occulte
2445 3064 2526 3106 ini-

277 3142 386 3185 quae
417 3131 636 3173 catholicis
666 3135 708 3172 et
738 3143 912 3173 romano
934 3131 1134 3172 Pontifici
1164 3131 1445 3187 putabantur3
1469 3132 1696 3186 praecipua
1729 3131 1916 3175 adhibita
1944 3132 2157 3187 diligentia
2186 3146 2238 3175 ne
2258 3134 2359 3189 quid
2389 3133 2526 3177 offen-

228 3259 232 3261 ·
276 3201 396 3244 deret
425 3203 467 3243 in
498 3202 824 3245 transmittendo
849 3203 936 3255 agri
958 3202 1315 3257 vitembergensis
1345 3207 1507 3254 tractu,
1531 3202 1648 3257 quod
1679 3216 1767 3244 eam
1790 3205 1966 3257 patriam
1996 3205 2152 3247 scie-bat
2181 3218 2269 3248 esse
2289 3207 2391 3248 Iano
2420 3208 2527 3248 Gru-

271 3277 391 3325 ter0,
413 3285 576 3328 nupero
607 3273 736 3315 huius
764 3273 1048 3315 bibliothecae
1080 3273 1272 3337 custqdi,
1298 3278 1389 3315 tum
1410 3274 1626 3328 Tubingae
1656 3276 1958 3328 commoranti,
1982 3276 2049 3317 cui
2079 3281 2307 3330 propterea
2337 3279 2524 3320 omnium

269 3344 451 3386 maxime
481 3344 573 3386 eius
603 3346 934 3399 asportationem
963 3345 1183 3387 molestam
1214 3358 1302 3388 esse
1333 3350 1612 3400 compererat.
1646 3347 1741 3387 Non
1780 3349 1902 3387 antea
1935 3347 2120 3390 immune
2148 3348 2201 3391 ab
2231 3349 2417 3393 hostium
2447 3362 2524 3404 pe-

274 3409 417 3458 riculis
446 3416 528 3456 iter
558 3428 681 3458 suum
701 3416 928 3458 arbitratus
958 3421 1045 3469 est,
1069 3428 1195 3471 quam
1218 3417 1435 3459 Bavariam
1466 3416 1669 3471 pervenit.
1706 3416 1771 3458 Ibi
1800 3429 1824 3458 a
1855 3416 1961 3458 duce
1982 3418 2285 3471 lllaximilianO,
2311 3421 2385 3475 qui
2412 3421 2524 3463 forte

272 3497 349 3540 per
378 3497 453 3527 eos
492 3485 582 3528 dies
616 3487 862 3540 Ingolstadii
902 3487 1053 3542 procul
1083 3500 1107 3529 a
1138 3489 1205 3529 via
1234 3487 1405 3528 militari
1439 3487 1481 3528 in
1517 3487 1679 3528 Italiam
1716 3487 1876 3529 ferente
1911 3488 2086 3542 agebat,
2119 3503 2168 3532 ea
2207 3503 2317 3546 quae
2353 3492 2433 3536 sibi
2469 3494 2524 3535 ad

269 3568 438 3598 cursum
468 3569 590 3599 suum
622 3558 910 3612 peragendum
942 3570 1050 3612 opus
1082 3563 1222 3611 crant,
1252 3571 1329 3613 per
1358 3559 1519 3599 litteras
1550 3558 1816 3612 impetravit,
1850 3562 2119 3615 perrexitque
2149 3575 2224 3617 per
2257 3575 2406 3618 agrum
2433 3565 2522 3606 No·

269 3627 403 3669 ricum
417 3658 428 3678 ‚
453 3628 664 3683 Alpesque
682 3629 889 3671 rhaeticas
910 3629 1221 3680 Helvetiorum,
1244 3641 1291 3671 ac
1313 3628 1689 3670 Mediolanensium
1711 3629 1837 3684 fines,
1862 3632 2096 3675 Bononiam
2126 3643 2275 3689 usque.
2311 3636 2415 3678 Inde
2437 3637 2520 3678 ius-

268 3696 327 3738 sis
354 3697 555 3752 subsequi
578 3699 774 3741 iumentis
806 3712 902 3741 cum
931 3699 1074 3751 libris,
1097 3700 1185 3753 ipse
1216 3699 1411 3753 expedito
1434 3699 1579 3740 itinere
1600 3700 1776 3742 Romam
1813 3703 2024 3757 perrexit,
2049 3704 2225 3758 perfecti
2256 3718 2279 3747 a
2309 3719 2352 3747 se
2381 3706 2433 3748 de
2454 3706 2522 3749 bi-

267 3766 480 3810 bliotheca
512 3770 696 3811 Palatina
727 3770 914 3813 mandati
947 3783 1146 3825 praesens
1168 3770 1348 3812 nuncius
1367 3770 1549 3811 futurus.
1585 3771 1780 3813 Pervenit
1809 3778 1947 3814 autem
1975 3786 2062 3828 quo
2091 3779 2283 3830 tempore
2313 3777 2521 3818 molestis-

266 3838 358 3879 simi
387 3839 589 3882 solent‘in
613 3840 727 3882 Urbe
758 3841 918 3884 calores
955 3853 1066 3892 esse,
1091 3840 1225 3895 pridie
1257 3840 1337 3882 diei
1370 3840 1468 3882 divo
1491 3841 1618 3882 Petro
1650 3843 1940 3897 apostolorum
1971 3846 2149 3900 principi
2172 3858 2336 3899 sacrae3
2361 3847 2518 3890 collau·

2231 3928 2257 3956 n
