2970 4420
1154 260 1210 291 1111
1243 258 1505 300 mannonis.
2368 244 2457 289 127
2516 226 2527 234 ’

336 347 569 394 Adversus
594 344 848 410 Origenem
873 344 931 391 de
953 346 1192 411 allegoria
1224 359 1270 407 et
1301 345 1505 393 historia
1531 342 1600 391 ad
1622 342 1892 390 Cerdonem.
1929 341 2062 389 Unde
2091 350 2136 389 et
2160 345 2465 406 Origeniano-

207 439 312 472 rum
346 424 508 481 odium
543 424 754 470 incurrit.
770 423 1038 475 Facundus
1071 423 1155 470 111).
1185 425 1264 470 111.
1294 440 1395 486 cap.
1426 426 1472 470 6.
2043 437 2045 441 ’

338 499 570 546 Adversus
593 515 670 546 eos
692 515 772 562 qut
799 513 1040 551 asserunt·,
1063 516 1262 564 peecare
1286 499 1523 546 hommem
1547 509 1727 544 natura
1751 513 1845 543 non
1870 497 2131 546 voluntate,
2160 495 2304 542 libros
2326 497 2466 559 quin-

216 594 322 640 que.
359 578 489 640 Legit
521 577 752 624 Photius
740 593 788 623 111
818 577 1100 624 bibliotheca
1133 562 1758 638 οοᾶ.177.Ἀνεγνωσθη
1770 568 1982 629 βίβλων
2019 559 2079 615 οὑ
2109 563 2138 620 ἡ
2178 562 2463 634 ἐπιγραφὴ,

213 642 484 718 Θεοδώρου
521 642 829 714 οἶντιοχέως,
867 645 890 696 5
931 642 1296 715 ΜοψουεσἿιάς
1331 642 1403 696 δέ
1426 643 1586 704 ἐστιν,
1620 641 1685 702 ὦς
1719 638 1820 694 οἱπό
1850 663 1990 694 τινων
2029 639 2310 694 ἐπιστολων
2348 640 2466 709 ἐμοί-

213 719 392 793 θομεν,
419 719 541 795 πρὸς
572 719 692 782 τοὺς
727 719 967 782 λεΤοντας
1005 718 1185 785 φύσει,
1216 720 1298 773 καὶ
1341 719 1398 773 οὖ
1436 716 1613 791 γνώμη
1646 722 1839 772 πταίειν
1871 715 1991 806 τοὺς
2027 713 2329 788 ἅνθρωπους·
2360 714 2466 770 δια·

210 801 509 870 (περαίνεται
545 795 638 867 μὲν
674 796 815 871 αυτῷ
850 798 874 850 5
910 796 1033 872 πρὸς
1067 795 1250 858 αὐτοὺς
1285 795 1427 870 οἰγών
1467 795 1515 850 ἐν
1549 793 1739 871 λόγοις
1762 792 1931 849 πέντε
1963 815 2086 865 προς
2123 790 2179 846 δὲ
2211 792 2330 854 τοὺς
2367 793 2464 847 ἀπὸ

210 871 401 935 δύσεως
434 896 590 927 τουτο
618 873 676 929 τὸ
708 872 904 945 νόσημα
932 871 1256 935 νενοσηκότας
1292 871 1491 966 γράφει
1513 871 1571 926 τὸ
1607 876 1848 938 βιβλίον,
1877 866 1941 924 ὡν
1979 893 2060 924 και
2099 893 2185 931 της
2222 869 2467 964 αἱρέσεως

211 950 452 1025 ἀρχηγὸν
488 948 642 1024 λεγει
679 950 951 1024 γενέσθαι·
990 951 1189 1004 ἐκεῖθεν
1223 949 1314 1017 μὲν
1351 947 1665 1020 ὁρμώμενον,
1695 949 1809 1009 (τοῖς
1846 944 1900 1000 δὲ
1937 967 2026 1008 της
2062 946 2318 1008 οἷνατολκς
2356 970 2469 1000 εισι-

206 1024 534 1100 χωριοίζοντα
567 1027 778 1091 τόποις,
814 1051 898 1082 και
940 1025 1280 1083 συντάττοντα
1314 1026 1514 1097 λόγους
1551 1022 1684 1098 ὑωερ
1720 1048 1808 1086 της
1843 1027 2291 1084 καινοποικθείσκς
2328 1024 2468 1077 utin-03

209 1126 488 1178 αιρεσεως,
525 1101 828 1176 διαπεμπειν
862 1127 975 1166 τοις
1008 1104 1066 1158 τὸ
1104 1104 1390 1177 πατρῷονε
1373 1100 1561 1166 ἔδαφος
1599 1102 1842 1156 οἶκοῦσιν
1879 1101 1955 1165 ὑφ’
1995 1097 2059 1156 οἷν
2096 1123 2178 1154 και
2217 1100 2496 1169 «πολλοὺς,

213 1180 374 1235 ε’κεισε
409 1181 533 1255 πρὸς
567 1181 625 1234 τὸ
665 1181 854 1235 οἰκεῖον
892 1179 1129 1253 φρόνημα
1168 1178 1415 1242 ελκυσοιι,
1447 1179 1512 1240 ὠς
1547 1178 1631 1232 καὶ
1675 1179 1944 1239 εκκλκσίας
1982 1175 2111 1239 ὅλας
2145 1200 2234 1231 του
2274 1178 2469 1236 oia-owi-

206 1280 369 1330 ματος
402 1259 772 1332 πληρωθῆναι.
807 1269 1000 1314 Lectum
1033 1279 1101 1314 est
1134 1284 1250 1331 opus
1287 1265 1517 1313 Theodori
1549 1264 1852 1316 antiocheni,
1890 1282 1971 1328 qut
2006 1277 2356 1328 mopsuestenus
2391 1265 2470 1311 ille

208 1360 451 1408 episeopus
484 1356 577 1397 est,
606 1356 659 1391 ut
692 1361 756 1390 ex
788 1344 1076 1408 qmbusdam
1099 1343 1309 1408 epi'stolts
1342 1359 1672 1406 cognovimus,
1702 1340 1788 1388 hoo
1820 1342 1986 1388 titulo:
2012 1353 2179 1388 contra
2212 1354 2470 1388 asserentes

204 1438 403 1484 peccare
435 1421 647 1468 homines
684 1434 890 1473 natura.
928 1439 1023 1474 non
1057 1422 1313 1468 voluntate.
1353 1423 1428 1466 Eu
1468 1419 1734 1483 disputatio
1773 1420 1979 1503 quinque
2012 1419 2148 1465 li'brzs
2180 1419 2462 1470 absolsztur
2483 1451 2487 1454 -

208 1515 324 1582 quos
357 1498 582 1545 adversus
614 1498 927 1545 occidentales
958 1497 1052 1544 hac
1084 1498 1191 1544 labe
1226 1497 1427 1561 infectos
1460 1496 1666 1565 scripsit.
1705 1496 1824 1542 Inde
1857 1496 1983 1542 enim
2013 1495 2270 1542 oriundum
2302 1494 2470 1542 haere-

208 1591 275 1621 sis
297 1573 441 1621 huius
473 1584 717 1621 auctorem
751 1592 803 1620 ιη
835 1574 1032 1622 orientis
1065 1575 1204 1621 modo
1229 1573 1502 1638 regi'onzbus
1536 1589 1739 1624 versari,
1768 1573 2002 1635 librosque
2031 1573 2089 1618 de
2113 1580 2271 1618 recen‘s
2303 1572 2389 1618 abs
2420 1589 2469 1618 se

208 1663 492 1735 excogitata
515 1650 704 1698 haeresi
721 1651 1004 1716 compositos
1028 1651 1098 1697 ad
1117 1652 1381 1734 populares
1413 1666 1522 1696 suos
1547 1650 1598 1695 in
1626 1649 1847 1713 patriam
1880 1649 2204 1695 transmittere
2236 1662 2463 1700 narrant,

209 1727 396 1773 utiam
435 1728 506 1773 tbi
535 1729 710 1774 multos
743 1744 831 1792 per
865 1726 991 1773 hane
1033 1739 1188 1773 artem
1221 1727 1274 1772 in
1305 1742 1444 1772 suam
1476 1737 1787 1803 pertraxerit
1818 1736 2128 1775 sententiam,
2168 1736 2470 1789 integrasque

209 1805 329 1851 adeo
353 1805 572 1851 ecelesias
596 1805 820 1851 absurdis
844 1805 943 1851 i'llis
966 1805 1190 1881 imbuerit
1213 1804 1516 1869 opiwnzonzbus
1543 1805 1579 1867 (1
1592 1804 1624 1866 ).
1662 1806 1769 1850 Pete
1787 1804 1975 1865 reliqua
2007 1802 2066 1849 ab
2090 1803 2274 1856 eodem.
2303 1805 2354 1849 ln
2379 1805 2470 1850 hoc

208 1883 348 1927 etiam
378 1882 524 1928 multa
560 1897 655 1927 non
688 1897 798 1928 sana
829 1882 1100 1944 inspersisse
1131 1882 1257 1928 idem
1291 1882 1483 1928 Photius
1517 1881 1777 1934 adnotavit,
1805 1889 1852 1926 et
1886 1880 2038 1966 qualis
2072 1895 2179 1925 nam
2210 1879 2295 1926 fuit
2330 1882 2378 1926 in
2413 1896 2468 1927 eo

208 1973 352 2021 opere
383 1960 625 2022 expressit.

339 2037 468 2099 Opus
499 2035 772 2095 mysticum:
810 2037 874 2082 Ex
909 2038 1040 2083 cuius
1070 2036 1195 2083 111)’1·ο
1222 2039 1362 2098 tertio
1385 2036 1568 2083 decimo
1599 2038 1759 2082 recitat
1787 2010 2032 2082 Facundus
2064 2034 2148 2081 lib.
2178 2037 2256 2081 111.
2285 2050 2388 2097 cap.
2421 2038 2464 2082 1.

204 2111 353 2159 verba
383 2123 547 2160 contra
579 2113 775 2159 Paulum
808 2122 1169 2160 samosatenum.

339 2190 478 2245 Quod
498 2191 626 2236 Deus
649 2201 904 2253 peceatum
936 2191 1119 2242 docuit,
1147 2202 1192 2235 et
1223 2201 1423 2235 mortem
1447 2189 1748 2236 vintroduxit.
1785 2191 1852 2235 Ex
1885 2205 1943 2235 eo
1967 2189 2195 2236 nonnulla
2229 2188 2472 2235 adducun-

206 2273 287 2325 tur
313 2267 360 2312 in
393 2253 593 2312 concilio
616 2268 671 2313 V.
699 2267 906 2328 generali
935 2267 1184 2313 collatione
1213 2267 1261 2312 lt.
1289 2266 1468 2328 saepius
1500 2267 1704 2312 laudata.

338 2343 531 2389 Librum
569 2345 680 2390 item
704 2343 774 2388 ad
797 2343 1132 2407 baptizandos.
1168 2345 1235 2390 Ex
1268 2360 1364 2406 quo
1388 2340 1625 2390 'nonnulla
1657 2342 1916 2389 afferuntur
1943 2343 1990 2388 in
2020 2343 2075 2388 V.
2104 2341 2284 2404 synodo
2310 2340 2467 2395 collat.

210 2419 359 2472 dicta,
393 2429 440 2466 et
474 2421 627 2482 aliqua
658 2421 822 2467 recitat
850 2422 1096 2468 Facundus
1128 2420 1212 2467 lib.
1248 2423 1326 2468 lx.
1362 2437 1463 2484 cap.
1498 2422 1546 2467 3.
1580 2436 1637 2467 ex
1670 2419 1796 2466 libro
1827 2419 1896 2465 ad
1928 2410 2212 2483 baptizatos.
2249 2419 2380 2466 Idem
2412 2433 2471 2464 ne
2520 2406 2522 2417 ¹

208 2496 259 2553 id
293 2495 458 2551 fuerit,
488 2498 820 2544 andi-versum
852 2500 1003 2560 opus?

303 2575 412 2619 De
440 2586 773 2620 incarnatione
804 2574 963 2621 libros
973 2576 1072 2622 XV.
1109 2577 1299 2622 Decimo
1323 2578 1491 2638 quinto
1522 2591 1723 2638 namque
1752 2575 1877 2623 libro
1906 2577 2060 2638 ipsum
2089 2584 2240 2622 totum
2268 2592 2388 2639 opus
2411 2576 2471 2623 de

210 2647 526 2697 incarnatione
560 2642 812 2706 conclusit,
841 2659 891 2698 ut
914 2651 1058 2699 refert
1086 2652 1332 2699 Facundus
1368 2652 1451 2698 lib.
1481 2654 1559 2699 IX.
1587 2669 1750 2715 cap..›
1755 2654 1979 2699 ,Eorum
2012 2662 2283 2714 argumenta
2310 2668 2472 2699 recen-

211 2734 279 2772 set
310 2727 574 2773 Gennadius
606 2727 666 2774 de
699 2729 811 2774 viris
842 2728 914 2775 ill.
950 2745 1052 2791 cap.
1085 2732 1161 2776 12.
1203 2728 1471 2775 Theodorus
1504 2712 1816 2775 antiochenae
1848 2729 2070 2775 ecelesiae
2095 2729 2366 2792 presbyter,
2400 2745 2473 2775 φιι·

210 2803 411 2849 sei'entta
445 2815 640 2854 cautus,
664 2815 720 2849 et
747 2804 919 2867 lingua
952 2804 1179 2855 di‚sertus
1209 2805 1399 2869 scripsit
1419 2805 1658 2852 adversus
1672 2805 2050 2869 &Apollinarzstas
2078 2817 2123 2850 et
2148 2805 2472 2851 Eunomianos

210 2882 270 2926 de
294 2881 626 2927 i'nearnatzone
650 2881 849 2927 Domtni
869 2882 1014 2928 libros
1037 2882 1331 2945 quindeetm‚
1361 2884 1431 2929 ad
1451 2883 1720 2946 quindecim
1745 2883 1902 2929 mi'llza
1927 2899 2141 2929 versuum
2164 2883 2466 2929 commences.

145 2984 158 3001 >=
208 2960 272 3004 In
305 2957 477 3020 quibus
506 2957 695 3003 ratione
722 2958 1012 3022 purissima,
1042 2970 1088 3004 et
1112 2959 1393 3005 testimoniis
1416 2959 1764 3022 scripturarum
1789 2958 1992 3004 ostendit
2017 2958 2465 3016 dominumJesum,

211 3035 335 3080 sieut
365 3034 712 3098 plenitudinem
736 3034 956 3086 deitatis,
988 3035 1060 3080 ita
1089 3035 1435 3098 plenitudinem
1459 3035 1779 3082 humanitatis
1804 3034 2040 3081 habuisse.
2078 3036 2224 3080 Docet
2247 3046 2292 3079 et
2316 3033 2471 3080 homi-

183 3154 186 3158 .
208 3127 318 3156 nem
344 3110 532 3156 duabus
558 3103 748 3177 tantum
773 3111 1054 3157 substantiis
1078 3123 1318 3161 constare.
1349 3112 1471 3158 idest
1494 3112 1664 3158 anima
1688 3123 1734 3157 et
1757 3127 1979 3175 corpore‚·
2004 3127 2281 3174 sensumque
2303 3123 2349 3156 et
2372 3111 2470 3175 spi-

206 3188 361 3245 ritum
392 3205 486 3234 non
522 3189 730 3234 alteram
763 3189 1108 3240 substantiam,
1144 3189 1229 3235 sed
1258 3190 1414 3250 officia
1449 3206 1545 3235 esse
1570 3189 1773 3236 animae
1806 3189 2048 3252 ingenita,
2083 3188 2254 3251 quibus
2285 3189 2463 3252 spirat,

204 3265 382 3328 quibus
407 3266 665 3312 rationalis
691 3278 781 3317 est,
811 3267 980 3330 quibus
1004 3266 1222 3312 sensibile
1243 3267 1378 3329 facit
1403 3284 1588 3331 corpus.
1619 3261 1856 3322 Quartum
1880 3265 2115 3311 decimum
2142 3277 2303 3312 autem
2326 3265 2469 3312 huius

205 3341 366 3405 operis
403 3341 580 3388 librum
612 3342 810 3407 proprie
850 3343 908 3388 de
947 3342 1163 3390 increata
1200 3354 1244 3388 et
1286 3344 1388 3389 sola
1427 3343 1704 3406 incorporea
1738 3342 2024 3404 dominaque
2057 3342 2268 3388 omnium
2300 3354 2470 3388 sanctu

214 3418 467 3465 Trinitatis
498 3431 678 3466 natura
687 3457 704 3471 A,
733 3432 778 3465 et
813 3420 871 3465 de
893 3432 1228 3468 ereaturarum
1261 3420 1447 3466 ratione
1481 3419 1734 3470 disserens,
1758 3418 1842 3483 pio
1877 3435 2014 3464 sensu
2045 3436 2153 3465 eum
2183 3420 2471 3466 auctoritate

211 3508 501 3542 sanctarum
523 3497 875 3561 seripturarum
907 3497 1158 3562 explic-uia
1198 3491 1373 3552 Quinto
1402 3497 1583 3543 decimo
1617 3513 1721 3544 vero
1753 3497 2006 3548 volumine,
2035 3508 2186 3543 totum
2217 3496 2371 3561 operis
2394 3512 2467 3543 suz

212 3587 404 3634 eorpus,
433 3572 599 3618 citatis
623 3573 771 3619 etiam
789 3586 992 3638 patrum
1015 3573 1380 3626 tradi‘tzonzbus,
1407 3573 1707 3636 confirmavit
1731 3585 1778 3619 et
1800 3573 2124 3621 communissvzt
2162 3575 2370 3621 Meminit
2393 3575 2470 3620 Iu-

213 3649 436 3695 stinianus
461 3650 508 3696 in
533 3650 687 3718 edicto
718 3651 779 3697 de
813 3650 906 3698 fide
938 3651 1217 3698 orthodoxa.
1250 3641 1428 3731 Ἀλλοὶ
1463 3664 1546 3694 και
1586 3664 1684 3696 των
1720 3637 1812 3693 δύο
1843 3639 2034 3705 φύσεων
2068 3647 2188 3713 μίαν
2224 3639 2467 3710 δύναμιν,

299 3761 347 3801 (1)
372 3759 452 3796 Hoc
475 3747 812 3800 Theodorumlihro
836 3763 1070 3808 vulnerasse,
1095 3763 1127 3799 si
1152 3762 1231 3800 fieri
1256 3764 1457 3810 potuisset,
1485 3764 1523 3801 S.
1551 3764 1821 3812 Hieronymum
1847 3763 1895 3800 ob
1920 3774 1961 3801 ea
1986 3774 2080 3812 quae
2106 3763 2206 3800 οὼεῑ
2207 3774 2278 3800 sus
2303 3762 2468 3810 Pelagia-

176 3821 282 3853 ms
306 3813 506 3864 scribebat
532 3819 674 3858 iamdiu
698 3821 878 3870 philologi
903 3828 1142 3870 3311016111111.
1171 3825 1215 3859 Α.
1243 3823 1293 3859 Μ.
1598 3842 1600 3844 >
1772 3838 1776 3842 ·
