2970 4420
260 380 315 409 An.
337 384 398 410 3135-

250 1218 307 1246 An.
326 1221 387 1247 356.

454 279 544 331 162

492 377 782 417 4.›Pos'tmodum
796 385 921 418 autem
937 381 1133 429 Diogenes,
1146 381 1346 430 imperialis
1360 381 1540 426 notarius,

448 438 550 474 venit
565 438 830 475 Alexandriam
841 451 965 477 mense
982 441 1120 477 mesuri
1143 436 1190 486 1),
1211 441 1408 478 consulatu
1431 439 1541 476 Arbi-

444 497 586 544 tionis,
607 504 644 535 et
669 497 854 536 Lolliani:
887 500 957 536 hoc
982 505 1037 537 est
1054 506 1135 547 post
1152 502 1270 536 annos
1301 500 1350 544 II,
1371 504 1407 535 et
1434 508 1540 534 men-

444 567 502 594 ses
527 557 574 601 V,
606 569 648 594 cx
684 558 909 605 profectione
938 559 1106 595 Montani
1142 558 1187 595 de
1219 558 1468 595 Alexandria:
1503 562 1540 593 et

443 616 615 653 incubuit
644 616 817 654 omnibus
849 618 1061 664 Diogenes,
1092 617 1278 664 expellens
1308 615 1432 662 egredi
1458 617 1536 663 epi-

430 687 595 724 --scopum
620 676 783 722 civitate,
811 682 847 714 et
870 687 998 713 omnes
1027 677 1116 714 satis
1138 676 1293 713 adflixit.
1324 676 1387 711 VI.
1409 680 1534 712 autem

432 733 501 772 <die
527 736 608 772 toth
642 737 779 772 mensis
806 737 939 773 acriter
966 734 1187 772 incumbens
1215 733 1447 782 expugnabat
1475 744 1535 770 ec-

432 795 587 832 clesiam
607 808 617 840 ς
646 801 682 832 et
713 794 799 832 fecit
823 795 996 832 insistens
1024 805 1168 831 menses
1188 795 1250 837 IV,
1268 793 1338 830 hoc
1354 798 1410 829 est
1426 803 1533 829 men-

441 866 480 892 se
503 855 638 892 mesuri
659 883 668 900 ,
699 855 772 890 sive
795 864 836 891 ex
862 853 921 891 die
944 853 1282 897 intercalariorum,
1308 862 1426 899 usque
1443 851 1534 888 cho-

442 914 498 951 iac
519 918 554 958 2)
583 915 703 950 XXV.
732 912 844 950 diem.
877 913 1016 960 Populo
1044 923 1127 949 vero
1153 912 1345 949 resistente
1377 911 1535 957 Diogeni

440 972 693 1018 vehementer,
720 977 756 1008 et
771 971 976 1017 iudicibus,
997 981 1160 1008 reversus
1178 976 1232 1007 est
1250 970 1435 1017 Diogenes
1454 969 1534 1007 sine

446 1031 579 1069 effectu
596 1030 772 1079 praedicti
798 1031 935 1067 mensis
958 1030 1086 1067 choiac
1099 1029 1160 1066 die
1179 1030 1316 1074 xxvi,
1337 1029 1535 1067 consulatu

441 1091 644 1141 Arbitionis
670 1096 706 1128 et
730 1090 892 1127 Lolliani
918 1095 1000 1138 post
1023 1100 1166 1128 menses
1189 1091 1252 1134 IV,
1276 1089 1374 1126 sicut
1390 1088 1532 1126 dictum

439 1157 506 1189 est.

486 1215 521 1248 5.
550 1213 676 1259 Itaque
707 1210 781 1247 dux
807 1206 1005 1259 Syr-ianus,
1028 1214 1067 1246 et
1096 1209 1265 1246 notarius
1296 1208 1461 1246 Hilarius
1488 1208 1534 1246 de

437 1272 603 1319 Aegypto
638 1269 897 1306 Alexandriam
927 1274 1127 1313 venerunt,
1161 1268 1240 1317 tybi
1267 1268 1411 1305 decimo
1442 1267 1532 1319 die,

438 1336 520 1377 post
544 1330 778 1367 consulatum
803 1329 1007 1366 Arbitionis
1031 1334 1067 1365 et
1082 1328 1268 1373 Lolliani,
1291 1339 1333 1365 ac
1359 1328 1531 1375 praemit-

371 1387 377 1394 ⁴
437 1395 556 1426 tentes
584 1400 711 1426 omnes
737 1399 801 1436 per
818 1391 1026 1438 Aegyptum
1049 1399 1091 1425 ac
1110 1388 1266 1437 Libyam
1296 1388 1458 1424 militum
1478 1387 1532 1424 le'-

242 2585 298 2613 An.
324 2588 385 2613 357.

242 3179 298 3207 λι).
321 3182 382 3206 358;

246 3532 298 3560 An.
318 3535 382 3562 359.

439 1449 588 1495 giones,
619 1448 777 1495 ingressi
804 1454 892 1485 sunt
917 1447 992 1484 dux
1021 1453 1057 1484 et
1088 1448 1255 1484 notarius
1287 1458 1351 1495 per
1386 1452 1532 1483 noctem

439 1519 524 1544 cum
553 1509 655 1545 omni
687 1519 798 1544 manu
830 1508 980 1544 militari
1013 1507 1206 1545 ecclesiam
1230 1507 1428 1550 Theonae‚
1459 1516 1534 1543 me-

439 1567 520 1603 chir
537 1572 570 1611 3)
593 1568 699 1603 XIII.
719 1567 777 1604 die
793 1579 857 1615 per
879 1573 1023 1604 noctem
1043 1567 1360 1614 supervenientem
1375 1567 1478 1611 XIV3
1498 1571 1535 1602 et

436 1625 648 1673 frangentes
681 1627 774 1664 ostia
806 1627 981 1664 ecclesiae
1017 1627 1218 1671 Theonae,
1257 1626 1415 1674 ingresSi
1444 1632 1534 1663 sunt

428 1696 519 1722 ‘cum
536 1685 683 1722 infinita
716 1697 827 1723 manu
848 1686 1013 1723 militari.
1036 1686 1239 1733 Episcopus
1259 1691 1382 1722 autem
1413 1685 1531 1721 Atha-

435 1745 564 1782 nasius
581 1745 714 1790 effugit
733 1756 866 1782 manus
880 1739 1006 1782 eorum
1019 1773 1028 1789 ,
1044 1750 1080 1781 et
1095 1745 1260 1786 salvatus
1276 1750 1332 1782 est
1344 1744 1403 1782 die
1428 1755 1532 1792 prae-

432 1804 531 1841 dicto
559 1805 700 1841 mechir
715 1806 817 1841 XIV.
842 1806 925 1842 Hoc
953 1811 1077 1842 tamen
1108 1804 1249 1841 factum
1277 1810 1334 1841 est
1358 1809 1441 1852 post
1466 1815 1534 1840 an.

433 1874 501 1900 nos
523 1865 592 1908 IX,
617 1870 653 1900 et
672 1875 817 1901 menses
842 1865 968 1910 illusae.
988 1863 1067 1901 dies
1087 1865 1195 1908 XIX,
1221 1874 1335 1911 quam
1354 1863 1463 1900 ltalia
1477 1874 1534 1899 re-

433 1934 559 1960 versus
573 1929 628 1961 est
649 1925 855 1972 episcopus.
874 1925 1048 1961 Lib'erato
1073 1929 1194 1960 autem
1215 1924 1409 1971 episcopo,
1428 1934 1532 1970 pres-

433 1974 551 2031 byteri
583 1984 725 2030 ipsius,
762 1990 798 2021 et
829 1984 989 2031 populus
1024 1988 1284 2020 remanserunt
1325 1983 1534 2020 obtinentes

434 2043 630 2087 ecclesias,
660 2049 697 2079 et
726 2043 942 2090 colligentes
959 2042 1148 2079 mensibus
1172 2043 1235 2088 IV,
1262 2041 1380 2079 donec
1408 2042 1532 2089 ingre-

430 2103 587 2139 deretur
624 2102 887 2139 Alexandriam
922 2102 1212 2154 cataphronius*
1230 2098 1458 2149 praefectus,
1497 2106 1534 2138 et

435 2161 630 2198 Heraclius
655 2172 778 2198 comes
805 2171 930 2198 mense
947 2162 1070 2209 payni,
1088 2162 1188 2197 XVI·
1218 2160 1277 2197 die
1294 2188 1303 2204 ,
1323 2160 1531 2212 sconsulatu

426 2216 645 2257 Constantis
669 2222 772 2265 VIII,
800 2225 836 2256 et
863 2220 998 2257 Iuliani
1023 2220 1191 2257 ‘Caesaris
1217 2219 1348 2267 primo.

481 2284 516 2316 6.
544 2281 590 2315 Et
619 2285 700 2326 post
729 2279 807 2316 dies
827 2280 890 2324 IV,
911 2289 1021 2326 quam
1045 2284 1134 2315 sunt
1158 2278 1343 2324 Ingressi,
1365 2277 1531 2315 Athana-

433 2339 527 2377 siani
554 2340 657 2376 eiecti
679 2345 768 2377 sunt
796 2340 983 2384 ecelesiis,
1011 2345 1047 2376 et
1067 2339 1222 2376 traditae
1249 2345 1338 2376 sunt
1355 2338 1403 2375 ad
1419 2340 1533 2376 Geor-

433 2400 537 2446 gium
554 2404 588 2442 4)
609 2399 874 2446 pertinentibus
888 2426 897 2443 ,
925 2405 961 2435 et
988 2399 1200 2445 episcopum
1220 2398 1528 2446 exspectantibus.

437 2459 690 2505 Susceperunt
717 2464 839 2495 autem
862 2459 886 2494 ii
905 2459 1076 2495 ecclesias
1091 2458 1150 2495 die
1173 2460 1280 2495 XXI.
1301 2469 1426 2495 mense
1443 2469 1539 2506 pay-.

437 2518 489 2553 ni.
524 2517 684 2553 Advenit
704 2517 813 2554 etiam
836 2518 1017 2563 Georgius
1042 2516 1303 2554 Alexandriam
1331 2517 1561 2554 consulatu..

438 2578 647 2614 Constantii
674 2578 741 2622 IX,
765 2582 801 2613 et
823 2577 958 2613 Iuliani
983 2577 1148 2614 Caesaris
1176 2578 1223 2621 ΙΙ,
1243 2577 1384 2613 mechir
1401 2578 1526 2613 XXX.

435 2636 518 2681 die,
545 2637 614 2674 hoc
639 2642 694 2673 est
718 2642 797 2683 post
816 2647 960 2673 menses
986 2642 1093 2681 octo,
1124 2643 1159 2673 et
1187 2636 1264 2673 dies
1283 2637 1352 2681 XI,
1379 2635 1530 2684 quando

430 2702 672 2743 susceperunt
700 2696 872 2733 ecclesias
895 2695 943 2732 ad
968 2707 1053 2732 eum
1069 2696 1308 2743 pertinentes.
1337 2697 1553 2745 Ingressus.

432 2757 556 2803 itaque
577 2756 759 2803 Georgius
780 2755 1040 2792 Alexandriam
1060 2756 1209 2800 ,tenuit
1233 2755 1405 2793 ecelesias
1429 2766 1531 2792 men-

433 2816 536 2853 sibus
562 2817 701 2852 XVIII.
722 2816 899 2862 integri53
921 2821 958 2851 et
972 2821 1062 2852 tunc
1081 2815 1184 2863 plebs
1210 2815 1382 2862 adgressa
1408 2820 1464 2852 est
1480 2815 1529 2851 il-

436 2875 516 2911 lum
546 2874 583 2910 in
613 2873 801 2911 dominico
826 2874 994 2922 Dionysii
1011 2902 1021 2919 ‚
1049 2880 1086 2911 et
1113 2875 1172 2911 vix
1194 2885 1279 2911 cum
1305 2874 1469 2921 periculo
1495 2880 1531 2910 et

426 2944 565 2980 >magno
594 2934 795 2970 certamine
829 2933 1005 2970 liberatus
1036 2940 1112 2979 est,
1145 2933 1205 2970 die
1236 2933 1355 2981 primo
1392 2933 1529 2970 mensis

431 2993 552 3037 thoth,
566 2994 763 3030 consulatu
789 2993 936 3030 Tatiani
949 3022 959 3039 ,
980 2999 1017 3030 et
1037 2994 1209 3031 Cerealis.
1231 2995 1376 3031 Eiectus
1393 3000 1449 3031 est
1465 3005 1529 3030 au-

432 3058 506 3088 tem
529 3053 709 3100 Georgius
726 3053 770 3089 de
788 3052 1009 3090 Alexandria
1033 3052 1092 3090 die
1111 3055 1162 3090 X.
1175 3053 1293 3090 factae
1315 3053 1526 3098 seditionis,

434 3111 504 3148 hoc
518 3118 573 3148 est
590 3112 722 3159 paophi
739 3112 798 3148 die
812 3114 856 3149 V.
872 3109 933 3149 Ad'
945 3112 1192 3154 Athanasium
1215 3123 1296 3150 vero
1315 3114 1527 3160 episcopum

434 3165 678 3217 pertinentes,
699 3177 780 3218 post
805 3171 883 3209 dies
901 3173 969 3207 IX.
998 3171 1236 3219 profectionis
1262 3173 1431 3219 Georgii,
1460 3173 1529 3209 hoc

434 3234 488 3265 est
510 3231 611 3265 XIV.
632 3230 690 3266 die
706 3231 842 3268 mensis
862 3231 1009 3275 choiac,
1026 3231 1216 3268 eiicientes
1240 3230 1389 3279 Georgii
1407 3232 1528 3269 homi-

433 3298 499 3324 nes
516 3315 525 3331 ‚
553 3294 753 3325 tenuerunt
778 3290 1165 3327 ecclesias'mensibus
1198 3290 1364 3338 duobus,
1387 3297 1425 3329 et
1449 3291 1528 3329 die-

435 3346 505 3383 bus
528 3348 628 3390 XIV,
654 3348 771 3385 donec
790 3349 935 3386 advenit
962 3349 1036 3386 dux
1067 3349 1307 3388 Sebastianus
1335 3351 1381 3389 de
1410 3354 1529 3400 Aegy-

436 3411 500 3452 pto
516 3434 526 3450 ,
550 3411 585 3442 et
601 3407 706 3443 eiecit
724 3418 808 3452 eos,
829 3414 864 3446 et
887 3409 1022 3445 iterum
1049 3409 1096 3446 ad
1118 3411 1321 3458 Georgium
1341 3412 1528 3459 pertinen-

434 3463 534 3500 tibus
549 3465 720 3501 ecclesias
734 3466 962 3513 consignavit
981 3478 1106 3505 mense
1122 3469 1251 3506 choiac
1270 3469 1527 3507 die¹XXVIIL

483 3527 519 3558 7.
555 3523 643 3559 Post
682 3533 826 3560 menses
861 3530 985 3561 autem
1023 3527 1091 3563 IX.
1129 3527 1295 3576 integros
1331 3529 1528 3577 profectio·

1347 295 1592 329 canonicor(
1626 295 1824 326 LATINUM

1961 346 1962 349 ’
2111 349 2117 366 Ι

1614 381 1674 417 nis
1693 380 1850 428 Georgii
1876 379 1923 418 de
1944 376 2169 442 Alexandria
2186 411 2197 430 ‚
2221 384 2361 429 Paulus
2378 384 2544 423 notarius
2568 386 2715 423 advenit

1614 439 1725 487 payni
1752 440 1899 484 XXIX,
1941 441 2159 480 consulante
2188 444 2349 482 Eusebio
2386 450 2423 482 et
2459 446 2644 494 Hypatio,
2675 452 2712 483 et

1614 498 1805 545 proposuit
1822 498 2014 546 imperiale
2033 507 2269 550 praeceptum
2292 514 2358 551 pro
2377 505 2536 551 Georgio
2552 533 2562 550 ,
2580 500 2622 541 >et
2641 504 2708 542 do-

1613 558 1709 593 muit
1738 557 1874 594 multos
1891 557 1938 594 ob
1967 558 2046 596 eius
2074 560 2286 599 vindictam.
2314 564 2361 599 Et
2381 570 2462 611 post
2488 575 2633 601 menses
2658 565 2703 600 V.

1612 615 1794 663 Georgius
1809 617 1909 653 venit
1925 617 2183 657 Alexandriam
2197 648 2207 666 ,
2232 622 2340 671 athyr
2355 624 2481 660 XXX.
2510 623 2570 660 die
2583 652 2592 668 ‚
2615 634 2707 660 con·
2731 634 2734 640 ⁴

1609 675 1735 712 sulatu
1757 676 1869 713 'sauri
1892 682 1928 713 et
1943 677 2144 723 Florentii,
2163 678 2208 717 de
2234 681 2438 727 comitatu3
2461 682 2530 719 hoc
2549 688 2604 720 est
2622 688 2708 730 post

1609 743 1729 771 annos
1760 735 1829 779 III,
1853 739 1890 772 et
1912 745 2056 773 menses
2085 736 2177 774 duos
2205 749 2316 786 quam
2345 738 2504 788 fugerat.

1657 797 1693 830 8.
1722 795 1916 841 Ingressus
1946 799 2092 840 autem,
2117 797 2215 834 sicut
2242 799 2471 845 praedictum
2492 806 2567 845 est,
2586 801 2706 838 Geor·

1610 853 1695 899 gius
1727 853 2015 898 Alexandriam,
2046 855 2155 904 athyr
2182 855 2243 894 die
2268 859 2396 903 XXX,
2426 859 2527 906 degit
2550 860 2588 896 in
2612 860 2719 906 civi--

1608 916 1684 950 tate
1713 924 1865 950 securus
1890 913 1969 952 dies
1996 915 2065 959 111,
2088 915 2159 952 hoc
2183 921 2238 953 est
2265 916 2326 954 die
2342 919 2409 954 III.
2441 919 2592 965 choiac‚
2617 931 2706 956 nam

1609 972 1672 1009 IV.
1701 971 1762 1009 die
1793 974 1930 1010 mensis
1956 974 2122 1011 eiusdem
2153 975 2358 1025 praefectus
2389 979 2591 1016 Gerontius
2610 990 2708 1017 nun-

1609 1031 1718 1069 ciavit
1743 1038 1897 1070 mortem
1916 1034 2123 1071 Constantii
2149 1035 2402 1084 imperatoris,
2425 1043 2463 1075 et
2486 1038 2585 1085 quod
2604 1038 2708 1085 solus

1610 1091 1777 1128 Iulianus
1807 1092 1928 1129 tenuit
1960 1092 2176 1130 universum
2213 1094 2426 1142 imperium.
2460 1098 2542 1144 Quo
2578 1096 2709 1134 audito

1609 1150 1706 1188 cives
1734 1144 1988 1197 alexandrini,
2017 1157 2054 1188 et
2083 1163 2210 1190 omnes
2238 1159 2366 1191 contra
2402 1156 2603 1203 Georgium
2630 1156 2707 1193 cla-

1610 1215 1827 1255 maverunt3
1856 1209 2059 1258 eodemque
2083 1218 2269 1250 momento
2297 1213 2365 1250 sub
2393 1214 2563 1251 custodia
2593 1215 2704 1252 illum

1608 1270 1905 1315 constituerunt3
1936 1275 1972 1307 et
2007 1270 2079 1307 fuit
2106 1272 2146 1307 in
2185 1283 2330 1310 carcere
2358 1270 2455 1310 ferro
2491 1275 2638 1311 vinctus
2664 1285 2708 1311 ex

1610 1327 1796 1375 praedicto
1826 1328 1885 1365 die
1913 1329 2042 1366 choiae
2068 1331 2130 1374 IV,
2152 1339 2269 1379 usque
2290 1331 2337 1368 ad
2358 1332 2514 1368 XXVII.
2540 1331 2708 1369 eiusdem

2758 814 2815 843 An.
2836 817 2901 843 3⁶1.

1609 1389 1747 1425 mensis
1776 1388 1906 1426 diebus
1942 1390 2081 1426 XXIV.
2114 1391 2208 1427 Nam
2240 1392 2418 1428 XXVIII.
2450 1391 2510 1428 die
2540 1390 2707 1428 eiusdem
2760 1422 2763 1431 .

1610 1449 1747 1485 mensis
1767 1460 1875 1486 mane
1898 1460 1990 1496 pene
2010 1450 2132 1486 Omnis
2151 1451 2309 1498 populus
2326 1451 2430 1488 illius
2450 1451 2608 1488 civitatis
2626 1462 2709 1498 per-

1614 1507 1721 1545 duxit
1752 1508 1797 1545 de
1824 1519 1969 1545 carcere
1995 1509 2196 1554 Georgium
2215 1536 2225 1555 ,
2255 1520 2325 1562 nec
2349 1520 2426 1546 non
2452 1511 2562 1547 etiam
2591 1510 2708 1546 comi-

1608 1573 1706 1612 tem,
1736 1569 1800 1616 qui
1831 1580 1916 1605 cum
1952 1569 2031 1616 ipso
2059 1574 2163 1615 erat,
2191 1570 2425 1607 insistentem
2451 1569 2614 1607 fabricae
2630 1566 2708 1606 do-

1608 1628 1792 1673 minicae,
1823 1639 1919 1676 quae
1955 1628 2092 1665 dicitur
2130 1631 2391 1675 Caesareum,
2425 1634 2461 1665 et
2491 1628 2708 1666 occiderunt

1607 1686 1756 1732 ambos,
1776 1693 1813 1724 et
1840 1698 1967 1725 eorum
1998 1698 2150 1734 corpora
2181 1687 2511 1726 circumduxerunt
2537 1698 2602 1735 per
2630 1697 2707 1724 me-

1607 1745 1708 1782 diam
1738 1746 1948 1791 civitatem,
1979 1746 2130 1792 Georgii
2166 1746 2316 1794 quidem
2352 1758 2463 1794 super
2493 1747 2675 1784 camelum
2693 1775 2703 1792 ,

1607 1805 1798 1841 Dracontii
1829 1815 1911 1842 vero
1946 1805 2116 1842 homines
2136 1803 2299 1842 'funibus
2337 1806 2551 1850 trahentes3
2587 1811 2624 1843 et
2650 1805 2704 1842 sic

1606 1857 1751 1901 iniuriis
1786 1863 1951 1900 adfectos
1979 1864 2075 1900 eirca
2111 1863 2240 1901 horam
2268 1864 2350 1900 VII.
2382 1863 2477 1909 diei,
2508 1865 2704 1911 utriusque

1607 1933 1759 1970 corpora
1782 1922 2080 1960 combusserunt.

1654 1988 1688 2020 9.
1717 1983 1889 2019 Proximo
1914 1976 2049 2019 autem'
2074 1981 2132 2019 die
2167 1983 2330 2028 mechir,
2361 1984 2411 2019 X.
2446 1983 2507 2020 die
2533 1984 2702 2033 mensis,

1606 2047 1689 2088 post
1719 2043 1955 2079 consulatum
1986 2041 2099 2078 Tauri
2125 2047 2162 2079 et
2186 2042 2389 2087 Florentii,
2421 2043 2558 2079 Iuliani
2583 2043 2704 2090 impe·

1605 2100 1738 2137 ratoris
1765 2107 2001 2148 praeceptum
2029 2102 2259 2148 propositum
2293 2107 2370 2147 est,
2403 2112 2476 2149 quo
2505 2101 2704 2138 iubebatur

1605 2159 1711 2197 reddi
1744 2160 1853 2196 idolis
1889 2166 1925 2196 et
1951 2160 2118 2197 neocoris
2147 2165 2183 2197 et
2210 2160 2379 2207 publicae
2412 2161 2575 2207 rationi,
2607 2167 2703 2209 quae
2745 2184 2750 2192 -

1605 2220 1816 2268 praeteritis
1841 2219 2072 2267 temporibus
2097 2219 2172 2257 illis
2198 2220 2343 2257 sublata
2367 2225 2468 2257 sunt.
2619 2246 2622 2252 ,

1656 2284 1712 2316 10.
1733 2281 1822 2317 Post
1848 2278 1926 2314 dies
1951 2285 2075 2315 autem
2099 2279 2168 2323 III,
2193 2278 2335 2315 mechir
2366 2280 2469 2323 XIV,
2496 2278 2626 2315 datum
2648 2284 2705 2316 est

1607 2344 1846 2386 praeceptum
1865 2338 2046 2375 Gerontio
2070 2337 2252 2385 praefecto
2272 2336 2437 2374 eiusdem
2463 2338 2600 2374 Iuliani
2626 2340 2698 2374 im-

1604 2399 1803 2445 peratoris,
1820 2408 1889 2434 nec
1911 2408 1988 2434 non
2004 2397 2115 2434 etiam
2135 2397 2260 2433 vicarii
2274 2396 2452 2442 Modesti,
2472 2397 2701 2444 praecipiens

1604 2458 1794 2506 episcopos
1820 2468 1949 2494 omnes
1974 2456 2199 2493 factionibus
2225 2456 2380 2493 antehac
2407 2457 2698 2500 circumventos,

1594 2523 1641 2562 ,et
1658 2517 1825 2553 exiliatos
1851 2516 1984 2553 reverti
2008 2515 2055 2552 ad
2080 2526 2167 2552 suas
2195 2515 2383 2560 civitates,
2413 2521 2450 2552 et
2479 2515 2698 2562 provincias.

1602 2578 1683 2617 uae
1710 2582 1834 2613 autem
1860 2576 1987 2612 literae
2015 2575 2185 2622 sequenti
2210 2573 2271 2611 die
2292 2575 2433 2611 mechir
2454 2576 2536 2612 XV.
2566 2585 2701 2623 propo-

1598 2636 1826 2673 sitae-‚sunu
1857 2634 2093 2682 postmodum
2123 2640 2247 2671 autem
2269 2639 2305 2671 et
2331 2634 2504 2682 praefecti
2532 2632 2702 2672 Gerontii

1601 2696 1766 2733 edictum
1796 2696 2025 2743 propositum
2057 2699 2136 2739 est,
2166 2705 2231 2742 per
2258 2694 2358 2742 quod
2387 2694 2587 2731 vocabatur
2624 2694 2702 2742 epi-

1602 2767 1737 2803 scopus
1752 2755 1979 2792 Athanasius
1994 2753 2041 2791 ad
2059 2765 2164 2791 suam
2183 2754 2314 2791 reverti
2331 2754 2540 2792 ecclesiam.
2557 2755 2604 2795 Et
2619 2759 2703 2802 post

1602 2815 1682 2852 dies
1697 2816 1785 2851 XII.
1806 2814 1918 2852 huius
1947 2813 2059 2851 edicti
2087 2813 2369 2861 propositionis,
2398 2813 2628 2850 Athanasius
2653 2814 2704 2850 vi·

1602 2886 1665 2912 sus
1692 2881 1747 2912 est
1774 2874 2184 2922 apudxAlexandriain,
2217 2874 2481 2921 ingressusque
2509 2879 2566 2910 est
2588 2872 2704 2910 eccle-

1601 2935 1695 2972 siam
1721 2934 1850 2971 eodem
1869 2945 1993 2971 mense
2011 2933 2152 2970 mechir
2172 2932 2232 2969 die
2247 2933 2406 2970 XXVII:
2431 2938 2475 2970 ut
2490 2934 2539 2969 sit
2563 2943 2604 2970 ex
2622 2932 2703 2970 eius

1602 2994 1712 3041 fuga,
1736 2994 1881 3043 Syriani
1905 2999 1942 3030 et
1963 2993 2095 3030 Hilarii
2118 2991 2348 3039 temporibus
2370 2991 2464 3028 facta
2478 3019 2487 3035 ,
2510 3002 2629 3038 usque
2655 2989 2704 3026 ad

1601 3053 1762 3090 reditum
1783 3054 1881 3098 eius,
1899 3053 2045 3090 Iuliano
2067 3080 2076 3088 .
2108 3081 2116 3088 .
2142 3079 2150 3087 .
2171 3051 2312 3087 mech->ir
2326 3052 2485 3087 XXVII.
2507 3051 2702 3087 Remansit

1600 3113 1641 3148 in
1668 3111 1820 3148 ecclesia
1843 3122 1961 3158 usque
1989 3109 2122 3162 paophi
2150 3110 2290 3154 XXVI,
2318 3109 2515 3145 consu-latu
2538 3109 2701 3144 Mamer-

1603 3171 1672 3207 tini
1700 3176 1736 3207 et
1763 3170 1926 3208 Nevittae
1943 3197 1952 3215 ,
1983 3168 2171 3205 mensibus
2197 3169 2298 3204 VIII.
2326 3168 2497 3214 integris.

1651 3234 1707 3266 11.
1726 3228 1919 3266 Praedicto
1935 3233 2059 3265 autem
2080 3227 2140 3264 die
2163 3227 2296 3274 paophi
2318 3228 2476 3278 XXVII.
2508 3226 2701 3277 proposuit

1601 3290 1740 3327 Iulian-i
1767 3289 2006 3336 :imperatoris
2025 3287 2210 3331 edictum,
2234 3292 2277 3323 ut
2307 3286 2537 3324 Athanasius
2561 3287 2700 3334 episco-

1600 3359 1672 3396 pus
1703 3347 1892 3385 recederet
1922 3346 1968 3384 de
2002 3344 2225 3383 Alexandria
2243 3372 2253 3390 ,
2285 3351 2322 3382 et
2348 3344 2477 3382 eodem
2504 3350 2701 3395 ‚momento

1601 3417 1674 3456 quo
1692 3407 1921 3455 propositum
1946 3410 2003 3443 est
2018 3404 2180 3442 edietum
2195 3433 2205 3450 ‚
2235 3403 2430 3452 episcopiis
2455 3397 2625 3460 egressus
2647 3409 2702 3441 est

1602 3467 1788 3504 civitatem
1805 3493 1815 3511 ,
1833 3471 1869 3502 et
1897 3469 2149 3502 commoratus
2180 3469 2237 3500 est
2255 3463 2352 3500 circa
2369 3455 2515 3503 Thereu
2540 3466 2590 3507 5).
2617 3463 2702 3511 Quo

1602 3536 1686 3564 mox
1710 3534 1855 3573 egresso
1870 3551 1880 3570 ,
1911 3523 2092 3572 Olympus
2121 3521 2327 3570 praefectus
2359 3521 2620 3570 obtemperans
2644 3522 2706 3561 ei-‘

503 3618 535 3653 v1)
554 3618 609 3647 Ed.
628 3626 775 3648 mensore.
795 3618 845 3648 Sic
863 3620 895 3649 et
916 3619 1008 3649 infra.
1027 3637 1062 3643 —
1080 3623 1108 3659 2)
1131 3623 1186 3653 Ed.
1206 3633 1290 3661 cyac.
1314 3624 1366 3655 Sic
1386 3626 1418 3655 et
1442 3625 1537 3655 iun-a.
1560 3641 1597 3647 -
1619 3626 1649 3660 a)
1672 3623 1726 3653 Ed.
1752 3621 1878 3651 methir.
1907 3621 1959 3651 Sic
1985 3620 2077 3650 intra.
2101 3634 2137 3641 -—
2160 3619 2192 3654 4)
2217 3618 2271 3653 Ed.
2300 3618 2494 3655 Greqorium.
2515 3618 2634 3648 Notum
2655 3619 2703 3649 est

435 3671 538 3701 autem
555 3692 563 3706 ,
589 3672 760 3707 Georgium
784 3672 990 3709 cappadocem
1010 3675 1190 3705 successisse
1211 3677 1365 3713 Gregorio
1386 3678 1462 3707 Item
1481 3677 1653 3716 cappadoci
1675 3675 1733 3714 qui
1757 3675 1819 3705 iam
1838 3673 1962 3704 obierat
1984 3672 2199 3702 Alexandriae.

504 3725 533 3759 5)
552 3723 757 3753 Athanasium
780 3725 856 3754 tunc
878 3726 1029 3762 temporis
1051 3727 1157 3764 sugam
1183 3731 1381 3766 capessivisse
1401 3731 1524 3761 Thebas
1546 3738 1655 3760 versus
1668 3751 1678 3766 ,
1703 3729 1820 3758 dicitur
1845 3728 1878 3757 in
1902 3726 2052 3756 chronico
2078 3725 2223 3761 syriaco,
2247 3732 2306 3754 nec
2327 3732 2390 3754 non
2411 3724 2445 3754 in
2476 3724 2542 3754 vita
2562 3723 2702 3754 eiusdem

434 3771 595 3803 Athanasii
618 3771 702 3808 apud
723 3772 883 3801 Maurinos
908 3772 947 3801 ad
968 3772 1052 3803 hunc
1073 3782 1188 3804 annum
1203 3777 1273 3811 (ed.
1293 3785 1362 3807 ven.
1378 3779 1414 3808 T.
1438 3779 1463 3808 Ι.
1489 3787 1520 3816 p.
1546 3779 1615 3814 82.)
1633 3776 1803 3814 Ceteroqui
1826 3784 1866 3805 ne
1893 3775 2030 3811 Theren,
2053 3773 2092 3803 de
2119 3781 2184 3811 quo
2210 3772 2376 3810 ambigunt
2399 3772 2548 3802 Malfeius
2568 3771 2601 3801 in
2626 3772 2708 3812 adn.
2748 3772 2750 3785 ”

435 3826 468 3855 et
484 3824 674 3854 Mamachius
698 3825 732 3854 in
756 3826 878 3855 ratione
894 3826 1070 3863 temporum
1095 3828 1373 3861 athanasianorum
1391 3840 1422 3870 p.
1445 3836 1474 3868 8,
1496 3838 1613 3861 vanum
1630 3838 1696 3861 esse
1719 3829 1907 3860 vocabulum
1924 3828 2137 3858 existimemus
2151 3849 2159 3863 ,
2182 3825 2273 3856 docet
2295 3833 2353 3855 nos
2375 3826 2440 3863 ipse
2465 3824 2654 3855 Athanasius
2668 3826 2700 3855 in

433 3880 497 3910 vita
511 3879 542 3910 S.
557 3880 687 3910 Antonii
705 3887 736 3910 n.
751 3884 797 3917 86,
809 3880 863 3910 ubi
881 3880 998 3910 Chereu
1012 3882 1118 3918 (quod
1136 3882 1217 3912 idem
1233 3887 1380 3921 putamus
1392 3894 1429 3916 ac
1444 3886 1562 3916 Theren
1576 3887 1586 3922 )
1603 3885 1720 3916 dicitur
1735 3884 1837 3922 prima
1855 3884 1951 3915 statio
1973 3882 2012 3913 ab
2029 3881 2216 3933 &exandi-ia
2230 3890 2238 3910 ε
2258 3869 2317 3911 τὴν
2334 3870 2467 3918 πρώτην
2486 3871 2590 3917 μονήν
2608 3871 2703 3905 Ἀλὲ-
2722 3899 2724 3901 >

2753 1999 2811 2028 An.
2833 2003 2896 2029 ³⁶1.

2751 2643 2810 2672 An.
2830 2647 2904 2673 3621
