2970 4420
1398 197 1406 218 l

1209 283 1211 286 ·
1239 275 1295 309 tm
1327 275 1508 309 means.
2435 261 2452 306 1
2470 260 2486 306 1

253 365 329 412 illi
359 363 626 414 observant,
665 378 840 427 azyma
874 378 1065 428 nempe,
1094 361 1401 410 sabbatorum
1436 360 1692 412 ieiunium,
1719 361 2058 422 suffocatorum
2093 358 2465 422 indifferentiam
2484 398 2494 412 ,

251 440 625 505 eac-purgationes
648 452 693 486 et
717 440 1030 504 aspersiones,
1054 439 1303 501 seriarum
1337 451 1541 502 quartae
1565 450 1612 484 et
1632 449 1800 484 sextae
1833 437 2109 488 solutiones,
2139 450 2184 482 et
2217 439 2371 483 sancti
2400 455 2500 485 ma-

251 516 429 580 gnique
454 516 891 580 quadragesimalis
916 516 1090 562 ieiunii
1114 528 1158 562 et
1189 516 1396 579 reliqua,
1426 531 1548 579 quae
1576 526 1702 562 retro
1733 513 2047 578 singulariter
2072 525 2389 565 recensentur,
2418 531 2502 560 eoe-

254 605 334 639 tra
367 609 462 638 esse
485 604 531 638 et
555 592 715 638 aliena
751 607 782 638 a
799 592 911 654 fide
943 590 1238 643 orthodoxa,-
1267 603 1313 637 et
1346 590 1590 642 doctrina,
1615 602 1663 637 et
1697 601 1969 636 sanctorum
1998 590 2319 653 apostolorum
2351 590 2505 634 tradi-

254 669 398 715 tione.
436 671 526 721 Ita,
553 668 768 731 inquam,
796 668 970 725 sentio,
997 671 1147 717 donec
1171 669 1285 715 mihi
1308 668 1484 730 aliquid
1516 668 1577 715 de
1610 667 1776 714 Basilio
1800 667 1915 718 isto,
1940 667 1979 714 si
2007 666 2110 729 quis
2133 666 2270 712 fuerit
2289 701 2306 718 ,‚
2328 665 2508 711 codices

254 746 556 807 manuscripti
595 754 860 806 suggerent.
898 748 1107 799 Nicetae,
1143 742 1540 806 quemadmodum
1574 752 1621 790 et
1652 743 1863 790 Michaeli
1897 743 2426 806 constantinopolitano,
2463 751 2508 788 et

255 823 398 868 Leoni
431 821 785 874 archidiacono,
813 821 1056 884 respondit
1087 819 1375 868 Humbertus
1409 819 1681 873 cardinalis,
1708 822 1952 882 episcopus
1977 819 2125 864 Silvae
2151 818 2374 866 candidae
2389 836 2402 875 ;
2428 820 2509 880 qui

254 907 379 946 extat
414 899 474 946 ad
507 897 680 945 calcem
714 907 829 945 tom.
866 902 946 946 XI.
982 900 1191 951 Baronii,
1228 905 1277 944 et
1309 905 1438 944 tomo
1470 897 1546 944 Vl.
1586 898 1878 958 antiquarum
1913 896 2019 942 lect.
2056 896 2247 949 Canisii,
2283 897 2362 957 qui
2398 897 2512 956 haec

256 975 501 1022 Humberti
526 984 827 1022 monumenta
852 993 910 1023 ex
933 976 1148 1023 bavarica
1171 974 1454 1021 bibliotheca
1478 975 1794 1037 deprompsit,
1820 982 1866 1020 et
1888 974 2110 1034 vulgavit.
2146 974 2403 1027 Tractatus,
2429 975 2508 1036 qui

255 1055 303 1099 in
344 1054 531 1099 Graecia
563 1054 760 1105 exarsit,
798 1062 1097 1100 conservatus
1135 1061 1203 1099 est
1236 1053 1284 1097 in
1321 1051 1558 1114 plerisque
1599 1051 1757 1098 Italiae
1794 1051 2114 1102 bibliothecis,
2148 1050 2505 1102 mediolanensi,

255 1129 691 1191 cryptoferratensi,
718 1138 763 1176 et
791 1128 1058 1177 barberina.
1087 1128 1217 1174 Illius
1239 1127 1503 1174 meminisse
1527 1124 1817 1189 Sigebertum
1844 1127 1983 1173 tradit
2007 1127 2300 1178 possevinus,
2330 1128 2511 1188 posuis-

255 1221 400 1268 seque
424 1208 471 1252 in
508 1214 733 1268 apparatu
766 1223 860 1252 non
893 1217 945 1251 ut
980 1206 1194 1268 legatur,
1229 1204 1312 1250 sed
1336 1216 1389 1249 ut
1423 1202 1694 1266 ablegetur,
1723 1220 1832 1250 cum
1857 1203 1915 1248 de
1939 1202 2160 1266 coniugio
2185 1202 2505 1253 sacerdotum,

256 1285 405 1348 deque
427 1285 540 1331 alcis
562 1284 815 1335 eissusmodz
844 1285 894 1330 in
917 1284 1086 1347 qulbus
1110 1283 1282 1330 Graeci
1303 1295 1347 1329 et
1370 1283 1539 1330 Lati'nz
1557 1282 1862 1334 dt'stentzunt
1891 1295 2031 1346 agat.
2060 1284 2362 1345 Quamquam
2386 1284 2512 1345 quod

255 1379 440 1409 errores
464 1362 795 1408 Armeniorum
817 1372 1086 1425 oppugnat,
1116 1360 1308 1423 alzquzd
1314 1361 1532 1422 sortasse
1557 1361 1625 1406 ad
1647 1377 1745 1406 rem
1767 1360 1969 1407 dixerit.
1997 1362 2195 1413 Verum,
2220 1360 2392 1413 fateor,
2416 1369 2510 1406 tra-

257 1436 407 1474 ctatus
438 1429 523 1474 iste
556 1437 623 1473 est
659 1427 776 1473 adeo
810 1427 960 1472 tenuis
992 1426 1266 1488 enervisque
1301 1434 1347 1472 et
1374 1424 1633 1472 rationibus
1668 1426 1785 1471 adeo
1815 1427 2062 1488 incomptis
2088 1424 2432 1483 constabilitur,
2462 1434 2513 1470 ut

258 1505 357 1550 sine
391 1504 652 1550 animorum
683 1502 992 1555 offendiculo,
1029 1502 1244 1548 manibus
1275 1503 1485 1548 omnium
1527 1503 1612 1547 teri
1647 1504 1824 1563 possit,
1862 1511 1907 1548 et
1941 1503 2231 1565 potissimum
2265 1500 2511 1547 Humberti

220 1631 227 1641 .
258 1581 409 1641 Silvae
432 1580 654 1626 candidae
677 1580 977 1641 responsione
999 1579 1137 1626 docta
1170 1588 1216 1625 et
1239 1588 1448 1625 accurata
1473 1580 1724 1625 convulsus
1756 1587 1802 1625 et
1827 1579 2068 1625 refutatus.
2106 1580 2364 1625 Tractatum
2391 1579 2512 1625 eius-

261 1657 367 1703 dem
401 1656 461 1702 de
494 1671 655 1717 azymo
682 1655 900 1702 refutavit
932 1657 1111 1702 Hilario
1143 1656 1425 1709 monachus,
1453 1657 1665 1723 oratione
1689 1657 1748 1702 de
1772 1672 1889 1718 pane
1913 1658 2192 1702 Graecorum
2225 1657 2442 1717 mystioe,
2470 1666 2515 1703 et

262 1735 530 1780 Latinorum
563 1746 752 1792 azymo,
782 1731 906 1777 edita
939 1747 963 1778 a
997 1747 1072 1778 me
1105 1747 1267 1792 graece
1289 1741 1335 1779 et
1366 1732 1508 1778 latine
1540 1734 1589 1778 in
1622 1733 1776 1794 primo
1811 1740 1939 1778 tomo
1961 1734 2174 1778 Graeciae
2199 1732 2510 1784 orthodoxae,

261 1824 381 1870 quae
411 1809 597 1870 incipit:
638 1797 685 1851 ἓν
712 1797 784 1870 τῷ
812 1796 906 1868 μὲν
937 1795 1270 1852 διαλεΗΓεσθαι
1292 1821 1352 1869 με
1381 1821 1491 1871 περι
1525 1796 1675 1872 οῗρὛου
1709 1799 1956 1868 μυσΎικοῦ
1982 1800 2078 1852 τῶν
2102 1797 2393 1862 Ἑλλήνων,
2424 1823 2507 1852 και

260 1872 466 1948 ἀζύμου
494 1896 590 1927 των
619 1877 873 1936 Λατίνων,
903 1871 1120 1943 ἐδείχθη
1148 1897 1237 1945 μοι
1269 1873 1438 1947 λόγος
1467 1872 1577 1931 η’τοι
1612 1874 1843 1948 ἐξκῖνισις
1875 1874 2010 1935 τινος
2038 1873 2293 1938 Νικήτου,
2322 1875 2514 1944 πατρὸς

264 1952 313 2006 ἐν
347 1953 458 2011 τοῖς
482 1948 706 2008 Ἕλλησι
746 1949 1076 2015 σοφωτάτου,
1112 1950 1159 2005 ἔν
1195 1976 1231 2024 ῳ
1267 1952 1358 2024 μὲν
1393 1950 1570 2006 πολλοὶ
1605 1951 1728 2023 «περὶ
1769 1975 1866 2006 των
1902 1949 2162 2025 αξόμων
2146 1974 2190 2006 εν
2225 1952 2298 2024 τῷ
2334 1950 2509 2007 ὃείπνω

263 2028 360 2081 τοῦ
392 2026 622 2101 Χριστου
655 2027 823 2080 ταῦτα
857 2027 928 2088 εἷς
967 2026 1087 2088 τοὺς
1122 2031 1371 2090 Λατίνους
1413 2027 1690 2096 ἀφήγηται.
1735 2039 1848 2083 Cum
1889 2038 1946 2083 de
1984 2049 2183 2101 mystico
2228 2009 2515 2084 Graecorum

259 2128 411 2177 pane,
441 2124 485 2158 et
508 2112 792 2159 Latinorum
816 2128 987 2177 azymo
1012 2113 1311 2165 dissererem,
1339 2114 1496 2160 oratio
1520 2113 1644 2160 milei
1665 2114 1924 2176 quaedam,
1947 2114 2043 2160 sive
2064 2113 2299 2177 expositio
2320 2114 2516 2160 Nicetae

265 2189 540 2239 cuiusdam,
567 2189 728 2252 patris
753 2188 878 2235 inter
906 2190 1107 2236 Graecos
1133 2190 1399 2237 doctissimi
1407 2227 1417 2241 ,
1440 2202 1626 2237 ostensa
1652 2202 1742 2241 est,
1771 2191 1821 2236 in
1839 2207 1936 2253 qua
1963 2190 2042 2236 ille
2062 2191 2290 2253 pleraque
2315 2191 2372 2236 cle
2401 2207 2516 2255 azy—

266 2267 359 2313 mis
392 2266 443 2312 in
478 2281 624 2312 coena
657 2265 880 2317 Domini,
912 2265 998 2312 sed
1035 2265 1152 2313 haec
1193 2267 1416 2315 adversus
1455 2268 1653 2314 Latinos
1687 2268 1930 2316 discurrit.
1967 2270 2024 2314 Et
2065 2268 2211 2322 infra,
2246 2284 2353 2314 eum
2383 2279 2517 2316 vocat

268 2331 433 2406 ἄνδρα
465 2330 888 2404 πεπαιδευμένον,
924 2343 1077 2390 virum
1110 2343 1352 2390 eruditum
1386 2357 1430 2390 et
1465 2345 1672 2392 doctum.

397 2420 586 2482 Scripsit
623 2421 787 2473 etiam,
826 2427 876 2465 ut
911 2420 1107 2466 advertit
1141 2422 1441 2475 PossevinuS‚
1479 2422 1700 2468 adversus
1738 2438 1921 2468 errores
1960 2424 2313 2476 Armeniorum,
2351 2438 2516 2487 nempe

267 2484 438 2559 λόγον
476 2483 858 2542 στηλιτευτικον
893 2485 1023 2540 κατὰ
1057 2510 1145 2549 τῆς
1172 2511 1269 2542 των
1296 2488 1567 2581 Ἀρμενίων
1597 2486 1855 2562 αἱρέσεως.
1893 2499 2170 2545 Orationem
2192 2501 2517 2562 confutantem

271 2572 604 2619 Armeniorum
628 2572 879 2620 haeresim.
916 2567 971 2615 P.
999 2562 1098 2619 Tm
1124 2561 1418 2634 συΓχυὟικκν
1439 2588 1535 2620 Ιτων
1561 2563 1654 2617 δύο
1680 2564 1885 2630 φύσεων.
1916 2578 1967 2621 In
1991 2578 2222 2628 xaticana,
2244 2578 2348 2624 cod.
2377 2580 2512 2623 1205.

401 2637 520 2713 Περι
559 2662 648 2692 του
689 2638 777 2692 διὰ
809 2661 995 2710 χειρων
1032 2639 1335 2712 οἷστισασμου.
1371 2653 1438 2698 De
1471 2651 1749 2698 salutatione
1782 2668 1866 2714 per
1899 2669 2087 2700 manus.
2126 2648 2180 2695 P.
2211 2644 2360 2698 Ἀλλ’
2401 2641 2514 2696 οὐδὲ

275 2715 300 2767 ὁ
340 2712 430 2768 δια
465 2737 652 2786 χειρων
689 2714 976 2811 ἀσπασμόςυ
994 2721 1036 2782 (ι
1023 2717 1080 2778 ι.)

405 2789 545 2844 ΚαΤα
571 2793 815 2853 ΛαἺί,νων
847 2791 894 2844 ἔν
924 2796 1001 2851 οἷς
1031 2793 1427 2863 βλασφημοῦσιν
1465 2795 1536 2855 εἷς
1571 2794 1627 2848 ‘ro
1665 2818 1858 2872 πνευμοι
1891 2818 1948 2848 το
1993 2794 2175 2868 ἅγιον,
2204 2793 2483 2856 λεΤοντες’
2465 2818 2517 2848 εκ

274 2866 370 2921 τοῦ
399 2868 519 2920 υἷοῦ
543 2889 696 2920 τουτο
732 2866 1117 2942 ἐκπορεύεσθαι
1151 2878 1382 2924 Adversus
1414 2880 1696 2926 Latinorum
1721 2881 2039 2944 blasphemias
2067 2899 2117 2926 ιη
2141 2881 2374 2944 Spi'rztum
2407 2897 2518 2927 san-

274 2966 428 3004 ctum,
459 2965 772 2999 asserentium
795 2970 859 2998 εα-
889 2953 1012 2999 Filio
1036 2953 1461 3017 zllumprocedere,
1500 2946 1653 2999 Ρ.Τό
1685 2969 1792 3007 περι
1824 2971 1911 3000 του
1945 2948 2101 3021 ἁγίου
2133 2947 2404 3017 πνεύμαὟος
2435 2947 2519 3002 λε’-

275 3043 417 3095 γειν,
445 3043 554 3090 περι
588 3020 720 3073 θεου
746 3019 917 3087 λέγειν
955 3020 1103 3074 ἐστίν.
1137 3032 1193 3076 Et
1218 3031 1325 3077 hinc
1348 3031 1563 3078 videntur
1590 3033 1820 3095 desumpti
1843 3034 2098 3094 syllogismi
2123 3042 2282 3079 contra
2308 3035 2514 3087 Latinos,

276 3109 358 3169 qui
391 3108 611 3154 dicuntur
643 3116 799 3154 extare
823 3109 871 3153 in
895 3107 1176 3153 bibliotheca
1209 3107 1444 3160 bavarica,
1472 3109 1559 3155 sub
1581 3110 1763 3157 Nicetae
1788 3110 2019 3171 byaezintini
2054 3113 2241 3157 nomine
2267 3110 2515 3159 cod.120.

279 3186 428 3231 Huius
460 3186 571 3230 item
605 3187 744 3247 Hugo
777 3184 1079 3231 Aetherianus
1112 3187 1393 3231 mentionem
1419 3185 1525 3232 facit
1557 3187 1603 3231 in
1639 3202 1722 3232 suo
1747 3202 1890 3248 opere
1913 3196 2071 3233 contra
2097 3189 2292 3235 Graecos
2325 3204 2413 3250 pro
2437 3190 2520 3234 La-

281 3262 414 3315 tinis,
450 3263 537 3307 nisi
571 3262 688 3308 alius
720 3263 795 3307 sit.
834 3263 884 3306 Et
922 3263 1170 3308 verisimile
1204 3271 1296 3313 est,
1333 3263 1516 3309 Nicetae
1550 3264 1845 3324 cognomines
1879 3265 1925 3309 in
1959 3263 2038 3310 illa
2072 3264 2281 3316 civitate,
2317 3274 2364 3311 et
2397 3274 2519 3312 tanta

276 3337 610 3384 blaterantium
644 3339 920 3400 procacitate
945 3347 991 3399 et
1023 3340 1179 3400 copia,
1210 3339 1384 3385 multos
1408 3339 1570 3391 fuisse,
1597 3341 1676 3400 qui
1711 3355 1834 3386 nunc
1862 3338 2047 3387 obscuri
2073 3349 2208 3403 atque
2231 3341 2521 3388 illaudabiles

280 3413 370 3461 sub
403 3414 599 3476 pulvere
631 3414 922 3461 delitescunt.

410 3489 513 3536 Vidi
540 3498 802 3552 praeterea,
830 3507 934 3536 curn
962 3506 1115 3537 essem
1132 3491 1254 3536 Chii:
1286 3480 1483 3539 Naxn‘m
1509 3503 1738 3552 μοναχου
1771 3505 1851 3535 και
1885 3458 2218 3578 πρεσβυὛέρΝου
2246 3507 2336 3537 του
2365 3488 2520 3537 Στου-

285 3554 427 3619 διᾝου
460 3579 550 3610 του
589 3556 793 3613 ἐπίκλην
829 3556 1107 3615 Στκθοίτου
1145 3567 1268 3629 (non
1302 3567 1420 3613 bene
1453 3567 1675 3614 recordor
1707 3568 1884 3630 modo)
1920 3559 2049 3614 κατὰ
2080 3582 2249 3615 πευσιν
2281 3584 2362 3614 και
2400 3560 2519 3614 οἷπό-

285 3655 460 3705 κρισιν.
495 3643 691 3689 Nicetae
724 3643 968 3695 monachi,
995 3656 1039 3689 et
1071 3644 1336 3707 presbyteri
1358 3639 1542 3695 studii,
1570 3656 1875 3707 cognomento
1901 3645 2129 3697 Stetlzati,
2158 3646 2412 3694 secundum
2447 3647 2521 3693 in-

370 3761 420 3802 (1)
444 3759 630 3808 Scriptum
654 3760 726 3798 hoc
750 3761 899 3798 Nicetae
922 3761 1081 3798 Stethati
1106 3761 1194 3798 satis
1218 3761 1344 3805 breve,
1361 3760 1425 3798 sed
1449 3762 1657 3807 curiosum,
1676 3761 1859 3800 edidimus
1883 3773 1950 3800 nos
1974 3774 2057 3801 cum
2084 3764 2254 3813 operibus
2277 3764 2315 3800 S.
2335 3763 2533 3815 Theodori

287 3816 458 3855 studitae
482 3819 521 3856 in
546 3819 642 3857 Bibl.
668 3830 751 3856 nov.
778 3821 848 3856 PP.
874 3822 918 3856 T.
944 3822 988 3857 V.
1016 3826 1107 3868 part.
1136 3825 1171 3857 2.
1199 3831 1234 3868 p.
1265 3825 1342 3858 118.
1369 3824 1415 3858 Α.
1442 3822 1492 3857 Μ.
