2970 4420
266 1061 288 1090 Ι.
307 1064 351 1091 57.
372 1067 402 1092 a.

251 1810 274 1838 i'.
295 1814 338 1839 57.
359 1810 391 1839 b.

259 2484 279 2513 f.
299 2489 345 2514 58.
365 2492 393 2515 a.

251 3228 270 3256 i.
292 3232 337 3257 58.

454 287 547 333 430
578 284 613 311 ²*

443 381 529 425 δῶρα
554 376 663 419 δόντες
689 376 751 423 κᾷν
775 376 835 415 οῦκ
861 377 1062 424 ἐβούλοντο,
1081 383 1191 416 ταῦτα
1216 382 1249 416 δὲ
1275 381 1430 428 λέγοντες
1457 382 1538 430 πρὸς

441 440 519 481 τούς
546 439 757 483 στείλαντας.
782 441 922 490 Πρωτέα
946 443 1020 478 τινά
1040 443 1205 491 χερσαῖον
1233 438 1446 490 τεθεάμεθα,
1468 441 1540 482 δαί-

439 514 535 548 μονα.
553 501 586 536 ἐν
611 500 800 550 ἀνθρωπείῳ
827 501 927 543 δῆθεν
950 507 994 550 τῷ
1018 503 1194 553 σχήματι,
1214 503 1330 550 λόγοις
1355 504 1417 551 μὲν
1437 503 1539 540 ἀλλο-

438 562 650 610 πρόσαλλον,
667 563 746 601 εἴδει
765 566 800 601 δὲ
822 565 879 601 καὶ
896 563 1016 605 ἤθεσιν
1035 564 1274 614 ἀποτρόπαιον·
1291 568 1353 613 φεῦ
1373 568 1433 608 τῆς
1454 565 1537 603 ἀκα-

439 623 589 674 θαρσίας
614 629 674 662 τοῦ
700 627 868 675 σώματος·
886 630 949 676 φεῦ
973 630 1034 663 τῶν
1058 627 1243 675 σχημάτων
1268 626 1309 664 ὦν
1334 628 1536 677 ἑωράκαμεν·

440 689 504 735 φεῦ
527 690 587 724 τῶν
611 688 717 736 λόγων
737 686 776 724 ὦν
797 688 1006 736 ἀκηκόαμεν,
1028 686 1086 730 οὓς
1103 690 1163 724 καί
1185 689 1291 725 εἰπεῖν
1311 690 1388 738 ὑμῖν
1408 689 1537 738 αἴσχυ-

438 747 571 797 νόμεθα
594 751 652 786 καί
682 750 844 799 δεδιάμεν·
862 749 956 801 καθά
973 751 1039 799 γάρ
1058 752 1253 798 Σαλμονεύς
1276 750 1381 793 ἄλλος
1401 753 1437 787 ἐκ
1458 751 1536 800 βύρ-

438 825 503 853 σης
529 811 670 860 βροντᾷ,
689 812 781 849 ου’δὲν
806 811 948 859 ἐλπίζων
968 811 992 852 ἦ
1011 810 1233 861 λογιζόμενος
1259 813 1426 862 δεύτερον,
1447 815 1534 853 πλήν

437 871 516 909 ἀλλ’
542 873 677 923 ἐπείπερ
702 874 834 922 ἀνάγκῃ
857 873 987 915 πάντως
1007 872 1206 923 ἐπήρτηται·
1228 874 1411 910 συνελόντῑα
1428 864 1535 910 εἰπεῖν

376 932 380 938 ’
436 937 498 970 τῶν
523 935 697 984 εἶρημένων
718 935 799 983 ήμῒν
820 935 865 970 τοὶ
884 935 1072 982 κεφάλαια,
1092 938 1201 970 ταῦτα
1218 936 1236 971 ὁ
1256 935 1412 984 ἀλάστωρ
1437 934 1534 978 οὗτος

358 3229 387 3258 b.

437 997 495 1033 καί
520 999 642 1045 μιαρός
667 997 749 1046 πρὸς
773 997 867 1044 ’ἡμᾶς
899 995 1095 1044 ἐφθέγξατο
1122 996 1288 1044 τύραννος.
1313 998 1334 1014 “
1360 998 1419 1037 Μή
1445 997 1535 1033 ἀπα·

438 1086 456 1104 „
481 1059 567 1094 τάτω
593 1059 681 1107 ὑμᾶς
702 1059 718 1094 ὁ
741 1056 820 1099 θεός
841 1057 947 1105 ὑμῶν,
970 1058 1021 1107 ἐφ’
1043 1056 1067 1105 ᾧ
1086 1058 1275 1094 πεποίθατε
1300 1058 1473 1107 λέγοντες,
1496 1059 1534 1096 ού

434 1149 454 1165 „
478 1123 528 1168 μή
554 1119 733 1169 παραδοθῇ
748 1120 778 1158 ,η’
804 1120 902 1162 πόλις
929 1118 978 1161 εἷς
1006 1122 1132 1170 χεῖρας
1161 1120 1244 1168 ἐμοῦ
1275 1123 1333 1156 καί
1361 1124 1450 1168 λαοῦ
1475 1125 1535 1159 τοῦ

434 1210 453 1226 ,,
479 1182 632 1224 συνόντος
646 1190 715 1230 μοι·
731 1181 859 1223 πάντως
876 1182 933 1231 τήν
950 1182 1046 1218 πόλιν
1063 1181 1175 1230 αὔριον
1194 1182 1459 1231 καταλήψομαι,
1474 1184 1531 1219 καί

433 1272 454 1288 ,,
481 1245 602 1283 ταύτην
619 1243 774 1282 αἷοίκητον
795 1242 958 1292 θήσομαι·
977 1247 1047 1286 τοῖς
1070 1244 1199 1280 οἰκοῦσι
1220 1246 1254 1280 δέ
1276 1246 1313 1280 τό
1337 1244 1396 1294 ζῇν
1418 1249 1534 1293 φιλαν-

433 1333 452 1349 ,,
479 1305 617 1354 θρῶπως
634 1306 843 1355 χαρίσομαι,
861 1307 918 1342 καὶ
938 1306 1052 1342 ἄδειαν
1074 1306 1187 1355 δίδωμι
1201 1308 1357 1354 γυμνούς
1379 1306 1532 1351 ἐξελθεῖν

430 1396 450 1411 ,‚
477 1369 515 1403 ἐκ
538 1370 598 1409 τῆς
618 1368 762 1413 πόλεως,
778 1367 837 1404 ἕνα
858 1370 892 1404 δέ
909 1371 1040 1417 χιτῶνα
1061 1371 1117 1405 διοὶ
1133 1371 1190 1409 τήν
1207 1370 1308 1417 φύσιν
1329 1369 1460 1416 ἑκάστῳ
1481 1380 1534 1418 φι-

428 1458 447 1473 ,,
463 1430 718 1481 ’λοτιμήσομαν
745 1430 866 1466 κελεύω
891 1430 952 1466 καί
972 1433 1016 1478 τῷ
1037 1430 1224 1480 Σαρβάραζ
1244 1433 1302 1467 καί
1324 1434 1396 1473 τοῖς
1417 1447 1534 1480 περσι-

428 1519 446 1535 ,,
473 1493 544 1533 κοῖς
565 1492 839 1540 ἐκστρατεύμασι
860 1494 966 1540 μηδὲν
988 1493 1037 1535 εἷς
1059 1494 1148 1541 ὑμεῖς
1167 1492 1287 1536 θλίβον
1305 1493 1531 1538 ἐνδείξασθαι·

426 1580 445 1596 ,,
471 1552 629 1597 ἐξέλθετε
648 1553 752 1589 τοίνυν
770 1552 926 1602 καθάπερ
944 1554 1027 1603 ἔφην
1045 1553 1167 1596 εὐθέως
1186 1557 1245 1596 τῆς
1267 1555 1405 1597 πόλεως·
1421 1555 1531 1603 ἕτερον

428 1643 446 1659 ,,
473 1619 500 1651 δ’
527 1614 575 1651 ἔτι
603 1615 834 1664 φιλάνθρωπον
859 1622 938 1665 παρ’
961 1617 1047 1666 ἐμοῦ
1064 1618 1113 1665 μή
1133 1616 1309 1656 ἐλπίσητε·
1335 1620 1446 1653 ταῦτα
1469 1618 1531 1664 μὲν

428 1705 447 1721 ,,
472 1677 596 1720 ἐκεῖνος
614 1677 705 1722 εἶπε,
725 1679 782 1714 καί
800 1680 1056 1726 προσηπείλησε
1073 1678 1223 1728 μείζονα·
1240 1680 1457 1728 προστέθεικε
1478 1680 1531 1723 δὲ,

427 1766 446 1783 ,,
473 1738 522 1775 ὅτι
549 1739 579 1774 εἷ
610 1741 658 1788 μή
687 1739 811 1776 θοῖττον
837 1740 1045 1789 ἐξέλθωμεν,
1072 1739 1206 1782 πλῆθος
1232 1744 1366 1790 Περσῶν
1394 1755 1533 1790 συμμα-

426 1830 445 1845 ,,
467 1805 555 1851 χοῦν
577 1805 619 1849 τῷ
644 1804 784 1852 τυράννῳ
810 1806 873 1853 πρό
896 1807 957 1840 τοῦ
981 1804 1115 1853 τείχους
1139 1803 1304 1852 ὀψόμεθα
1323 1806 1384 1845 τῆς
1404 1804 1532 1846 πόλεως

426 1892 446 1908 ,,
471 1864 593 1914 αὔριον·
615 1865 673 1901 καί
696 1882 736 1914 γε
759 1867 817 1902 σύν
838 1864 990 1911 ἀληθεία
1010 1867 1145 1914 Πέρσας
1166 1867 1267 1914 *ἡμεῖς
1288 1866 1385 1902 αύτοὶ
1412 1865 1533 1902 τεθεά·

427 1955 447 1971 ,‚
473 1926 568 1975 μεθα
594 1928 781 1970 σταλέντας
807 1925 896 1976 παρ”
912 1927 1020 1964 αὐτοῦ
1047 1927 1252 1977 Σαρβάραζ,
1279 1929 1336 1964 καὶ
1365 1929 1451 1976 δῶρα
1475 1942 1532 1963 κο-

426 2017 445 2033 ,,
471 1988 657 2037 μίσαντας,
685 1987 741 2032 οὓς
766 1991 823 2026 καί
852 1989 1023 2032 συνθήκας
1050 1989 1180 2026 θέσθαι
1208 1989 1421 2038 ἠκούσαμεν,
1442 1988 1530 2025 ὥστε

425 2078 446 2095 „
471 2054 636 2090 σταλῆναι
658 2053 752 2100 παρά
770 2051 940 2095 Σκλάβοις
957 2051 1146 2099 μονόξυλα,
1163 2052 1222 2087 καί
1243 2051 1275 2087 ἐν
1292 2050 1410 2092 αὐτοῖς
1427 2064 1532 2097 στρα-

427 2141 448 2158 ‚‚
473 2114 529 2149 τόν
555 2116 711 2162 περσικὸν
732 2114 767 2149 ἐκ
789 2114 1007 2154 Χαλκηδόνος
1022 2113 1180 2162 -περάσαι
1207 2114 1266 2153 τήν
1292 2111 1491 2159 θάλασσαν.
1509 2140 1530 2157 ,,

475 2193 479 2196 ·
503 2175 548 2212 ιε’.
574 2177 692 2211 Ταῦτα
717 2177 778 2223 μέν
803 2178 847 2210 τοὶ
869 2177 1004 2226 Περσῶν
1030 2174 1141 2223 ἐζήτει
1167 2175 1233 2224 οὐχ
1261 2173 1529 2223 ὅτισυμμάχων

428 2234 535 2270 ε’δεῒτο
554 2236 574 2271 ό
589 2236 780 2285 βάρβαρος,
800 2239 848 2285 εγῆ
863 2238 931 2285 γάρ
947 2237 1006 2272 καί
1027 2235 1198 2272 θάλασσα
1218 2235 1318 2272 ἐθνῶν
1334 2235 1454 2285 ἀγρίων
1471 2236 1527 2272 ὄπ’

428 2297 536 2344 ἐκείνῳ
562 2300 769 2347 ταττομένων
797 2299 1012 2342 ἐπέπληστο,
1033 2299 1111 2334 ἀλλ’
1133 2297 1189 2334 ἵνα
1213 2299 1271 2339 τήν
1292 2299 1375 2347 πρός
1395 2299 1529 2346 Πέρσας

430 2359 603 2407 σύμφωνον
629 2360 735 2395 αὐτοῦ
759 2359 839 2395 καθ’
856 2361 947 2408 ’ἡμῶν
968 2358 1058 2408 δείξῃ
1081 2359 1246 2408 ὁμόνοιαν·
1266 2360 1383 2402 νυκτός
1401 2361 1434 2395 δὲ
1456 2374 1530 2406 γεν·

431 2419 552 2467 ομένης
572 2421 768 2459 ἐστάλησαν
790 2423 833 2457 τά
857 2421 1045 2470 μονόξυλα,
1068 2421 1310 2467 καίΣκλάβων
1331 2421 1464 2462 πλῆθος
1486 2424 1527 2457 δι’

431 2481 555 2518 ἐκείνων
576 2482 761 2526 ἐξέπλευσε
782 2482 922 2532 κομίσαι
945 2484 982 2518 τὸ
1003 2482 1041 2518 ἐκ
1063 2485 1194 2531 Περσῶν
1217 2484 1436 2532 συμμαχικὸν
1457 2483 1530 2518 ἐπι-

431 2543 608 2591 στάμενον·
627 2543 791 2583 πλείστην
812 2546 878 2592 γάρ
901 2545 933 2580 οἱ
955 2543 1107 2587 Σκλάβοι
1132 2547 1249 2593 πεῖραν
1274 2545 1336 2579 τοῦ
1361 2548 1528 2579 κατατολ-

428 2608 495 2652 μᾷν
523 2609 581 2648 τῆς
603 2606 790 2648 θαλάσσης
813 2606 1009 2655 εἰλήφασιν,
1031 2606 1126 2651 ἐξότε
1145 2610 1217 2649 τοῖς
1240 2607 1407 2655 Ῥωμαίων
1428 2606 1527 2642 αύτοί

428 2667 589 2705 ἐπέθεντο
621 2669 813 2718 πράγμασι·
845 2669 1009 2712 βασιλεύς
1041 2670 1095 2713 δὲ,
1121 2670 1178 2706 καὶ
1211 2670 1394 2719 ἶεράρχης,
1420 2670 1479 2706 καί
1510 2670 1528 2706 ὅ

428 2730 594 2773 βασιλέως
616 2731 788 2779 φυλάττων
811 2734 855 2768 τοὶ
873 2732 1081 2781 πράγματα,
1102 2732 1180 2774 τούς
1201 2735 1260 2768 τῶν
1280 2731 1450 2781 πρέσβεων
1470 2732 1528 2768 λό-

425 2807 507 2840 γους
538 2792 765 2839 ἀκούσαντες,
797 2795 1017 2839 στενάξαντες
1050 2793 1187 2838 βύθιον,
1216 2793 1268 2836 εἷς
1299 2794 1433 2842 οὐρανὸν
1466 2796 1527 2836 τοὶς

422 2857 547 2904 χεῖρας
570 2854 646 2903 όίμα
670 2858 774 2891 πᾶσιν
801 2855 967 2891 ἀνέτειναν
993 2859 1067 2897 τοῖς
1091 2859 1151 2898 τῆς
1178 2857 1304 2898 πόλεως
1331 2859 1351 2874 “
1377 2857 1528 2892 δυνάστα

426 2944 444 2959 ,,
469 2917 626 2964 λέγοντες
646 2917 735 2964 κύριε
757 2917 774 2952 ό
795 2921 880 2953 πᾶσι
901 2921 973 2958 τοῖς
994 2917 1216 2966 ὑπερηφάνοις
1232 2918 1526 2966 ἀντιταττόμενος,

426 3005 445 3021 ,,
471 2978 489 3014 o‘
516 2978 601 3026 ἔχων
627 2980 740 3014 πάντα
764 2971 914 3015 τοὶῘὸντα
939 2980 972 3016 ἐν
999 2984 1041 3030 τῇ
1064 2981 1150 3030 ῥοπῇ
1176 2984 1235 3016 τοῦ
1261 2980 1345 3017 ι’δίου
1372 2975 1527 3028 θελήμα-

426 3067 445 3082 ,,
472 3048 539 3081 τος·
560 3039 601 3075 οὗ
620 3042 657 3076 τό
685 3042 804 3091 κράτος
825 3041 1023 3077 ἀνείκαστον
1046 3044 1104 3078 καὶ
1127 3044 1185 3082 τήν
1208 3042 1406 3079 δεσποτείαν
1432 3042 1526 3079 ου’δέν

426 3129 445 3144 ,,
472 3102 710 3160 διαπέφευγεν,
728 3102 779 3139 ὅτι
802 3104 844 3139 τοὶ
866 3104 1051 3152 σύμπαντα
1071 3106 1175 3140 δοῦλα
1195 3119 1265 3149 σοι,
1282 3104 1426 3141 ἄκουσον
1448 3106 1526 3146 τούς

427 3191 447 3207 ,,
472 3163 595 3212 λόγους
623 3166 855 3212 Σεναχειρήμ,
885 3163 941 3208 οὓς
973 3165 1173 3202 ἀπέστειλεν
1207 3166 1367 3215 ὀνειδίζων
1397 3167 1437 3202 σε’
1470 3167 1525 3202 τὸν

426 3253 444 3268 „
471 3226 597 3261 πάντων
624 3226 841 3273 δεσπόζοντα·
865 3227 902 3262 οὐ
924 3228 991 3276 γάρ
1013 3227 1070 3262 ἐπὶ
1095 3227 1205 3272 τόξοις
1227 3228 1431 3276 ἐλπίζομεν,
1451 3227 1526 3263 οὐδὲ

428 3314 446 3330 ,,
470 3288 638 3336 ῥομφαίαν
673 3289 797 3337 ἔχομεν
830 3289 879 3330 εἷς
913 3290 949 3324 τὸ
983 3288 1178 3337 σώζεσθαι,
1204 3290 1296 3325 ἀλλά
1327 3291 1365 3325 σὲ
1399 3290 1524 3339 πύργον

427 3374 447 3389 ,,
474 3346 596 3396 ἰσχύος
616 3349 686 3385 ἀπό
705 3350 885 3398 προσώπου
907 3349 1038 3399 ἐχθρῶν
1063 3351 1227 3387 τοσούτων
1253 3349 1459 3399 κεκτήμεθα·
1482 3350 1524 3386 συ“

428 3435 447 3451 ,,
473 3409 594 3452 τοίνυν,
615 3411 844 3460 παντοκράτορ
867 3413 923 3447 καὶ
947 3412 1196 3460 παντοδύναμε,
1215 3413 1233 3447 0‘
1253 3410 1446 3459 καθήμενος
1466 3411 1526 3447 ἐπὶ

428 3496 447 3512 ,,
469 3470 661 3519 χερουβὶμ,
682 3474 738 3508 καὶ
762 3473 892 3516 βλέπων
913 3472 1106 3516 ἀβύσσους,
1127 3474 1242 3510 κάτιδε
1263 3473 1300 3510 ἐκ
1322 3472 1441 3523 θρόνων
1463 3473 1526 3517 βα-

427 3559 445 3574 ,,
473 3532 600 3567 σιλείων
628 3548 688 3569 σου
710 3535 767 3570 ἐπὶ
789 3535 889 3572 ε’θνῶν
910 3535 1028 3576 πλήθη
1053 3537 1103 3585 μή
1124 3536 1345 3584 γινωσκόντων
1367 3544 1416 3572 σε·
1436 3535 1524 3583 οἵπερ

426 3620 445 3635 ,,
471 3593 564 3639 ’ἡμᾶς
587 3593 624 3637 ἐξ
645 3595 811 3631 ἀνατολῶν
832 3598 890 3633 καὶ
913 3601 1046 3646 δυσμῶν
1072 3598 1340 3647 περιεκύκλωσαν
1364 3598 1523 3634 δέσποτα·

425 3681 445 3696 ,,
472 3654 528 3688 οὐκ
555 3653 713 3691 οἶδυνατεῖ
741 3671 793 3691 σοι
819 3659 886 3707 γάρ
914 3659 1034 3706 σώζειν
1055 3660 1088 3695 ἐν
1109 3663 1253 3702 πολλοῖς
1279 3659 1302 3700 ἢ
1326 3659 1359 3695 ἐν
1386 3660 1524 3707 ὀλίγοις·

425 3743 443 3758 ,,
469 3714 584 3755 ἐπειδή
602 3716 747 3765 πάρεστί
768 3733 837 3762 σοι,
856 3719 935 3755 ὅταν
958 3721 1101 3770 ἐθέλῃς,
1117 3724 1154 3759 τὸ
1172 3722 1347 3759 δύνασθαι·
1369 3723 1426 3758 καὶ
1448 3723 1525 3769 κρά-

425 3805 443 3821 ,,
470 3792 519 3812 τει
543 3776 722 3826 βραχίονός
745 3793 806 3814 σου
829 3780 879 3821 τίς
902 3782 1159 3827 ἀντιστήσεται,
1176 3785 1266 3832 κύριε
1285 3786 1303 3820 ὁ
1322 3784 1402 3826 θεὸς
1417 3785 1524 3831 &imin

365 3870 368 3875 ,
425 3866 444 3881 ,,
470 3839 519 3885 μή
543 3842 602 3884 δῷς
624 3841 660 3875 τό
683 3842 852 3887 σκῆπτρον
879 3844 938 3882 τῆς
965 3845 1065 3887 δόξης
1091 3858 1151 3881 σου
1178 3848 1250 3887 τοῖς
1275 3847 1328 3894 μή
1347 3845 1439 3890 οἶσι,
1456 3861 1525 3894 μη-

426 3927 446 3943 ,,
472 3902 506 3936 δὲ
534 3903 847 3950 κατισχυσάτωσάν
872 3918 932 3940 σου
959 3903 1135 3953 ἄνθρωποι·
1162 3906 1231 3943 ι’δού
1257 3908 1322 3955 γάρ
1350 3908 1420 3944 ἰδού
1448 3922 1525 3945 συν-

1147 306 1202 337 DE
1235 305 1463 337 onsnnonm
1493 304 2006 341 consummorouulu

1608 378 1694 416 dem
1718 391 1941 430 quamquam
1966 383 2173 423 noluissent
2196 385 2435 433 muneribus,
2462 385 2554 424 haec
2581 389 2706 423 autem

1609 439 1657 477 ad
1680 449 1742 478 eos
1768 440 1832 488 qui
1858 441 2036 480 miserant
2061 442 2279 487 referentes:
2310 446 2486 483 Proteum
2517 445 2703 494 quendam

1608 506 1817 540 terrestrem
1842 501 2023 548 vidimus,
2048 503 2090 540 in
2121 504 2283 543 humana
2313 507 2434 554 figura
2462 506 2705 551 daemonem.

1607 561 1774 599 oratione
1799 562 2096 609 inconstantem,
2123 566 2274 612 aspectu
2301 571 2344 604 et.
2367 561 2533 604 moribus
2560 577 2705 603 aversa-

1606 620 1738 658 bilem:
1758 621 1842 658 hem
1861 627 1999 670 quanta
2020 623 2183 671 corporis
2202 623 2476 664 immundities!
2499 626 2583 663 hem
2603 625 2703 674 quod

1605 681 1812 718 vestimenti
1845 678 1984 728 genus!
2017 682 2101 719 hem
2130 693 2151 719 a
2180 682 2288 720 nobis
2317 683 2464 721 auditos
2491 694 2702 729 sermones,

1606 749 1700 793 quos
1725 739 1827 776 vohis
1850 740 1984 778 referre
2010 746 2047 778 et
2074 749 2242 779 veremur
2265 746 2303 779 et
2326 742 2457 795 pudet!
2485 745 2578 781 Nam
2604 743 2705 781 velut

1606 798 1700 835 alter
1716 798 1935 836 Salmoneus
1951 799 1996 837 de
2013 800 2113 838 corio
2137 805 2262 845 tonat,
2282 800 2379 838 nihil
2397 801 2530 839 deinde
2552 812 2705 850 sperans

1606 862 1672 895 aut
1694 863 1888 905 reputans,
1905 858 1977 896 nisi
1995 858 2097 907 quod
2120 871 2141 896 a
2165 860 2386 899 necessitate
2406 871 2555 909 prorsus
2571 861 2706 910 depen-

1605 915 1681 953 det.
1706 917 1760 953 Ut
1782 916 1939 954 breviter
1957 918 2145 955 dictorum
2169 918 2252 956 eius
2274 919 2393 966 capita
2412 919 2634 966 referamus,
2649 919 2716 959 ita'

1607 974 1668 1012 bic
1691 975 1917 1014 detestabilis
1944 976 2185 1026 impurusque
2215 984 2397 1027 tyrannus
2423 978 2617 1028 nobiscum
2646 978 2704 1015 10-

1607 1040 1716 1072 cutus
1739 1041 1811 1073 est:
1834 1030 1855 1068 ἀ
1875 1047 1923 1073 ne
1948 1035 2108 1085 decipiat
2130 1048 2194 1074 vos
2218 1039 2319 1075 Dens
2343 1042 2478 1082 vester,
2502 1037 2563 1074 cui
2587 1037 2704 1075 conii-

1608 1110 1626 1127 »
1653 1093 1740 1132 ditis
1764 1094 1950 1140 dicentes,
1975 1107 2051 1133 non
2074 1096 2256 1134 traditum
2280 1096 2327 1133 iri
2351 1096 2481 1134 urbem
2508 1096 2548 1133 in
2571 1107 2722 1134 manusv

1608 1170 1624 1187 ›>
1654 1166 1754 1193 meas
1785 1156 1984 1204 populique
2014 1157 2079 1204 qui
2111 1167 2256 1194 mecum
2288 1162 2356 1193 est.
2383 1156 2546 1193 Omnino
2575 1155 2705 1194 urbem
2742 1184 2748 1189 .

1608 1230 1624 1246 n
1653 1223 1734 1252 eras
1758 1215 1921 1262 capiam,
1939 1226 2093 1263 eamque
2111 1215 2294 1254 desertam
2315 1206 2468 1254 faciam:
2485 1214 2629 1253 civibus
2652 1221 2705 1254 ta-

1608 1289 1624 1305 »
1654 1284 1739 1310 men
1765 1274 1966 1312 clementer
1989 1275 2102 1312 vitam
2127 1269 2308 1322 largibor,
2329 1276 2546 1322 copiamque
2570 1273 2704 1311 faciam

1608 1349 1624 1364 n
1652 1332 1764 1370 nudis
1796 1333 1890 1370 urbe
1921 1334 2105 1379 exeundi,
2138 1335 2211 1372 nisi
2249 1333 2351 1382 quod
2386 1324 2705 1378 unam-tunicam

1607 1402 1626 1424 u*
1653 1398 1807 1430 naturae
1831 1393 1948 1441 gratia
1970 1394 2172 1442 unicuique
2194 1388 2408 1431 concedam.
2434 1392 2621 1431 Mandabo
2643 1403 2708 1430 au-

1607 1468 1624 1485 »
1652 1457 1727 1490 tem
1751 1453 1971 1498 Sarbarazo,
1991 1455 2203 1501 persicoque
2228 1454 2422 1499 exercitui,
2439 1464 2487 1491 ne
2510 1452 2602 1501 quid
2626 1463 2705 1490 mo-

1608 1527 1625 1544 »
1651 1511 1779 1552 lestiae
1810 1512 1912 1559 vobis
1940 1512 2114 1550 inferant.
2147 1512 2334 1550 Discedite
2361 1513 2502 1561 igitur,
2531 1518 2576 1550 ut
2604 1511 2703 1557 dixi,

1607 1586 1624 1603 »
1651 1570 1743 1608 urbe
1764 1572 2007 1619 quantocius,
2026 1571 2169 1609 nullam
2195 1572 2352 1610 ulterius
2377 1572 2594 1610 clementiae
2618 1581 2703 1621 par-

1607 1647 1624 1664 »
1650 1636 1912 1680 tem·sperate.
1941 1634 2042 1670 Haec
2072 1631 2136 1669 ille
2164 1631 2279 1678 dixit,
2305 1637 2342 1669 et
2369 1632 2509 1669 maiora
2540 1631 2704 1669 minatus

1607 1707 1623 1724 n
1651 1697 1719 1729 est.
1746 1692 1846 1740 Quin
1874 1691 1984 1729 etiam
2012 1691 2181 1738 addidit,
2206 1690 2305 1739 quod
2330 1692 2404 1729 nisi
2428 1702 2580 1740 propere
2601 1701 2704 1729 exea-

1607 1766 1624 1783 »
1653 1761 1759 1796 mus,
1788 1752 1984 1788 Persarum
2017 1750 2296 1788 multitudinem
2330 1756 2489 1800 tyranno
2520 1750 2704 1788 auxilian-

1606 1827 1623 1844 ν
1651 1812 1747 1849 tium
1771 1817 1857 1849 ante
1882 1811 1984 1849 urbis
2012 1812 2157 1849 moenia
2184 1804 2266 1849 cras
2287 1811 2508 1849 videbimus.
2534 1812 2589 1849 Re
2612 1821 2703 1858 sane

1606 1887 1623 1903 n
1651 1883 1733 1909 vera
1758 1873 1887 1909 Persas
1910 1882 1979 1909 nos
2002 1871 2167 1910 vidimus.
2184 1871 2233 1909 ab
2251 1872 2333 1920 ipso
2348 1871 2548 1909 Sarbarazo
2570 1870 2707 1909 missos·

1606 1947 1624 1963 »
1652 1942 1738 1968 cum
1764 1930 1894 1976 donis,
1922 1931 1968 1968 ab
1992 1930 2125 1979 hisque
2152 1929 2282 1968 foedus
2305 1930 2442 1967 initum
2467 1929 2702 1974 audivimus,

1606 2004 1624 2021 n
1651 1994 1695 2025 ut
1719 2000 1739 2026 a
1764 1989 1902 2027 Sclavis
1928 1989 2164 2027 mitterentur
2197 1989 2418 2038 monoxyla‚
2450 1997 2705 2037 quorum'ope'

1606 2063 1623 2081 ι
1652 2049 1816 2096 persicus
1841 2049 1906 2097 qui
1930 2054 2010 2086 erat
2031 2047 2078 2086 ad
2101 2048 2370 2086 Chalcedonem
2395 2047 2575 2085 exereitus
2600 2057 2702 2085 mare

1604 2122 1623 2140 ν
1650 2109 1845 2146 traiiceret.
1879 2124 1896 2141 u
1944 2153 1946 2158 λ

1676 2171 1733 2204 15.
1760 2169 1860 2205 Haec
1884 2167 2220 2215 legatorumtverba
2240 2166 2403 2204 fuerunt.
2430 2168 2544 2204 Porro
2567 2165 2702 2203 exerci-
2743 2175 2747 2179 ·

1602 2231 1683 2264 tum
1710 2237 1731 2264 a
1756 2227 1878 2265 Persis
1902 2227 2138 2275 exposcebat,
2159 2237 2236 2264 non
2260 2225 2360 2275 quod
2382 2224 2621 2264 auxiliaribus
2644 2225 2701 2262 in-

1602 2285 1748 2334 digeret
1770 2286 1972 2333 barbarus,
1999 2298 2087 2324 nam
2112 2292 2208 2324 terra
2233 2297 2276 2323 ac
2301 2297 2420 2331 mare,
2443 2286 2558 2324 saevis
2582 2295 2700 2333 popu-

1601 2345 1650 2383 lis
1673 2347 1707 2383 ei
1731 2345 1906 2384 subiectis
1923 2346 2175 2391 redundabat,
2196 2346 2260 2383 sed
2285 2352 2328 2383 ut
2349 2356 2454 2390 suam
2475 2356 2559 2382 cum
2577 2346 2702 2382 Persis

1602 2410 1730 2441 contra
1756 2415 1824 2441 nos
1849 2399 2159 2452 conspirationem
2189 2404 2410 2442 ostenderet.
2440 2405 2557 2441 Nocte
2587 2403 2701 2452 igitur

1600 2464 1904 2511 superveniente,
1926 2464 2037 2502 missa
2061 2464 2163 2502 fuere
2188 2464 2403 2513 monoxyla‚
2424 2469 2461 2500 et
2484 2463 2698 2500 Sclavorum

1600 2528 1723 2561 turma
1744 2524 1785 2560 in
1805 2524 1878 2561 illis
1903 2525 2105 2571 navigavit,
2124 2530 2167 2561 ut
2182 2525 2377 2561 Persarum
2404 2523 2541 2560 auxilia
2565 2521 2698 2570 depor-

1602 2588 1780 2620 tarentur.
1808 2585 2031 2632 Magnopere
2056 2583 2155 2621 enim
2176 2583 2311 2637 experti
2334 2582 2445 2620 maris
2469 2581 2701 2630 audacesque

1600 2649 1690 2680 sunt
1713 2643 1856 2690 Sclavi,
1880 2655 1922 2681 ex
1947 2655 2021 2692 quo
2046 2654 2240 2683 romanum
2272 2643 2470 2692 imperium
2500 2646 2700 2690 coeperunt

1601 2701 1786 2741 infestare.
1814 2704 1893 2740 Iam
1917 2703 2135 2751 imperator,
2156 2713 2199 2740 ac
2223 2702 2387 2751 praesul,
2409 2707 2446 2739 et
2466 2699 2698 2749 imperatoris

1599 2760 1711 2798 rebus
1736 2767 1860 2799 custos
1882 2762 2131 2809 praepositus,
2154 2760 2290 2798 auditis
2311 2761 2536 2808 legatorum,
2558 2769 2698 2798 sermo-

1599 2820 1730 2864 nibus,
1750 2822 1908 2868 graviter
1925 2827 2135 2868 gementes,
2154 2831 2287 2858 manus
2311 2820 2351 2857 in
2375 2820 2521 2858 caelum
2542 2830 2626 2857 cum
2646 2820 2698 2857 ci-

1599 2880 1705 2917 vibus
1723 2881 1868 2918 cunctis
1884 2881 2106 2918 extulerunt.
2127 2896 2144 2913 α
2163 2881 2402 2923 Dominator,
2428 2874 2612 2926 dicentes,
2633 2878 2698 2916 do-

1601 2955 1619 2972 »
1646 2940 1767 2985 mine,
1791 2941 1855 2988 qui
1880 2940 2048 2987 superbis
2072 2940 2232 2985 resistis3
2250 2940 2315 2988 qui
2340 2939 2453 2977 habes
2478 2940 2602 2976 omnia
2627 2938 2698 2976 sub

1602 3016 1618 3032 »
1645 3005 1741 3037 nutu
1763 3000 1964 3037 voluntatis
1989 3005 2093 3044 tuae3
2111 3000 2218 3036 cuius
2244 2999 2405 3046 potentia
2429 2997 2697 3046 incomparabi-

1601 3076 1618 3092 »
1645 3060 1693 3097 lis
1719 3065 1793 3106 est,
1820 3060 1927 3097 cuius
1952 3059 2186 3096 dominatum
2211 3059 2308 3096 nihil
2328 3059 2443 3111 sugit,
2464 3061 2551 3107 quia
2570 3058 2695 3102 omnia

1601 3136 1617 3152 »
1646 3121 1810 3157 serviunt
1834 3120 2040 3165 tibi;·audi
2059 3120 2170 3157 'verba
2197 3111 2446 3157 Senacherimi
2473 3129 2566 3166 quae
2596 3118 2696 3155 misit

1602 3195 1618 3212 »
1645 3179 1714 3217 tibi
1747 3180 1966 3218 convicians·
1997 3180 2164 3219 omnium
2199 3179 2437 3217 dominatori:
2473 3180 2557 3215 Non
2594 3177 2694 3214 enim

1581 3236 1618 3271 N„
1646 3239 1806 3277 arcubus
1831 3239 2075 3285 confidimus,
2098 3250 2217 3287 neque
2238 3238 2402 3286 gladium
2427 3243 2595 3285 tenemus
2619 3246 2695 3286 quo

1600 3313 1618 3330 »
1645 3298 1848 3342 salvemur,
1866 3298 1932 3336 sed
1957 3304 1992 3336 te
2013 3298 2236 3355 muniminis
2256 3298 2390 3334 turrim
2416 3301 2542 3333 contra
2570 3295 2694 3332 hostes

1601 3373 1617 3390 ›·
1646 3363 1769 3395 tantos
1785 3357 1976 3395 habemus.
1998 3359 2055 3394 Tu
2071 3367 2157 3404 ergo
2176 3356 2393 3394 universalis
2408 3355 2566 3391 Domine
2584 3359 2694 3402 atque

1599 3432 1617 3449 »
1645 3417 1901 3463 omnipotenS,
1926 3417 1992 3464 qui
2016 3415 2122 3454 sedes
2148 3426 2260 3463 super
2283 3413 2496 3460 cherubim,
2521 3417 2557 3449 et
2583 3412 2692 3461 abys-

1599 3492 1617 3508 ι»
1644 3486 1706 3513 sos
1729 3475 1908 3523 despicis,
1926 3476 2064 3523 respice
2089 3474 2134 3513 de
2158 3473 2342 3522 regalibus
2365 3471 2515 3508 sedibus
2539 3472 2614 3508 tuis
2633 3482 2694 3509 su-

1600 3551 1616 3567 »
1645 3546 1709 3583 per
1742 3535 1909 3583 gentium
1945 3532 2245 3579 multitudinem,
2276 3542 2369 3579 quae
2398 3536 2435 3568 te
2468 3541 2543 3567 non
2578 3541 2693 3578 agno·
2751 3553 2755 3554 ν

1599 3610 1616 3626 n
1644 3600 1774 3639 scunt,
1796 3605 1963 3642 quaeque
1987 3605 2056 3631 nos
2080 3593 2127 3631 ab
2150 3593 2290 3630 oriente
2314 3596 2351 3627 et
2374 3601 2506 3628 occasu
2533 3591 2693 3627 circum-

1599 3670 1616 3686 »
1644 3653 1754 3700 dant,
1774 3654 1946 3691 Domine.
1967 3651 2095 3701 Neque
2113 3652 2211 3689 enim
2233 3655 2274 3687 tu
2293 3660 2368 3686 non
2389 3655 2491 3696 potes
2507 3650 2579 3687 sive
2597 3649 2694 3687 mul·

1599 3729 1616 3746 u
1643 3714 1714 3758 tis,
1741 3713 1821 3750 sive·
1839 3713 1989 3761 paucis,
2015 3712 2172 3750 salvare:
2200 3704 2286 3757 quia
2313 3708 2380 3747 tibi
2405 3708 2530 3753 adest,
2552 3709 2694 3756 quotie-

1598 3788 1615 3805 »
1645 3783 1825 3819 scumque
1850 3772 2029 3816 volueris,
2049 3768 2231 3818 potentia3
2258 3774 2295 3805 et
2316 3767 2527 3805 fortitudini
2551 3767 2692 3805 brachii

1598 3847 1615 3864 »
1644 3831 1698 3868 tui
1719 3832 1803 3879 quis
1821 3831 1987 3874 resistet,
2011 3828 2159 3867 domine
2185 3829 2286 3864 Deus
2304 3829 2449 3864 noster?
2468 3829 2522 3864 Nc
2537 3827 2601 3864 des
2619 3837 2694 3864 sce-

1597 3905 1615 3923 »
1643 3896 1767 3938 ptrum
1795 3889 1933 3937 gloriae
1951 3894 2036 3926 tuae
2055 3887 2115 3925 his
2139 3887 2204 3935 qui
2225 3897 2300 3924 non
2325 3892 2434 3933 sunt3
2453 3897 2572 3935 neque
2593 3896 2694 3934 prae-
