2970 4420
446 259 507 304 28
650 296 655 302 .
1385 272 1534 305 morus
1566 270 1743 304 ALLATn

445 355 631 406 urbem,
663 355 746 402 ubi
771 337 923 421 Lyczss*
949 357 1107 403 amnis
1140 356 1327 403 hiatum
1352 355 1721 402 terrae‘subiens
1750 357 2000 408 occulitur,
2030 357 2197 404 deinde
2213 358 2325 420 sere
2351 358 2555 422 quinque
2575 370 2685 422 post-

440 432 607 497 stadi'a
639 449 902 497 emergens,
933 434 1151 480 illabitur
1181 446 1227 480 et
1261 434 1358 497 ipse
1392 432 1442 499 in
1464 433 1797 478 Maeandrum.
1834 435 2056 481 Maximus
2085 437 2246 497 Tyrius
2282 436 2423 498 (diss.
2451 437 2570 483 VIII.
2601 437 2684 497 8.)

444 510 742 556 Maeandrum
767 527 953 573 quoque
984 521 1029 558 et
1063 514 1288 572 Marsyam
1317 518 1420 556 ante
1452 525 1592 570 quam
1625 510 1842 556 Celaenas
1873 513 2163 572 perveniant,
2196 521 2344 559 terrae
2375 512 2573 559 hiatibus
2604 528 2685 559 oc-

445 586 609 632 cultari
646 602 898 649 rursusque
923 595 1191 649 emergere,
1221 586 1430 632 oculatus
1463 586 1559 647 ipse
1591 587 1717 632 testis
1748 587 1977 633 enunciat.
2012 577 2216 650 Φρύγες
2246 579 2294 632 οἱ
2325 578 2432 650 περὶ
2467 578 2557 641 τοῖς
2594 583 2684 632 Κε-

447 664 631 727 λαινὰς
668 665 923 736 νεμόμενοι
960 667 1141 737 τιμῶσι
1177 662 1450 735 ποταμοὺς
1488 660 1608 727 30²0,
1641 663 1891 737 Μοίρσυαν
1927 687 2009 719 και
2055 660 2361 739 Μαίανδρον·
2398 665 2531 722 εἶδον
2566 689 2684 727 τους
2747 667 2751 671 ’

444 740 718 813 ποταμούς·
757 744 963 808 οἷφίησιν
1000 739 1184 802 αὐτους
1219 761 1348 807 πηγη
1391 745 1514 812 μιά,
1547 765 1572 797 η
1609 741 2043 813 ωροσελθοῦσα’
2024 765 2100 796 επι
2138 740 2203 798 τὸ
2233 742 2348 817 ὅρος
2383 743 2681 816 ἀφανίζεται

1764 815 1851 837 Νθί

445 818 576 872 κατοὶ
606 817 759 872 νώτου
788 843 874 880 της
903 817 1123 880 πόλεως,
1155 813 1343 891 καῦθις
1382 814 1636 871 e’n3t3ot’
1617 840 1668 871 εκ
1695 840 1782 871 του
1816 840 1994 879 αστεος
2023 816 2271 874 ὃιελουσα
2297 821 2407 882 τοῖς
2434 843 2684 892 ποταμοις

447 894 532 948 καὶ
571 894 628 948 τὸ
669 892 799 968 v'3w4>
837 918 919 948 και
953 919 1015 948 τα
1045 893 1283 965 ονόματα
1314 894 1338 945 ὁ
1374 890 1465 963 μὲν
1505 892 1581 948 ἔπι
1614 892 1809 955 Λυδίας
1842 895 1977 967 ῥεῖὸ
2017 894 2395 970 Μαίανδρος,
2372 922 2394 950 ο
2432 894 2483 950 ’δὲ
2524 896 2687 950 αὐτοῦ

445 994 556 1044 περι
595 995 656 1025 τα
670 969 836 1026 πεδία
865 972 1208 1025 αναλίσκεται·
1239 968 1431 1023 θύουσι
1458 970 1684 1067 Φρύγες
1691 971 1801 1032 τοῖς
1828 972 2105 1041 ποταμοῖς,
2137 973 2183 1025 οἱ
2218 972 2311 1044 μὲν
2345 972 2684 1046 ἀμφοτέροις,

448 1049 494 1100 οἱ
524 1045 581 1101 δὲ
612 1048 682 1121 τῷ
709 1045 1018 1121 Μαιάνδρου,
1049 1047 1096 1099 οἱ
1137 1044 1189 1098 32
1227 1069 1295 1119 τῳ
1331 1046 1573 1134 Μαρσύα·
1603 1046 1685 1101 καὶ
1722 1046 2050 1118 ἐμβαλλουσι
2088 1048 2152 1102 τοὶ
2184 1054 2341 1122 μηρία
2373 1051 2444 1111 εἷς
2477 1049 2567 1111 τὰς
2603 1073 2688 1106 πη-

444 1148 577 1219 γας,
617 1125 999 1196 ἐπιφημίσαντες
1034 1120 1259 1192 τοῦνομα
1292 1123 1386 1176 τοῦ
1418 1125 1654 1196 ποταμοῧ
1672 1167 1683 1187 ,
1722 1122 1943 1198 ὁποτέρῳ
1984 1122 2192 1180 ε’·θυσαν
2231 1125 2592 1195 ἀπενεχθέντα
2629 1122 2682 1178 δὲ

447 1198 530 1254 ε’πι
564 1200 620 1254 τὸ
658 1202 801 1272 ὄρος,
838 1223 919 1253 και
963 1198 1212 1254 ὑποὸύντα
1245 1200 1319 1268 τῷ
1354 1197 1533 1262 &San-1,
1572 1201 1671 1255 οὔτ’
1709 1198 1770 1256 οἳν
1808 1199 1905 1254 ε’«ωι
1939 1200 2025 1256 τᾶν
2060 1200 2315 1275 Μαρσύαν
2353 1200 2587 1258 ἐκδοθείη
2622 1225 2688 1256 τα

443 1279 537 1331 τοῦ
571 1275 905 1350 Μαιάνδρου,
937 1273 1047 1329 003
1083 1275 1159 1330 ἐπὶ
1199 1274 1282 1331 τὸν
1321 1276 1619 1352 Μαίανδρον
1654 1277 1719 1331 τοὶ
1752 1278 1847 1332 τοτ’]
1880 1276 2150 1351 Μαρσύου·
2184 1279 2226 1332 εἷ
2266 1276 2315 1331 3⁹
2347 1279 2539 1348 αμφοιν
2578 1276 2685 1341 είη,

444 1352 757 1432 διαιροῦνται
788 1352 848 1407 ‘r3
877 1319 1049 1427 3590v.
1087 1364 1182 1419 Qui
1206 1365 1428 1410 Celaenas
1462 1365 1679 1410 accolunt
1704 1363 1942 1428 Phryges,
1968 1365 2150 1425 fluvios
2184 1365 2300 1411 duos
2326 1367 2574 1428 Marsyam
2608 1382 2687 1411 co·-

444 1441 546 1485 lunt
573 1441 999 1502 Maeanwdrumque
1031 1457 1230 1503 quorum
1256 1441 1352 1504 ipse
1375 1452 1611 1504 spectator
1621 1440 1727 1502 fut
1756 1441 1863 1486 Duo
1887 1440 1942 1485 hi
1949 1441 2100 1501 fluvii
2122 1458 2146 1486 e
2157 1442 2300 1503 sonte
2324 1453 2544 1488 oriuntur
2567 1458 2684 1490 uno.

442 1515 528 1577 qui
558 1533 664 1561 cum
698 1516 767 1561 ad
798 1529 1001 1562 montem
1029 1518 1257 1580 processit
1291 1534 1435 1580 usque
1454 1555 1465 1568 ‚
1496 1512 1574 1563 ad
1604 1517 1914 1581 posteriorem
1949 1517 2080 1563 urbis
2104 1529 2321 1581 partem,
2359 1534 2406 1564 se
2444 1518 2691 1572 subduci't;

442 1609 697 1656 rursusque
722 1611 785 1639 ex
811 1594 924 1639 urbe
947 1594 1124 1645 oritur,
1154 1594 1385 1657 si'mulque
1410 1611 1587 1657 aquam
1613 1594 1869 1658 distinguit
1883 1594 2059 1657 fluviis
2081 1607 2126 1639 et
2150 1611 2335 1641 nomen.
2370 1597 2519 1657 Atque
2541 1613 2605 1642 ex
2630 1595 2690 1641 iis

441 1669 631 1731 quidem
666 1670 870 1733 Lydiam
904 1671 1164 1717 Maeander
1190 1672 1337 1734 petit,
1378 1673 1501 1718 alter
1535 1671 1710 1718 ibidem
1746 1672 1795 1717 in
1829 1671 2010 1736 campis
2041 1672 2248 1733 finitur,
2287 1687 2346 1717 ac
2378 1673 2685 1718 consumitur.

441 1745 533 1791 His
554 1747 727 1807 fluviis
761 1764 860 1792 rem
894 1747 1107 1794 divinam
1147 1748 1360 1812 Phryges
1387 1749 1622 1810 faciunt:
1659 1748 1751 1795 alii
1784 1748 1972 1811 utrique
2004 1748 2172 1799 simul,
2210 1764 2418 1794 seorsum
2457 1764 2561 1795 vero
2600 1748 2693 1794 alii

441 1824 725 1876 Maeandro,
755 1827 1050 1888 Marsyaeve.
1083 1828 1283 1872 Femora
1318 1826 1537 1873 victimae
1570 1843 1692 1889 quae
1725 1837 1988 1877 mactatur,
2021 1826 2069 1871 in
2095 1825 2280 1887 sontes,
2311 1825 2478 1872 addito
2511 1826 2692 1885 alteru-

441 1900 563 1946 trius
597 1901 676 1946 cui
698 1914 941 1948 mactatur
968 1903 1113 1965 fluvii
1143 1903 1352 1954 nomine,
1379 1902 1886 1966 proiiciitntur„()uae
1910 1918 1941 1948 a
1961 1897 2120 1964 fluvio
2145 1902 2213 1948 ad
2230 1906 2434 1948 montem
2467 1902 2690 1964 deserun-

442 1989 522 2022 tur
555 1994 723 2040 usque,
755 1979 840 2024 ubi
869 1979 954 2025 sub
989 1995 1167 2042 aquam
1201 1980 1564 2042 demerguntur:
1597 1996 1680 2025 nec
1713 1995 1924 2042 unquam
1941 1979 2034 2041 fit,
2063 1990 2115 2024 ut
2139 1995 2262 2041 quae
2290 1978 2551 2043 Maeandro
2576 1994 2690 2024 ,ma-

445 2066 577 2100 ctata
603 2068 735 2106 sunt,
765 2059 1012 2120 Marsyam
1030 2069 1221 2120 petant,
1252 2070 1338 2103 aut
1362 2074 1483 2120 quae
1507 2060 1731 2121 Marsyae
1754 2056 2055 2103 Meandrum.
2083 2057 2210 2102 Nam
2235 2055 2278 2102 si
2300 2056 2544 2118 utriusque
2565 2055 2683 2106 sint,

445 2132 665 2179 dividunt
691 2134 949 2181 victimam.
978 2137 1032 2182 Et
1056 2138 1283 2197 Marsyam
1306 2137 1354 2181 in
1379 2137 1552 2198 Lycum
1575 2135 1877 2198 postmodum
1907 2135 2210 2195 degenerare,
2239 2133 2390 2180 habeo
2414 2150 2467 2180 ex
2492 2135 2547 2188 Q.
2575 2135 2691 2180 Cur-

446 2210 496 2255 tii
530 2209 654 2256 libro
679 2213 757 2257 Ill.
791 2214 833 2257 1.
875 2214 1083 2258 Ceterum
1117 2212 1349 2274 quamdiu
1384 2213 1513 2259 intra
1548 2228 1706 2258 muros
1726 2212 1874 2273 fluit,
1904 2227 2072 2271 nomen
2105 2227 2242 2257 suum
2266 2210 2452 2256 retinet.
2489 2213 2550 2256 At
2582 2226 2689 2256 cum

445 2297 590 2333 extra
623 2288 919 2334 munimenta
953 2306 1000 2334 se
1034 2290 1192 2340 volvit,
1223 2289 1405 2347 maiore
1439 2290 1486 2336 vi
1518 2305 1576 2335 ac
1608 2290 1728 2334 mole
1762 2300 1981 2352 agentem
2015 2287 2190 2338 undas,
2219 2289 2397 2352 Lycum
2426 2287 2685 2350 appellant.

445 2363 565 2408 Hinc
599 2364 768 2425 colligo
802 2367 975 2426 Lycum
1008 2367 1086 2427 qui
1121 2375 1167 2412 et
1199 2368 1427 2428 Marsyas,
1456 2367 1636 2428 saepius
1670 2367 1715 2411 in
1750 2374 1899 2412 [errae
1932 2366 2106 2412 viscera
2142 2373 2406 2426 penetrare,
2441 2379 2690 2425 rursusque
2735 2410 2740 2412 .

445 2441 554 2487 inde
588 2452 800 2488 exortum
834 2459 918 2505 per
952 2453 1136 2506 apertos
1170 2461 1355 2507 campos
1387 2445 1631 2507 expatiari,
1657 2443 1786 2506 quod
1811 2432 1981 2490 mirum
2006 2443 2131 2490 haud
2165 2442 2424 2496 videbitur,
2453 2442 2489 2487 si
2517 2441 2603 2488 soli
2633 2441 2691 2486 il—

445 2517 537 2563 lius
571 2527 732 2565 nalura
758 2521 1090 2567 consideretur.
1129 2523 1279 2577 Quare
1305 2522 1363 2567 de
1389 2521 1480 2567 alio
1514 2521 1703 2567 flumine
1726 2521 1926 2573 Cadmo,
1953 2520 2117 2566 iisdem
2141 2529 2278 2581 alque
2304 2520 2452 2580 Lycus
2485 2517 2700 2572 fontibus⁴

447 2595 681 2650 exiliente,
705 2597 861 2643 scribit
887 2598 1050 2644 Suabo
1074 2599 1157 2646 lib.
1183 2602 1238 2645 X.
1271 2598 1341 2661 (p
1371 2600 1480 2645 578.
1495 2599 1509 2660 )
1533 2586 1842 2661 “Ῡ·περκει7αι
1874 2584 1927 2640 32
1958 2610 2045 2648 της
2074 2584 2427 2647 Λαοδικείας
2409 2582 2526 2657 ἄρος
2555 2582 2691 2638 Ka3—

446 2685 571 2732 μος,
603 2663 663 2734 εξ
700 2660 756 2716 οὐ
794 2688 875 2717 και
912 2666 935 2718 ὁ
967 2664 1132 2727 Λύκος
1167 2666 1275 2740 ῥει,
1304 2688 1383 2719 και
1424 2664 1592 2726 ἀλλος
1622 2662 1883 2736 ὁμώνυμος
1918 2664 1991 2737 τῷ
2027 2659 2149 2736 δ’ρει·
2179 2662 2235 2716 τὸ
2269 2661 2424 2717 πλέον
2455 2657 2688 2723 δεοὺτος

451 2735 548 2791 ὕπο
582 2763 680 2812 γης
713 2738 880 2814 ῥυεις,
913 2738 997 2795 εἶτ
1028 2741 1294 2812 ανακύψας
1331 2764 1584 2797 συνεπεσεν
1623 2741 1692 2801 εἷς
1727 2737 1887 2794 ταῦτὸ
1922 2763 2033 2802 τοις
2070 2738 2262 2800 ἄλλοις
2298 2761 2576 2810 ποταμοις,
2608 2761 2688 2809 εμ·
2717 2767 2724 2775 ·

449 2820 634 2879 φαινων
665 2817 773 2888 ἁμα
806 2815 864 2871 τὸ
897 2817 1206 2894 πολύτρητον
1241 2843 1326 2875 την
1360 2819 1561 2893 χώρας,
1591 2842 1672 2872 και
1711 2816 1771 2871 τὸ
1802 2816 2069 2872 εύσειστον·
2103 2838 2141 2870 ει
2175 2837 2275 2889 ’γαρ
2313 2839 2391 2877 τις
2424 2813 2565 2873 ἄλλη
2603 2838 2684 2868 και

447 2914 473 2947 η
503 2891 784 2948 Λαοδίκεια
813 2893 1092 2959 εὐ’σειστος,
1122 2920 1204 2950 και
1237 2920 1366 2958 της
1354 2894 1731 2970 πλησιοχώρου.
1774 2895 1903 2964 (Και
1943 2894 2044 2967 μετ’
2078 2894 2252 2960 ὀλίγα.
2270 2894 2284 2959 )
2323 2890 2521 2963 Σχεδὸν
2547 2890 2613 2946 32'
2640 2915 2686 2945 τι

449 2966 703 3032 εόσειστός
742 2994 845 3026 εστι
882 2996 962 3026 και
1002 2996 1137 3026 πασα
1165 2998 1190 3031 η
1220 2996 1326 3047 περι
1359 2973 1443 3029 τὸν
1472 2970 1770 3046 Μαίανδρον
1805 2995 1951 3046 χωρα
1980 2994 2061 3025 και
2098 2969 2344 3042 ὑπόνομος
2372 2975 2493 3043 πυρί
2521 2992 2571 3022 τε
2601 2991 2684 3022 και
2755 2976 2758 2979 ’

449 3042 595 3100 ὕδατι
625 3047 781 3122 μέχρι
810 3050 896 3110 της
923 3050 1205 3120 μεσοΓαιᾞας
1242 3061 1400 3123 Supra
1433 3059 1719 3105 Laodiceam
1752 3058 1871 3104 situs
1904 3069 1971 3103 est
2006 3074 2137 3103 mons
2175 3057 2399 3106 Cadmus,
2428 3071 2453 3100 e
2482 3071 2573 3117 quo
2599 3056 2690 3118 Ly-

448 3149 529 3179 cus
564 3134 754 3196 defluit,
786 3148 988 3199 itemque
1023 3137 1149 3183 alius
1182 3150 1339 3183 monti
1360 3154 1442 3200 cog
1422 3136 1676 3187 σ”,ηοιηιηις
1705 3136 1791 3199 qui
1821 3153 1926 3181 cum
1959 3134 2095 3181 haud
2122 3149 2300 3196 exiguo
2328 3143 2483 3195 spatio
2512 3138 2690 3177 terram

449 3211 659 3263 subiQens
690 3229 943 3276 rursusque
973 3230 1236 3278 emergens,
1267 3214 1461 3276 reliquis
1495 3209 1752 3260 misceatur
1773 3211 2086 3274 fluminibus
2116 3210 2262 3256 simul
2287 3221 2331 3254 et
2365 3207 2527 3254 multis
2542 3208 2699 3269 sora--

448 3286 656 3333 minibus
672 3290 889 3351 perviam
915 3291 1205 3337 demonstrat
1226 3307 1321 3337 esse
1339 3291 1594 3355 regionem,
1617 3302 1662 3335 et
1685 3289 1944 3336 obnooeiam
1968 3300 2125 3334 terrae
2148 3286 2374 3337 motibus,
2397 3297 2441 3330 et
2466 3285 2689 3332 viciniam

450 3363 579 3409 item.
617 3367 673 3410 Et
705 3382 830 3413 mox.
867 3370 980 3413 Fere
1003 3381 1164 3414 autem
1190 3380 1290 3415 tota
1324 3369 1392 3415 ad
1411 3368 1727 3415 Maeandrum
1752 3366 1883 3430 regio
1898 3365 2056 3428 facile
2089 3362 2447 3411 terraemotibus
2482 3363 2692 3408 concuti-

451 3451 550 3490 tur,
581 3452 626 3485 et
658 3443 895 3490 cuniculos
929 3444 1070 3491 habet
1107 3446 1216 3510 igne
1250 3458 1294 3491 et
1327 3461 1457 3508 aqua
1487 3445 1649 3509 plenos
1679 3460 1824 3507 usque
1849 3443 1917 3489 ad
1939 3441 2303 3488 mediterranea.
2340 3440 2428 3486 Sed
2460 3439 2689 3501 quidquid

450 3517 509 3562 sit
532 3516 590 3561 de
614 3517 727 3571 hoc,
756 3528 859 3565 ante
883 3536 1021 3582 quam
1047 3523 1139 3568 alio
1164 3524 1314 3569 oratio
1340 3521 1584 3584 procedat,=
1611 3521 1861 3567 invisamus
1883 3533 2250 3579 veneremurque
2282 3517 2510 3578 templum
2538 3516 2691 3578 ipsum

449 3592 685 3639 Michaelis
707 3596 1206 3654 munificentissimum,
1235 3599 1362 3661 quod
1384 3600 1564 3645 Nicetas
1590 3596 1726 3644 nobis
1750 3595 2077 3644 centerraneus
2098 3594 2183 3641 lib.
2211 3595 2370 3648 V1,in
2393 3608 2489 3655 quo
2515 3592 2574 3639 de
2593 3595 2691 3640 Ma-

452 3670 589 3715 nuele
619 3671 925 3732 imperatore,
954 3678 1110 3735 paucis
1143 3683 1481 3738 repraesentat:
1519 3688 1611 3719 και
1641 3663 1726 3718 τόν
1762 3660 2156 3735 αρχαγγελικόν
2194 3660 2307 3717 ναὸν
2339 3657 2504 3715 εἷσιων
2524 3657 2691 3755 μεγέ-

457 3733 528 3789 θει
558 3734 811 3807 μεΤιστον,
841 3761 922 3790 και
957 3739 1142 3794 κάλλει
1175 3741 1456 3797 κάλλιστον
1488 3739 1635 3805 ὀ’,ντα
1665 3764 1747 3795 και
1785 3738 2066 3811 θαυμασίας
2092 3735 2267 3809 χειρὸς
2297 3733 2491 3791 ἅπαντα
2522 3733 2714 3809 ἕηργον

452 3812 517 3855 Et
551 3811 716 3856 aedem
750 3810 1032 3896 archangeli
1052 3816 1385 3899 magni‘tudine
1416 3831 1711 3868 maximam,
1735 3812 2100 3879 pulchritudine
2108 3810 2502 3877 pulcherrimam,
2532 3821 2577 3855 et
2602 3809 2696 3856 ad—

453 3886 692 3934 mirabi'lis
725 3904 914 3935 omnino
948 3889 1084 3957 artis
1064 3907 1146 3938 cti
1179 3908 1323 3958 opus,
1345 3891 1600 3955 ingressus
