2970 4420
459 275 522 321 lili
1401 292 1551 323 morus
1585 291 1761 322 ALLA‘m

457 375 542 421 lib.
572 376 690 421 VIII.
719 376 808 429 46;
843 385 889 422 et
924 375 1140 423 libentius
1173 378 1248 423 hic
1289 375 1526 429 exscribO,
1565 385 1616 422 ut
1649 376 1946 439 deploratum
1980 379 2139 432 locum
2172 396 2261 444 ope
2294 383 2595 446 manuscripti
2627 397 2708 430 co-

455 453 571 497 dicis
604 453 866 499 restitutum
901 454 1274 516 philopolyaenis
1314 452 1532 498 indicem.
1570 453 1699 498 Illius
1737 468 1849 515 ergo
1887 457 2163 504 narrationis
2200 459 2480 521 principium
2514 460 2576 506 ita
2615 459 2705 522 legi

455 528 609 575 debet.
651 517 884 591 Θεμιστώ
924 524 1182 593 Κρίθωνος
1220 518 1475 573 οἷανθίου
1498 517 1755 593 θυγοίτῆρ·
1790 518 1974 593 ταότῆς
2008 520 2105 615 ῆ’ρα
2138 522 2466 596 Φρικοὸήμου
2499 525 2595 579 τοῦ
2625 548 2706 579 τυ-

454 593 634 667 ροίννου
671 619 788 657 παις
821 599 1008 650 Φίλων·
1037 595 1268 689 τύραννος
1307 593 1475 666 {givet
1506 595 1625 668 πρὸς
1660 594 1831 669 γάμον
1859 621 1943 654 τῆν
1975 597 2136 669 κόρῆν·
2168 601 2192 654 ὁ
2199 624 2380 690 Νπατῆρ
2412 601 2701 675 ἀντέλεγεν·

456 673 479 725 ὁ
515 671 752 747 τύραννος
787 672 904 733 τούς
941 670 1081 733 υἱους
1116 672 1211 725 τοῦ
1245 675 1510 745 Κρίθωνος
1545 671 1858 735 οἷιωοσποὶσας
1893 674 1938 728 ἐν
1975 671 2093 746 ἕψει
2130 699 2219 730 του
2254 677 2458 771 «πατρὸς
2493 678 2576 732 καὶ
2611 702 2701 739 τῆς

456 750 643 822 μῆτρὸς
677 747 940 822 παρέβαλε
971 752 1185 839 θῆριοις
1202 770 1436 811 πεινωσι,
1464 771 1549 806 τῆν
1587 746 1639 802 δὲ
1679 748 1828 821 κόρῆν
1865 750 2164 846 οἶποσποίσᾳς
2198 752 2422 808 ἐπετέλει
2452 753 2577 827 πρὸς
2605 753 2703 828 γοί-

453 850 559 897 μον.
596 825 823 897 ΘεμισὙώ
855 824 941 878 διὰ
968 825 1052 881 τὴν
1089 822 1348 881 dsoisnnv‘
1324 825 1686 899 υποκριναμένῆ
1718 827 1869 898 ξίφος
1900 826 2207 900 εἷσεκομισεν
2241 849 2329 887 etc.
2365 842 2494 887 Tanti
2520 841 2703 888 sceleris
2760 826 2763 830 ⁴

455 917 653 963 poenas,
683 910 728 947 et
761 901 957 947 xiolatae
992 900 1226 960 religionis
1260 900 1487 961 supplicia
1522 909 1676 947 narrat
1709 901 1930 948 idemmet
1963 904 2219 965 Polyaenus
2251 905 2442 953 ibidem.

580 980 700 1023 XIX.
739 977 1002 1038 Agathoclis
1032 978 1295 1037 syracusani
1324 979 1508 1038 tyranni
1543 979 1718 1033 affinis,
1745 980 1840 1025 sive
1865 995 2025 1026 servus
2048 981 2142 1027 sive
2177 981 2413 1038 adulator,
2442 983 2598 1044 quiin
2627 990 2703 1029 tu-

451 1056 602 1102 multu
645 1055 946 1101 alexandrino
989 1054 1209 1101 adversus
1251 1054 1583 1115 Agathoclem,
1627 1056 1740 1102 dum
1783 1056 1949 1118 plenus
1990 1058 2206 1120 crapulae
2243 1060 2509 1122 Agathoclis
2548 1068 2704 1122 partes

452 1141 690 1186 tueretur,
736 1131 794 1177 ab
836 1130 1076 1183 hostibus,
1122 1130 1322 1177 admotis
1363 1132 1698 1187 mucronibus,
1743 1133 2007 1196 configitur.
2055 1137 2106 1181 In
2149 1138 2373 1198 excerptis
2413 1153 2468 1184 ex
2507 1136 2702 1198 Polybio

451 1210 558 1256 hist.
585 1201 683 1257 XV.
721 1209 827 1272 (ed.
857 1209 1062 1254 Gronov.
1088 1210 1137 1253 T.
1167 1209 1224 1254 II.
1255 1224 1303 1270 p
1334 1211 1444 1255 997.
1467 1209 1480 1270 )
1516 1199 1616 1252 Καὶ
1654 1200 1970 1272 παραλαβὼν
2001 1201 2344 1276 Ἀγαθοκλῆς
2379 1226 2498 1263 τους
2534 1202 2702 1270 wyse-

451 1300 550 1338 νεις
578 1274 797 1338 ποίντας,
827 1272 954 1331 πλῆν
988 1278 1246 1337 Φίλωνος,
1277 1281 1357 1332 ἧκε
1386 1299 1506 1372 προς
1535 1300 1618 1332 τον
1649 1275 1895 1343 βασιλέα.
1930 1291 1987 1335 Et
2021 1305 2068 1350 p.
2102 1291 2249 1335 1001:
2286 1302 2381 1334 των
2413 1302 2521 1352 γαρ
2543 1280 2703 1351 Ἀγα

448 1352 706 1414 θοκλέους
744 1352 994 1435 ὑπῆρετων
1032 1374 1114 1404 και
1155 1351 1386 1408 κολάκων
1421 1375 1499 1414 τις
1538 1352 1698 1426 ὄνομα
1728 1358 1930 1419 Φίλων,
1966 1356 2169 1428 ἐξῆλθε
2207 1356 2500 1430 κραιπαλων
2537 1355 2608 1418 εἷς
2641 1354 2702 1409 τὸ

451 1427 676 1484 στωίδιον·
716 1434 862 1490 οὖτος
892 1429 1099 1501 θεωρων
1127 1451 1213 1485 τῆν
1250 1427 1404 1504 ὁρμῆν
1438 1452 1534 1484 των
1572 1429 1775 1500 όχλων,
1803 1427 1909 1486 εἰπε
1939 1456 2060 1506 προς
2090 1433 2207 1495 τοὺς
2241 1456 2591 1527 παρεστωτας,
2622 1430 2698 1486 σ’τι

448 1507 605 1561 πάλιν
635 1506 814 1568 αὗτοις
844 1503 1067 1580 καθαπερ
1102 1530 1185 1560 και
1221 1505 1414 1580 πρώῆν,
1447 1504 1530 1562 ἐαν
1561 1508 1907 1583 Ἀγαθοκλῆς
1946 1508 2178 1582 ἐξέλθῆ,
2212 1507 2575 1581 μεταμελήσει·
2607 1533 2703 1564 των

449 1581 495 1636 ὃ
535 1606 882 1645 ακουσαντων,
921 1583 967 1636 οἱ
1004 1581 1094 1654 μὲν
1134 1581 1507 1656 ἕωελοιδόρουν
1545 1584 1729 1647 αὐτὸν,
1767 1585 1813 1637 οἱ
1853 1582 1905 1639 δὲ
1943 1585 2228 1660 προώθουν·
2268 1584 2700 1682 ἐπιβαλλομένου

434 1659 497 1714 δ’
537 1659 859 1733 ἀμύνεσθαι,
894 1658 1096 1730 ταχέως
1135 1661 1180 1713 οἱ
1219 1658 1309 1733 μὲν
1343 1685 1430 1718 τῆν
1467 1659 1726 1733 χλαμύδα
1760 1661 2146 1760 ωερξέῤῥῆξαν,
2185 1663 2231 1716 οἱ
2271 1661 2323 1717 δὲ
2361 1687 2452 1725 τας
2487 1661 2701 1738 λόγχας

446 1743 864 1834 τωροσερείσαντες
902 1736 1244 1810 ἐξεκέντῆσαν·
1284 1734 1391 1809 ἅμα
1428 1736 1482 1791 δὲ
1519 1762 1588 1811 τῳ
1625 1762 1804 1794 τουτον
1847 1740 1917 1802 εἷς
1957 1763 2015 1794 το
2059 1739 2213 1811 μέσον
2255 1741 2538 1798 ἑλκυσθῆναι
2580 1740 2700 1809 μεθ’

450 1814 573 1889 υβρε
581 1840 643 1877 ως
683 1813 755 1868 ἔτι
795 1821 1097 1890 σπαίροντα
1134 1838 1217 1868 και
1257 1812 1559 1887 γεύσασθαι
1595 1839 1660 1870 τα
1692 1815 1886 1875 ωλνῖθῆ
1924 1815 2110 1883 φο’,νου
2145 1840 2324 1880 παντες
2363 1814 2702 1891 ἐκαραδόκουν

446 1917 532 1951 τῆν
568 1917 663 1947 των
702 1892 880 1947 ἄλλων
915 1898 1208 1964 παρουσίαν
1244 1904 1299 1948 Et
1333 1903 1597 1950 Athenaeus
1630 1902 1715 1950 lib.
1748 1905 1824 1951 VI.
1865 1904 1973 1966 (ed.
2003 1904 2195 1951 Casaub.
2223 1907 2273 1950 T.
2303 1906 2340 1950 I.
2369 1920 2417 1966 p.
2446 1904 2559 1950 251.
2582 1902 2706 1965 >di-

448 1981 741 2043 pnosophist.
778 1996 831 2027 ex
867 1981 976 2041 Poly
971 1979 1047 2025 bii
1070 1979 1195 2026 libro
1222 1980 1403 2027 decimo
1433 1990 1601 2042 quarto
1626 1981 1792 2036 refert,
1820 1983 1900 2043 qui
1928 1981 2070 2029 hodie
2094 1982 2300 2029 decimus
2326 1982 2516 2043 quintus
2540 1981 2706 2026 inscri-

448 2058 600 2111 bitur,
631 2058 822 2104 fortasse
856 2070 1138 2119 μνῆμονικω
1168 2045 1497 2142 ἁμαρὛῆμαὛιΝ·
1528 2048 1574 2103 ἐν
1603 2045 1655 2101 δὲ
1683 2049 1745 2118 vi?
1767 2071 1972 2123 τεσσαρε
1956 2046 2309 2119 ε-σκαιὸεκοίτῆ,
2329 2045 2704 2108 ἈΓαθοκλέους

452 2126 546 2179 τοῦ
583 2124 842 2186 Οἷνανθῆς
881 2125 1026 2187 υἶου,
1066 2122 1273 2197 ἑταίρου
1312 2122 1365 2178 δὲ
1404 2148 1491 2178 του
1529 2123 1897 2200 Φιλοπατορος
1924 2124 2187 2191 βασιλέως
2222 2130 2446 2180 Φίλωνα.
2482 2135 2609 2189 Quae
2641 2134 2704 2179 ita

394 2273 396 2275 Ι
448 2213 587 2258 wertit
629 2212 968 2273 Dalecampius.
1007 2211 1142 2257 Idem
1188 2211 1308 2257 ltbro
1342 2213 1469 2258 XIV.
1514 2211 1680 2257 scri‘btt
1719 2211 1997 2276 Agathocles
2026 2211 2140 2273 fillo
2180 2222 2521 2275 assentatorem
2543 2209 2706 2271 satsse

452 2275 632 2335 Oenam
662 2304 762 2352 regt
794 2287 1096 2351 Plztlopatort
1129 2288 1393 2334 Plztlonem
1402 2301 1526 2334 znter
1559 2305 1738 2335 amteos
1764 2288 2077 2353 adscriptum.
2114 2289 2240 2335 Nihil
2275 2290 2444 2335 minus.
2483 2288 2594 2343 Quis
2619 2287 2705 2333 iste

449 2366 609 2412 filius'
598 2382 644 2411 m
668 2366 892 2412 historia?
919 2367 1030 2420 Quis
1051 2367 1223 2419 Oenas,
1245 2367 1325 2427 qui
1351 2368 1448 2428 regi
1468 2366 1755 2428 Philopatori
1780 2367 1981 2412 amicus?
1999 2366 2213 2412 Auctoris
2237 2367 2349 2412 haec
2373 2373 2441 2411 est
2462 2363 2700 2411 sententia.

450 2444 578 2489 Idem
605 2443 728 2490 libro
756 2444 938 2490 decimo
971 2452 1138 2505 quarto
1171 2443 1331 2489 scribit
1362 2443 1606 2505 Agathocli
1630 2443 1892 2490 Oenanthes
1925 2442 2047 2498 filio,
2080 2443 2230 2490 sodali
2259 2442 2378 2490 vero'
2397 2435 2706 2504 Philopatoris

449 2522 593 2583 regis,
632 2522 874 2567 Philonem
910 2521 1048 2566 fuisse
1083 2521 1255 2567 scilicet
1291 2521 1581 2567 adulatorem
1616 2521 1911 2581 Agathoclis,
1945 2536 2040 2567 non
2074 2520 2398 2582 Philopatoris.
2435 2521 2582 2565 Porro
2615 2518 2706 2564 Oe-

450 2598 671 2644 nanthem
714 2606 911 2645 matrem
951 2597 1090 2644 fuisse
1132 2597 1431 2659 Agathoclis,
1475 2613 1531 2644 ex
1573 2597 1763 2645 historia
1806 2605 1986 2644 certum
2025 2605 2109 2643 est.
2151 2598 2245 2644 Nec
2285 2595 2447 2642 abnuit
2486 2591 2707 2655 Polybius

449 2676 614 2722 eodem
650 2677 771 2722 loco.

576 2755 676 2799 XX.
715 2753 965 2800 Adulatori·
986 2754 1168 2800 Philoni
1197 2755 1404 2800 Gnatona
1435 2755 1659 2800 miserum
1684 2753 1878 2807 addam,
1907 2754 2118 2800 convivia
2146 2752 2346 2799 aliorum
2374 2757 2704 2812 aucupantem,

448 2810 492 2876 et
526 2832 909 2893 quotiescumque
946 2847 1040 2877 non
1077 2841 1346 2887 vocaretur,
1374 2832 1655 2878 ieiunantem
1686 2832 1952 2885 Philonem,
1988 2831 2037 2876 in
2073 2846 2214 2892 quem
2249 2845 2346 2876 non
2379 2828 2569 2891 illepide
2599 2827 2708 2874 lusit

448 2909 669 2954 Martialis
700 2909 924 2971 epigram.
955 2908 1039 2955 lib.
1069 2910 1123 2955 V.
1155 2910 1233 2955 147.

835 2987 1093 3049 Nunquam
1127 3003 1176 3032 se
1206 3002 1425 3033 coenasse
1458 2986 1613 3032 domi
1615 2985 1768 3038 Plzt‘lo
1802 2998 1957 3033 zarat:
1986 2998 2031 3032 et
2062 2984 2148 3031 lz'oc
2180 2997 2274 3037 est,-

931 3065 1039 3110 Non
1078 3076 1270 3115 coenat,
1301 3063 1482 3128 quoties
1513 3079 1650 3110 nemo
1685 3075 1867 3111 νοσανιι
1897 3080 2022 3110 eum.

575 3142 695 3187 XXI.
735 3143 788 3187 In
822 3142 1004 3187 civitate
1038 3156 1197 3188 sumus
1228 3156 1438 3188 romana.
1476 3142 1544 3188 Ne
1576 3141 1892 3203 egrediamur,
1922 3142 1967 3186 ni
1999 3142 2129 3203 prius
2162 3156 2217 3186 ex
2255 3154 2308 3185 ea
2340 3153 2529 3200 quoque
2554 3135 2712 3183 Philo-

449 3232 529 3262 nes
553 3218 600 3263 in
634 3218 839 3264 medium
873 3219 1133 3266 afferamus.
1171 3219 1330 3280 Aeque
1354 3234 1555 3281 namque
1588 3217 1708 3265 bene
1745 3218 1904 3271 cedet,
1933 3219 1970 3264 si
2002 3217 2516 3278 utramquecivitatem
2545 3229 2571 3260 a
2603 3213 2717 3271 Phi-⁴

448 3293 635 3339 Ionibus
654 3295 919 3342 decoratam
944 3297 1259 3343 ostendemus.
1297 3298 1361 3342 Sit
1386 3300 1500 3359 erg‘o
1525 3298 1575 3343 P.
1605 3296 1832 3343 Curiatius
1858 3294 1992 3340 Philo
2019 3310 2125 3340 cum
2148 3296 2209 3340 M.
2241 3292 2445 3339 Genucio
2468 3291 2711 3352 Augurino

450 3371 612 3418 consul
646 3386 768 3417 anno
799 3374 909 3419 V.C.
948 3374 1108 3420 CCCX.
1145 3375 1327 3420 Horum
1363 3389 1509 3420 annus
1550 3372 1808 3420 tribuniciis
1841 3370 2217 3418 contentionibus
2253 3368 2565 3417 turbulentus
2601 3368 2713 3419 fuit,

451 3448 683 3507 creatique
718 3457 825 3494 sunt
858 3458 956 3495 tum
982 3452 1187 3512 primum
1212 3449 1389 3515 tribuni
1414 3451 1513 3497 mil.
1542 3449 1774 3497 consulari
1803 3457 2054 3512 potestate,
2083 3446 2282 3492 habente
2310 3445 2496 3492 comitia
2521 3445 2572 3490 C.
2601 3445 2715 3491 Cur-

450 3525 531 3570 tio.
570 3524 724 3569 Livius
758 3524 842 3570 lib.
871 3527 946 3572 lV.
976 3529 1222 3590 principio.
1262 3529 1365 3574 Scio
1399 3528 1720 3589 Onuphrium,
1750 3535 1796 3572 et
1829 3526 2064 3588 Sigonium
2091 3524 2332 3570 adnotasse
2356 3538 2412 3569 ex
2436 3525 2706 3571 auctoritate

383 3616 385 3618 ·
449 3600 671 3646 Varronis
705 3607 750 3645 et
783 3601 1036 3648 siculorum
1064 3604 1316 3659 fastorum,
1343 3604 1565 3650 mendose
1599 3605 1648 3649 in
1674 3604 1804 3650 Livio
1835 3603 1931 3665 legi·
1951 3600 2175 3648 Curiatius
2211 3615 2298 3662 pro
2331 3601 2507 3647 Curtio.
2547 3601 2636 3647 Sed
2660 3601 2708 3645 in

453 3686 578 3723 tanta
612 3678 830 3723 varietate
865 3680 1107 3726 consulum
1142 3681 1280 3728 huius
1314 3683 1448 3736 anni,
1474 3683 1578 3743 quis
1608 3697 1774 3728 verum
1809 3678 2065 3727 divinabit?
2089 3678 2224 3724 Certe
2259 3679 2304 3723 in
2341 3677 2449 3723 illis·
2465 3693 2709 3725 recensen-

452 3754 524 3800 dis
558 3753 728 3800 diversi
760 3762 866 3800 sunt
898 3757 1169 3816 Dionysius,
1197 3759 1456 3813 Diodorus,
1484 3756 1810 3818 CassiodoruS,
1842 3765 1887 3803 et
1922 3755 2017 3802 alii.

581 3831 723 3876 ΧΧΠ·
762 3832 818 3886 Q·
854 3830 1044 3879 Publius
1077 3834 1131 3888 Q
1160 3836 1211 3880 F.
1243 3836 1299 3891 Q.
1327 3838 1386 3882 N.
1414 3836 1548 3883 Philo
1583 3850 1706 3882 anno
1737 3835 1849 3881 V..C
1878 3833 2113 3880 CCCCXV.
2149 3792 2337 3879 consul.
2347 3847 2454 3880 cum
2482 3834 2534 3879 Τ.
2561 3832 2717 3879 Aemi.
