2970 4420
0 374 2 390 '⁴
0 359 1 362 Α
0 5 18 337 Ψ-Ὕῂ-’ἱ-ζὶζὶγ

1215 268 1480 304 rasurum.
1587 313 1590 316 Α
2439 275 2488 306 xi

697 403 759 444 De
790 404 927 442 nostra
955 397 1282 441 heortastt‘carnm
1310 397 1636 458 interpretatione
1658 400 1776 448 atque
1806 395 1990 437 editione.

309 523 432 570 vlll.
470 518 699 584 Equidem
729 531 837 564 sero
870 515 1008 562 nimis
1038 515 1097 562 ad
1120 529 1196 561 me
1231 514 1296 561 cl.
1329 515 1549 562 Curetoni
1585 513 1790 574 syriacus
1823 511 1947 559 liber
1981 528 2037 559 ex
2073 512 2483 574 Anglia'advenit;

198 619 303 667 quo
327 611 486 650 tamen
510 598 701 645 demum
726 601 917 658 accepto
934 629 946 648 ,
974 594 1155 640 nullam
1187 607 1337 655 prope
1371 605 1555 638 moram
1581 591 1974 653 interponendam
2006 592 2199 652 putavi,
2233 590 2487 653 quominus

208 683 281 729 his
309 678 524 744 pretiosis
549 674 788 730 Athanasii
822 672 1031 736 epistolis
1060 671 1282 718 volumen
1315 670 1408 717 hoc
1440 677 1599 716 meum
1632 669 1809 730 syriace
1848 668 1987 715 simul
2020 669 2255 731 latineque
2287 685 2484 716 exorna-

204 772 328 805 rem.
366 754 587 802 Converti
617 768 694 800 me
727 753 886 813 itaque
920 750 980 797 ad
1016 748 1345 813 peritissimum
1380 747 1557 811 patriae
1591 746 1778 808 linguae
1815 747 2097 792 maronitam
2136 762 2328 808 syrum,
2369 748 2486 793 Mat·-

210 833 401 880 thaeum
426 831 736 878 Sciahuanum
752 864 764 881 .
791 829 839 875 in
864 827 1048 875 urbano
1072 823 1403 889 propagandae
1427 822 1538 871 fidei
1572 823 1771 886 collegio
1800 823 2065 886 linguarum
2095 825 2299 886 syriacae
2323 833 2369 870 et
2393 839 2487 870 ara-

203 911 338 959 bicae
363 909 734 957 laudatissimum
758 915 1120 958 antecessorem,
1147 903 1228 965 qui
1252 902 1346 948 mei
1374 916 1510 949 causa
1538 896 1889 948 athanasianum
1912 909 2090 948 textum
2115 904 2163 948 in
2188 901 2487 948 vernaculam

210 989 436 1036 Italorum
467 988 678 1050 linguam
712 984 981 1032 fidelissime
1012 979 1263 1029 transtulit.
1301 979 1527 1026 Ordinato
1559 980 1701 1042 igitur
1735 978 2078 1042 explanatoque
2102 980 2284 1040 syriaco
2316 987 2443 1025 textu
2469 1014 2481 1033 ‚

212 1067 486 1114 latinitatem
510 1080 600 1128 ego
622 1062 818 1126 simplici
846 1061 928 1110 sed
956 1060 1109 1108 veraci
1135 1055 1394 1106 admodum
1422 1056 1532 1127 stilo
1557 1056 1726 1110 adieci,
1761 1057 1963 1118 gestiens
1991 1056 2166 1102 scilicet
2194 1056 2308 1102 tanti
2336 1056 2484 1103 eccle-

209 1145 304 1191 siae
338 1144 484 1207 patris
515 1142 807 1189 luculentum
843 1148 890 1187 et
927 1137 1126 1202 perutile
1161 1134 1386 1181 dictatum
1422 1123 1644 1181 romanae
1679 1133 1816 1186 urbi,
1856 1132 1938 1180 ubi
1964 1141 2011 1180 et
2041 1134 2213 1196 partim
2245 1142 2484 1180 exaratum

211 1221 384 1274 fuerat,
406 1221 538 1282 quasi
565 1206 770 1283 ἕρμαιον
796 1215 1182 1264 iucundissimum
1220 1209 1458 1258 exhibere.
1502 1212 1683 1257 Etenim
1726 1211 1903 1260 nullam
1945 1210 2168 1258 hactenus
2192 1246 2204 1265 ,
2251 1227 2310 1258 ne
2355 1220 2484 1258 extra

207 1297 426 1359 Angliam
460 1296 676 1358 quidem,
705 1293 990 1342 athanasiani
1016 1289 1126 1336 libri
1158 1289 1330 1335 factam
1361 1288 1712 1335 translationem
1738 1290 1986 1341 existimo,
2025 1288 2097 1334 vel
2126 1304 2177 1335 ea
2214 1297 2339 1335 certe
2369 1288 2483 1334 mihi

203 1383 454 1437 conspecta
488 1388 585 1420 non
617 1381 688 1419 est
718 1373 1047 1418 Verumtamen
1083 1366 1143 1413 ad
1179 1366 1239 1412 cl.
1278 1365 1520 1411 Sciahuani
1555 1365 1851 1412 vernaculam
1888 1367 2320 1429 interpretationem
2354 1365 2485 1427 quod

203 1454 367 1499 attinet
390 1486 402 1503 ,
441 1450 614 1498 diserte
650 1452 688 1496 is
720 1447 962 1500 declarat,
1000 1461 1048 1493 se
1077 1445 1275 1491 omnino
1308 1451 1608 1506 peraccurate
1641 1444 1689 1489 in
1730 1459 1812 1489 sua
1849 1443 2175 1490 lucubratione
2214 1452 2450 1490 versatum
2467 1478 2486 1496 ‚.

205 1529 253 1575 id
280 1537 350 1576 est
370 1527 571 1575 verbum
600 1542 748 1590 paene
771 1526 832 1572 de
857 1521 1005 1571 verbo
1032 1521 1323 1569 transtulisse
1339 1555 1351 1575 ,
1388 1521 1517 1567 omni
1543 1519 1628 1566 sibi
1660 1519 2000 1583 paraphraseos
2035 1522 2219 1568 licentia
2255 1522 2478 1583 praecisa.

207 1605 352 1652 Simul
384 1614 540 1652 tamen
561 1612 750 1656 monet,
787 1602 1011 1663 quoniam
1035 1599 1161 1648 ‚olim
1197 1597 1319 1646 liber
1351 1599 1556 1660 syriacus
1588 1597 1696 1644 rudi
1721 1598 1931 1645 minerva
1955 1598 2015 1645 de
2045 1614 2213 1660 graeco
2246 1598 2485 1669 derivatus

204 1683 323 1733 fuit,
359 1681 564 1726 voluisse
597 1687 744 1724 totam
778 1678 918 1725 huius
950 1677 1270 1724 transformati
1295 1684 1447 1723 textus
1469 1677 1707 1722 insuavem
1737 1675 1843 1721 licet
1872 1675 2159 1722 locutionem
2190 1677 2451 1738 exprimere
2469 1710 2480 1727 ,

196 1759 247 1802 in
273 1771 365 1818 qua
390 1772 526 1817 syrus
547 1755 807 1802 monachus
830 1755 1133 1802 hellenismos
1156 1770 1292 1817 saepe
1318 1754 1535 1806 adscivit,
1556 1768 1693 1803 usum
1716 1753 2053 1815 particularum
2080 1769 2352 1815 graecarum
2380 1769 2483 1815 gen-

203 1832 364 1880 tilibus
398 1834 493 1880 suis
525 1834 817 1879 insuetarum
851 1832 1127 1886 admiscuit,
1157 1832 1578 1894 interpunctionem
1608 1829 1904 1875 arbitrariam
1931 1830 2060 1884 fecit,
2091 1846 2350 1877 aramaeam
2373 1846 2484 1891 syn—

199 1912 347 1958 taxim
383 1911 442 1957 ad
477 1925 693 1973 graecam
725 1911 988 1973 improprie
1019 1918 1064 1956 et
1098 1910 1230 1971 quasi
1264 1910 1309 1955 vi
1345 1907 1715 1955 accommodavit
1737 1942 1749 1961 ,
1787 1907 1990 1968 ideoque
2030 1906 2260 1954 barbarus
2301 1907 2484 1954 idemti-

198 1988 313 2035 dem
336 2024 348 2043 ,
385 1987 616 2035 obscurus
637 2023 648 2042 ‚
688 1987 1003 2049 confususque
1035 1988 1208 2041 evasit,
1246 1995 1292 2032 et
1314 1987 1505 2047 syriacis
1526 1984 1769 2033 vocabulis
1793 1984 2035 2031 insolitum
2062 2001 2158 2032 non
2190 1986 2333 2032 semel
2361 2002 2481 2047 sup-

199 2067 360 2130 posuit
382 2065 711 2128 significatum.
739 2065 983 2112 Vocalium
1018 2079 1208 2126 quoque
1236 2072 1280 2110 et
1317 2064 1665 2110 diacriticorum
1692 2072 2004 2125 punctorum,
2044 2072 2096 2109 ut
2132 2062 2186 2108 fit
2207 2064 2255 2109 in
2282 2065 2484 2126 antiquis

203 2160 316 2191 mss.
336 2179 349 2198 ,
378 2143 589 2191 defectus
623 2141 891 2205 ambiguam
928 2142 1208 2205 aliquando,
1243 2143 1290 2188 in
1329 2140 1600 2188 nominihus
1639 2142 1912 2203 praesertim
1949 2142 2154 2203 propriis
2190 2141 2446 2189 insolitisve
2467 2178 2479 2196 ‚

200 2219 431 2268 reddebat
465 2221 734 2267 lectionem.
762 2220 930 2267 Menda
962 2221 1155 2282 insuper
1177 2221 1225 2266 in
1258 2217 1521 2266 londinensi
1547 2217 1672 2264 libro
1705 2217 2019 2280 apparebant,
2046 2233 2166 2280 quae
2197 2219 2482 2266 Sciahuanus

201 2298 364 2345 codice
397 2314 560 2345 carens
580 2333 592 2352 ,
631 2297 866 2345 undenam
901 2298 1208 2360 irrepserint,
1243 2294 1442 2342 definire
1479 2311 1576 2341 non
1610 2300 1821 2358 poterat;
1857 2311 2063 2357 quorum
2095 2304 2248 2345 tamen
2290 2297 2481 2346 eviden÷

188 2370 323 2423 'tiora
348 2377 608 2422 necessario
631 2376 852 2433 correxit.
879 2375 1014 2423 Certe
1038 2374 1190 2421 donec
1216 2374 1316 2436 ipse
1340 2381 1417 2420 aut
1444 2374 1653 2419 codicem
1678 2373 1949 2418 nitriensem
1974 2375 2207 2436 inspiciat,
2236 2382 2314 2419 aut
2339 2375 2481 2432 alium

200 2455 285 2515 qui
311 2452 480 2500 alicubi
515 2468 624 2500 casu
648 2461 871 2516 appareat
893 2488 904 2507 ,
943 2453 1121 2499 anxius=
1141 2450 1379 2498 interdum
1414 2450 1588 2497 haesit:
1625 2450 1711 2495 nisi
1747 2449 1868 2496 forte
1902 2465 1989 2496 nos
2024 2459 2117 2496 tam
2153 2450 2354 2512 benigne
2387 2451 2480 2497 for-

169 2540 311 2577 -tuna
344 2531 629 2593 respexerit,
667 2531 741 2577 vel
777 2531 936 2593 potius
975 2538 1108 2576 tanto
1149 2530 1272 2575 Deus
1311 2527 1541 2575 beneficio
1580 2526 1923 2582 cumulaverit,
1968 2536 2018 2574 ut
2057 2544 2275 2590 graecum
2323 2530 2478 2590 ipsum

200 2608 456 2669 aliquando
490 2607 882 2655 heortasticarum
917 2606 1092 2654 harum.
1117 2606 1357 2669 exemplar
1389 2605 1738 2652 nanciscamur!

789 2735 862 2775 Ex
891 2735 1028 2776 Severi
1057 2734 1277 2775 antiocheni
1305 2733 1469 2775 homilia
1498 2733 1548 2775 de
1576 2734 1618 2775 S.
1654 2733 1884 2775 Athanasio.

302 2838 382 2882 lx.
422 2837 579 2882 Severi
614 2836 906 2891 antiocheni.
943 2839 1130 2885 saeculo
1164 2847 1297 2885 sexto
1331 2839 1677 2901 Acephalorum
1712 2838 2037 2899 antesignani,
2081 2837 2396 2884 laudationem
2430 2839 2479 2883 in

198 2914 245 2959 S.
274 2913 580 2958 Athanasium
600 2948 611 2966 ‚
639 2927 696 2959 ex
719 2913 901 2974 syriaco
926 2913 1086 2960 codice
1109 2922 1204 2960 vat.
1230 2915 1403 2960 CXLll.
1432 2903 1467 2960 f'.
1497 2916 1577 2967 82,
1603 2915 1706 2961 viro
1729 2915 1791 2961 cl.
1819 2915 1897 2960 Fr.
1926 2912 2175 2960 Mehasebo
2198 2915 2472 2975 interprete,

197 2989 372 3036 edituri
406 3004 594 3034 eramus
615 3024 627 3042 ‚
665 2990 754 3036 nisi
795 2990 938 3036 nimia
972 2991 1227 3052 praesentis
1258 2990 1511 3036 voluminis
1543 2991 1692 3037 moles
1724 3006 1811 3037 nos
1845 2990 1906 3036 ab
1938 2993 2124 3052 incepto
2157 2990 2495 3055 deterruissen

199 3068 370 3127 ltaque
404 3066 638 3128 specimen
673 3066 1037 3120 tantummodo,
1075 3082 1155 3113 seu
1190 3066 1395 3113 delectos
1428 3066 1558 3112 locos
1580 3101 1592 3119 ,
1627 3067 1676 3112 in
1710 3067 1802 3113 hoc
1827 3066 2126 3128 praefationis
2150 3066 2322 3127 angulo
2347 3065 2478 3113 subi-

199 3142 498 3189 ciemus..Sic
532 3150 689 3188 autem
725 3143 888 3205 incipit
916 3142 1131 3190 homilia.
1162 3145 1220 3189 In
1251 3144 1354 3206 lege
1383 3143 1468 3189 illa
1492 3159 1583 3205 per
1614 3144 1824 3206 Moysem
1858 3143 1963 3188 lata
1987 3141 2239 3188 mandavit
2261 3142 2476 3189 omnium

199 3219 327 3264 Deus
365 3218 544 3278 (Num.
581 3218 680 3265 XX.
716 3221 798 3266 26.
818 3221 838 3280 )
869 3231 924 3266 ut
957 3236 1066 3266 cum
1100 3236 1314 3266 summus
1345 3219 1566 3266 sacerdos
1584 3218 1852 3282 praesentis
1885 3231 2013 3265 ortae
2037 3230 2221 3283 tempus
2250 3221 2478 3284 comples-

197 3307 288 3346 set,
326 3306 473 3358 atque
508 3295 579 3341 ad
613 3296 817 3343 alterzus
837 3308 1039 3361 optatae
1069 3297 1261 3343 beatam
1287 3309 1466 3344 metam
1498 3295 1773 3346 transisset,
1816 3312 1856 3342 ts
1885 3295 1972 3359 qui
2003 3308 2171 3342 statem
2207 3297 2277 3342 ad
2314 3314 2475 3361 supre-

198 3388 330 3418 mum
364 3371 699 3420 sacerdotium
733 3374 1095 3440 appellaretur,
1131 3375 1299 3421 eadem
1334 3386 1455 3423 veste
1477 3410 1489 3428 ,
1533 3389 1659 3438 quae
1699 3385 1888 3420 mortuo
1921 3374 2142 3420 detracta
2164 3375 2373 3437 suisset,
2404 3392 2475 3421 ιη-

195 3449 427 3496 dueretur
448 3459 539 3497 etc.
578 3450 660 3497 Sic
706 3462 869 3498 autem
911 3451 1087 3499 diserte
1117 3453 1407 3501 mandatum
1436 3451 1569 3512 sui‚t
1609 3462 1662 3497 ut
1688 3463 1760 3497 lta
1792 3467 1878 3498 nos
1912 3451 2222 3503 doceremur,
2262 3464 2476 3516 oportere

195 3543 305 3573 eum
337 3526 425 3590 qui
456 3527 667 3575 succedit
685 3565 698 3580 ,
738 3544 893 3575 mores
929 3527 1026 3576 sibi
1056 3530 1251 3576 omnino
1265 3567 1278 3581 ,
1318 3541 1364 3575 et
1398 3529 1539 3576 verba
1573 3527 1680 3593 ipsa
1713 3529 1793 3574 sui
1814 3518 2138 3592 praecessoris
2176 3529 2439 3576 adsciscere
2457 3567 2468 3579 ,

195 3603 381 3667 sibique
427 3604 638 3652 eiusdem
681 3606 905 3654 virtutem
943 3606 1082 3654 unioe
1117 3619 1395 3660 conteoeere‚·
1431 3618 1485 3652 ut
1519 3622 1669 3652 unum
1699 3605 1866 3653 credat
1893 3607 2102 3672 populus
2135 3624 2232 3654 esse
2253 3607 2475 3654 sacerdo-

196 3679 316 3726 tium
335 3717 349 3732 .
395 3698 491 3727 non
538 3682 812 3746 multiplex.
858 3683 916 3730 Et
956 3684 1101 3745 paulo
1141 3694 1264 3748 post.
1310 3686 1444 3741 Quae
1486 3684 1555 3732 vis
1594 3684 1841 3732 verborum
1874 3685 1948 3732 vel
1984 3685 2221 3749 exiguam
2260 3683 2474 3731 athana-

197 3755 366 3804 sianae
398 3758 637 3821 historiae
663 3772 858 3825 partem
891 3760 1139 3825 attingat?
1172 3763 1268 3809 Hic
1301 3763 1381 3809 ille
1413 3773 1481 3808 est
1514 3774 1728 3808 summus
1760 3762 2003 3813 sacerdos,
2033 3774 2209 3825 pastor
2223 3798 2236 3812 ,
2272 3762 2437 3806 doctor
2455 3797 2465 3809 ,

201 3843 246 3877 et
281 3834 502 3883 veritatis
537 3835 723 3885 athleta
747 3845 839 3886 etc.
864 3837 961 3884 Hic
993 3838 1057 3885 ab
1092 3839 1397 3886 incunabulis
1427 3838 1634 3903 mystica
1667 3840 1882 3903 quadam
1915 3838 2105 3885 ratione
2135 3837 2402 3885 sacerdotio
2424 3852 2472 3883 se
