<?xml version="1.0" encoding="UTF-8"?>
<!DOCTYPE html PUBLIC "-//W3C//DTD XHTML 1.0 Transitional//EN"
    "http://www.w3.org/TR/xhtml1/DTD/xhtml1-transitional.dtd">
<html xmlns="http://www.w3.org/1999/xhtml" xml:lang="en" lang="en">
 <head>
  <title>
</title>
<meta http-equiv="Content-Type" content="text/html;charset=utf-8" />
  <meta name='ocr-system' content='tesseract 3.04.00' />
  <meta name='ocr-capabilities' content='ocr_page ocr_carea ocr_par ocr_line ocrx_word'/>
</head>
<body>
  <div class='ocr_page' id='page_1' title='image "./novaepatrumbibli06maiauoft/novaepatrumbibli06maiauoft_0850.png"; bbox 0 0 2970 4380; ppageno 0'>
   <div class='ocr_carea' id='block_1_1' title="bbox 449 228 1863 278">
    <p class='ocr_par' dir='ltr' id='par_1_1' title="bbox 449 228 1863 278">
     <span class='ocr_line' id='line_1_1' title="bbox 449 228 1863 278; baseline -0.003 -5"><span class='ocrx_word' id='word_1_1' title='bbox 449 228 543 273; x_wconf 78' lang='lat'>590</span> <span class='ocrx_word' id='word_1_2' title='bbox 616 275 617 278; x_wconf 56' lang='grc'>,</span> <span class='ocrx_word' id='word_1_3' title='bbox 1283 237 1408 268; x_wconf 59' lang='lat' dir='ltr'>Missa</span> <span class='ocrx_word' id='word_1_4' title='bbox 1445 237 1569 268; x_wconf 72' lang='lat' dir='ltr'>ric&#39;rA</span> <span class='ocrx_word' id='word_1_5' title='bbox 1602 237 1863 269; x_wconf 57' lang='lat' dir='ltr'>ensi-:conum</span> 
     </span>
    </p>
   </div>
   <div class='ocr_carea' id='block_1_2' title="bbox 446 297 2720 1150">
    <p class='ocr_par' dir='ltr' id='par_1_2' title="bbox 446 297 2720 1150">
     <span class='ocr_line' id='line_1_2' title="bbox 447 297 2696 376; baseline 0.006 -25"><span class='ocrx_word' id='word_1_6' title='bbox 447 302 576 366; x_wconf 81' lang='grc' dir='ltr'>με’νων</span> <span class='ocrx_word' id='word_1_7' title='bbox 609 325 675 350; x_wconf 72' lang='grc' dir='ltr'>και</span> <span class='ocrx_word' id='word_1_8' title='bbox 709 303 922 366; x_wconf 75' lang='grc' dir='ltr'>ἁγγελικῶν</span> <span class='ocrx_word' id='word_1_9' title='bbox 955 303 1170 367; x_wconf 77' lang='grc' dir='ltr'><strong><em>στρατιῶν</em></strong></span> <span class='ocrx_word' id='word_1_10' title='bbox 1206 298 1271 347; x_wconf 73' lang='grc' dir='ltr'>καὶ</span> <span class='ocrx_word' id='word_1_11' title='bbox 1306 323 1352 363; x_wconf 93' lang='grc' dir='ltr'>χ</span> <span class='ocrx_word' id='word_1_12' title='bbox 1337 304 1429 364; x_wconf 75' lang='grc' dir='ltr'>σρῶν</span> <span class='ocrx_word' id='word_1_13' title='bbox 1462 300 1713 364; x_wconf 66' lang='grc' dir='ltr'>ἀσωμάτων,</span> <span class='ocrx_word' id='word_1_14' title='bbox 1749 323 1812 349; x_wconf 85' lang='grc' dir='ltr'>και</span> <span class='ocrx_word' id='word_1_15' title='bbox 1848 297 1976 350; x_wconf 70' lang='grc' dir='ltr'>ἀὺλων</span> <span class='ocrx_word' id='word_1_16' title='bbox 2012 301 2173 358; x_wconf 80' lang='grc' dir='ltr'>ταξεων.</span> <span class='ocrx_word' id='word_1_17' title='bbox 2212 309 2308 372; x_wconf 84' lang='lat' dir='ltr'>Ipse</span> <span class='ocrx_word' id='word_1_18' title='bbox 2342 320 2564 376; x_wconf 85' lang='lat' dir='ltr'>episcopus</span> <span class='ocrx_word' id='word_1_19' title='bbox 2600 330 2696 368; x_wconf 81' lang='lat' dir='ltr'>ante</span> 
     </span>
     <span class='ocr_line' id='line_1_3' title="bbox 449 383 2691 449; baseline 0.005 -22"><span class='ocrx_word' id='word_1_20' title='bbox 449 390 595 441; x_wconf 87' lang='lat' dir='ltr'>pectus</span> <span class='ocrx_word' id='word_1_21' title='bbox 622 396 786 426; x_wconf 69' lang='lat' dir='ltr'>sactum</span> <span class='ocrx_word' id='word_1_22' title='bbox 817 383 990 425; x_wconf 83' lang='lat' dir='ltr'>calicem</span> <span class='ocrx_word' id='word_1_23' title='bbox 1015 396 1141 425; x_wconf 90' lang='lat' dir='ltr'>mauu</span> <span class='ocrx_word' id='word_1_24' title='bbox 1169 383 1380 437; x_wconf 81' lang='lat' dir='ltr'>praefert,</span> <span class='ocrx_word' id='word_1_25' title='bbox 1407 383 1593 426; x_wconf 87' lang='lat' dir='ltr'>adducto</span> <span class='ocrx_word' id='word_1_26' title='bbox 1617 384 1662 425; x_wconf 92' lang='lat' dir='ltr'>in</span> <span class='ocrx_word' id='word_1_27' title='bbox 1692 384 1893 426; x_wconf 88' lang='lat' dir='ltr'><strong>humeros</strong></span> <span class='ocrx_word' id='word_1_28' title='bbox 1919 389 2092 437; x_wconf 86' lang='lat' dir='ltr'>ornato,</span> <span class='ocrx_word' id='word_1_29' title='bbox 2118 398 2204 440; x_wconf 87' lang='lat' dir='ltr'>quo</span> <span class='ocrx_word' id='word_1_30' title='bbox 2229 388 2292 430; x_wconf 68' lang='lat' dir='ltr'>uti</span> <span class='ocrx_word' id='word_1_31' title='bbox 2320 391 2426 433; x_wconf 85' lang='lat' dir='ltr'>solet</span> <span class='ocrx_word' id='word_1_32' title='bbox 2455 392 2508 434; x_wconf 84' lang='lat' dir='ltr'>ad</span> <span class='ocrx_word' id='word_1_33' title='bbox 2539 395 2691 449; x_wconf 79' lang='lat' dir='ltr'>altare,</span> 
     </span>
     <span class='ocr_line' id='line_1_4' title="bbox 448 448 2690 515; baseline 0.002 -17"><span class='ocrx_word' id='word_1_34' title='bbox 448 456 649 508; x_wconf 80' lang='lat' dir='ltr'>liute0103</span> <span class='ocrx_word' id='word_1_35' title='bbox 673 448 836 496; x_wconf 71' lang='lat' dir='ltr'>sactum</span> <span class='ocrx_word' id='word_1_36' title='bbox 859 467 1031 509; x_wconf 87' lang='lat' dir='ltr'>quoque</span> <span class='ocrx_word' id='word_1_37' title='bbox 1058 454 1219 496; x_wconf 87' lang='lat' dir='ltr'>discum</span> <span class='ocrx_word' id='word_1_38' title='bbox 1244 455 1287 496; x_wconf 89' lang='lat' dir='ltr'>in</span> <span class='ocrx_word' id='word_1_39' title='bbox 1317 458 1445 509; x_wconf 86' lang='lat' dir='ltr'>caput</span> <span class='ocrx_word' id='word_1_40' title='bbox 1471 455 1649 507; x_wconf 86' lang='lat' dir='ltr'>elatum,</span> <span class='ocrx_word' id='word_1_41' title='bbox 1676 460 1717 496; x_wconf 92' lang='lat' dir='ltr'>et</span> <span class='ocrx_word' id='word_1_42' title='bbox 1739 455 1946 497; x_wconf 84' lang='lat' dir='ltr'>velamine</span> <span class='ocrx_word' id='word_1_43' title='bbox 1969 469 2020 497; x_wconf 88' lang='lat' dir='ltr'>ne</span> <span class='ocrx_word' id='word_1_44' title='bbox 2042 460 2187 510; x_wconf 83' lang='lat' dir='ltr'>pateat</span> <span class='ocrx_word' id='word_1_45' title='bbox 2210 457 2446 515; x_wconf 85' lang='lat' dir='ltr'>obtectum,</span> <span class='ocrx_word' id='word_1_46' title='bbox 2470 466 2690 510; x_wconf 75' lang='lat' dir='ltr'>sustinens</span> 
     </span>
     <span class='ocr_line' id='line_1_5' title="bbox 446 525 2691 585; baseline 0 -15"><span class='ocrx_word' id='word_1_47' title='bbox 446 531 606 571; x_wconf 79' lang='lat' dir='ltr'>Rursus</span> <span class='ocrx_word' id='word_1_48' title='bbox 635 527 745 569; x_wconf 87' lang='lat' dir='ltr'>idem</span> <span class='ocrx_word' id='word_1_49' title='bbox 773 526 987 581; x_wconf 79' lang='lat' dir='ltr'>pontifex,</span> <span class='ocrx_word' id='word_1_50' title='bbox 1021 539 1069 568; x_wconf 86' lang='lat' dir='ltr'>ex</span> <span class='ocrx_word' id='word_1_51' title='bbox 1100 525 1350 579; x_wconf 82' lang='lat' dir='ltr'>subgenuali</span> <span class='ocrx_word' id='word_1_52' title='bbox 1377 526 1693 580; x_wconf 83' lang='lat' dir='ltr'>agnoscendus,</span> <span class='ocrx_word' id='word_1_53' title='bbox 1717 526 1915 568; x_wconf 86' lang='lat' dir='ltr'>manibus</span> <span class='ocrx_word' id='word_1_54' title='bbox 1941 528 2070 582; x_wconf 82' lang='lat' dir='ltr'>passis</span> <span class='ocrx_word' id='word_1_55' title='bbox 2100 532 2196 570; x_wconf 80' lang='lat' dir='ltr'>ante</span> <span class='ocrx_word' id='word_1_56' title='bbox 2226 529 2376 582; x_wconf 86' lang='lat' dir='ltr'>altare,</span> <span class='ocrx_word' id='word_1_57' title='bbox 2401 534 2516 585; x_wconf 88' lang='lat' dir='ltr'>quod</span> <span class='ocrx_word' id='word_1_58' title='bbox 2542 540 2602 578; x_wconf 89' lang='lat' dir='ltr'>est</span> <span class='ocrx_word' id='word_1_59' title='bbox 2628 542 2691 579; x_wconf 88' lang='lat' dir='ltr'>to-</span> 
     </span>
     <span class='ocr_line' id='line_1_6' title="bbox 447 591 2691 653; baseline 0.002 -13"><span class='ocrx_word' id='word_1_60' title='bbox 447 604 539 640; x_wconf 87' lang='lat' dir='ltr'>tum</span> <span class='ocrx_word' id='word_1_61' title='bbox 571 599 871 653; x_wconf 87' lang='lat' dir='ltr'>conspicuum,</span> <span class='ocrx_word' id='word_1_62' title='bbox 896 609 991 638; x_wconf 89' lang='lat' dir='ltr'>cum</span> <span class='ocrx_word' id='word_1_63' title='bbox 1015 595 1173 651; x_wconf 80' lang='lat' dir='ltr'>duplici</span> <span class='ocrx_word' id='word_1_64' title='bbox 1200 597 1416 638; x_wconf 87' lang='lat' dir='ltr'>volumine</span> <span class='ocrx_word' id='word_1_65' title='bbox 1431 628 1442 648; x_wconf 91' lang='lat'><strong><em>‚</em></strong></span> <span class='ocrx_word' id='word_1_66' title='bbox 1470 596 1674 651; x_wconf 60' lang='lat' dir='ltr'>evangelii</span> <span class='ocrx_word' id='word_1_67' title='bbox 1697 602 1744 638; x_wconf 90' lang='lat' dir='ltr'>ut</span> <span class='ocrx_word' id='word_1_68' title='bbox 1765 601 1872 652; x_wconf 91' lang='lat' dir='ltr'>puto</span> <span class='ocrx_word' id='word_1_69' title='bbox 1894 601 1936 639; x_wconf 89' lang='lat' dir='ltr'>et</span> <span class='ocrx_word' id='word_1_70' title='bbox 1958 598 2234 652; x_wconf 84' lang='lat' dir='ltr'>epistolarum</span> <span class='ocrx_word' id='word_1_71' title='bbox 2259 591 2396 653; x_wconf 80' lang='lat' dir='ltr'>apost.</span> <span class='ocrx_word' id='word_1_72' title='bbox 2415 630 2426 652; x_wconf 95' lang='lat'>,</span> <span class='ocrx_word' id='word_1_73' title='bbox 2449 614 2542 647; x_wconf 90' lang='lat' dir='ltr'>cum</span> <span class='ocrx_word' id='word_1_74' title='bbox 2566 607 2691 649; x_wconf 79' lang='lat' dir='ltr'>calice</span> 
     </span>
     <span class='ocr_line' id='line_1_7' title="bbox 450 666 2693 724; baseline 0.001 -14"><span class='ocrx_word' id='word_1_75' title='bbox 450 683 499 712; x_wconf 89' lang='lat' dir='ltr'>ac</span> <span class='ocrx_word' id='word_1_76' title='bbox 529 669 651 722; x_wconf 89' lang='lat' dir='ltr'>velo,</span> <span class='ocrx_word' id='word_1_77' title='bbox 686 667 802 722; x_wconf 91' lang='lat' dir='ltr'>quod</span> <span class='ocrx_word' id='word_1_78' title='bbox 837 668 892 709; x_wconf 87' lang='lat' dir='ltr'>ob</span> <span class='ocrx_word' id='word_1_79' title='bbox 924 668 1168 708; x_wconf 79' lang='lat' dir='ltr'>tenuitatem</span> <span class='ocrx_word' id='word_1_80' title='bbox 1200 670 1271 708; x_wconf 75' lang='lat' dir='ltr'>aer</span> <span class='ocrx_word' id='word_1_81' title='bbox 1300 666 1383 709; x_wconf 92' lang='lat' dir='ltr'>dici</span> <span class='ocrx_word' id='word_1_82' title='bbox 1414 667 1521 709; x_wconf 87' lang='lat' dir='ltr'>solet</span> <span class='ocrx_word' id='word_1_83' title='bbox 1554 668 1646 718; x_wconf 82' lang='lat' dir='ltr'>(vel</span> <span class='ocrx_word' id='word_1_84' title='bbox 1677 668 1775 722; x_wconf 86' lang='lat' dir='ltr'>quia</span> <span class='ocrx_word' id='word_1_85' title='bbox 1805 667 2014 722; x_wconf 84' lang='lat' dir='ltr'>significat</span> <span class='ocrx_word' id='word_1_86' title='bbox 2045 674 2212 711; x_wconf 88' lang='lat' dir='ltr'>noctem</span> <span class='ocrx_word' id='word_1_87' title='bbox 2244 670 2472 724; x_wconf 82' lang='lat' dir='ltr'>passionis)</span> <span class='ocrx_word' id='word_1_88' title='bbox 2503 685 2577 717; x_wconf 83' lang='lat' dir='ltr'>nee</span> <span class='ocrx_word' id='word_1_89' title='bbox 2606 670 2693 719; x_wconf 73' lang='lat' dir='ltr'>n&#39;on</span> 
     </span>
     <span class='ocr_line' id='line_1_8' title="bbox 451 738 2720 799; baseline 0.002 -16"><span class='ocrx_word' id='word_1_90' title='bbox 451 741 663 784; x_wconf 85' lang='lat' dir='ltr'>asterisco.</span> <span class='ocrx_word' id='word_1_91' title='bbox 696 739 810 780; x_wconf 87' lang='lat' dir='ltr'>Disci</span> <span class='ocrx_word' id='word_1_92' title='bbox 841 743 968 793; x_wconf 87' lang='lat' dir='ltr'>atque</span> <span class='ocrx_word' id='word_1_93' title='bbox 987 739 1174 780; x_wconf 87' lang='lat' dir='ltr'>asterisci</span> <span class='ocrx_word' id='word_1_94' title='bbox 1206 739 1407 791; x_wconf 80' lang='lat' dir='ltr'>imagines</span> <span class='ocrx_word' id='word_1_95' title='bbox 1430 738 1545 792; x_wconf 86' lang='lat' dir='ltr'>apud</span> <span class='ocrx_word' id='word_1_96' title='bbox 1567 739 1767 781; x_wconf 88' lang='lat' dir='ltr'>Goarium</span> <span class='ocrx_word' id='word_1_97' title='bbox 1796 739 2076 798; x_wconf 79' lang='lat' dir='ltr'>conspicimus</span> <span class='ocrx_word' id='word_1_98' title='bbox 2098 753 2142 795; x_wconf 87' lang='lat' dir='ltr'>p.</span> <span class='ocrx_word' id='word_1_99' title='bbox 2168 742 2240 783; x_wconf 88' lang='grc'>99.</span> <span class='ocrx_word' id='word_1_100' title='bbox 2273 742 2336 783; x_wconf 91' lang='lat' dir='ltr'>De</span> <span class='ocrx_word' id='word_1_101' title='bbox 2359 741 2443 783; x_wconf 87' lang='lat' dir='ltr'>hoc</span> <span class='ocrx_word' id='word_1_102' title='bbox 2461 754 2612 797; x_wconf 82' lang='lat' dir='ltr'>magno</span> <span class='ocrx_word' id='word_1_103' title='bbox 2629 749 2692 791; x_wconf 89' lang='lat' dir='ltr'>in-</span> <span class='ocrx_word' id='word_1_104' title='bbox 2716 786 2720 799; x_wconf 31' lang='grc' dir='ltr'><em>Ι</em></span> 
     </span>
     <span class='ocr_line' id='line_1_9' title="bbox 447 809 2693 866; baseline 0.002 -13"><span class='ocrx_word' id='word_1_105' title='bbox 447 813 582 854; x_wconf 83' lang='grc'><strong>1101111</strong></span> <span class='ocrx_word' id='word_1_106' title='bbox 605 810 856 853; x_wconf 84' lang='lat' dir='ltr'>Andidensis</span> <span class='ocrx_word' id='word_1_107' title='bbox 878 823 920 851; x_wconf 92' lang='lat' dir='ltr'>n.</span> <span class='ocrx_word' id='word_1_108' title='bbox 955 811 1019 852; x_wconf 85' lang='lat'>18.</span> <span class='ocrx_word' id='word_1_109' title='bbox 1055 811 1122 861; x_wconf 91' lang='lat' dir='ltr'>(et</span> <span class='ocrx_word' id='word_1_110' title='bbox 1153 809 1381 851; x_wconf 82' lang='lat' dir='ltr'>catechesis</span> <span class='ocrx_word' id='word_1_111' title='bbox 1402 822 1448 864; x_wconf 89' lang='lat' dir='ltr'>p.</span> <span class='ocrx_word' id='word_1_112' title='bbox 1482 812 1605 862; x_wconf 89' lang='lat'>100.)</span> <span class='ocrx_word' id='word_1_113' title='bbox 1636 810 1700 851; x_wconf 87' lang='lat' dir='ltr'>Ibi</span> <span class='ocrx_word' id='word_1_114' title='bbox 1723 809 1973 852; x_wconf 83' lang='lat' dir='ltr'>Andidensis</span> <span class='ocrx_word' id='word_1_115' title='bbox 1993 811 2185 866; x_wconf 84' lang='lat' dir='ltr'>loquitur</span> <span class='ocrx_word' id='word_1_116' title='bbox 2205 811 2256 854; x_wconf 93' lang='lat' dir='ltr'>de</span> <span class='ocrx_word' id='word_1_117' title='bbox 2277 813 2394 854; x_wconf 87' lang='lat' dir='ltr'>altari</span> <span class='ocrx_word' id='word_1_118' title='bbox 2417 813 2600 855; x_wconf 86' lang='lat' dir='ltr'>medium</span> <span class='ocrx_word' id='word_1_119' title='bbox 2621 816 2693 859; x_wconf 74' lang='lat' dir='ltr'>bo·-</span> 
     </span>
     <span class='ocr_line' id='line_1_10' title="bbox 449 879 2694 937; baseline 0.001 -12"><span class='ocrx_word' id='word_1_120' title='bbox 449 883 570 925; x_wconf 88' lang='lat' dir='ltr'>matis</span> <span class='ocrx_word' id='word_1_121' title='bbox 599 883 743 924; x_wconf 91' lang='lat' dir='ltr'>locum</span> <span class='ocrx_word' id='word_1_122' title='bbox 771 894 933 936; x_wconf 88' lang='lat' dir='ltr'>semper</span> <span class='ocrx_word' id='word_1_123' title='bbox 963 885 1152 934; x_wconf 91' lang='lat' dir='ltr'>tenente,</span> <span class='ocrx_word' id='word_1_124' title='bbox 1179 885 1221 922; x_wconf 89' lang='lat' dir='ltr'>et</span> <span class='ocrx_word' id='word_1_125' title='bbox 1251 881 1304 922; x_wconf 89' lang='lat' dir='ltr'>dc</span> <span class='ocrx_word' id='word_1_126' title='bbox 1332 879 1534 935; x_wconf 90' lang='lat' dir='ltr'>imposito</span> <span class='ocrx_word' id='word_1_127' title='bbox 1567 893 1697 923; x_wconf 87' lang='lat' dir='ltr'>curvo</span> <span class='ocrx_word' id='word_1_128' title='bbox 1728 882 1942 935; x_wconf 82' lang='lat' dir='ltr'>lacunari,</span> <span class='ocrx_word' id='word_1_129' title='bbox 1975 882 2092 937; x_wconf 87' lang='lat' dir='ltr'>quod</span> <span class='ocrx_word' id='word_1_130' title='bbox 2122 882 2283 925; x_wconf 87' lang='lat' dir='ltr'>caelum</span> <span class='ocrx_word' id='word_1_131' title='bbox 2314 883 2545 937; x_wconf 85' lang='lat' dir='ltr'>significat,</span> <span class='ocrx_word' id='word_1_132' title='bbox 2570 888 2613 926; x_wconf 85' lang='lat' dir='ltr'>et</span> <span class='ocrx_word' id='word_1_133' title='bbox 2643 885 2694 928; x_wconf 76' lang='lat' dir='ltr'>dc</span> 
     </span>
     <span class='ocr_line' id='line_1_11' title="bbox 450 951 2698 1010; baseline 0.001 -15"><span class='ocrx_word' id='word_1_134' title='bbox 450 957 634 1008; x_wconf 87' lang='lat' dir='ltr'>quatuor</span> <span class='ocrx_word' id='word_1_135' title='bbox 656 953 884 1005; x_wconf 89' lang='lat' dir='ltr'>columnis,</span> <span class='ocrx_word' id='word_1_136' title='bbox 909 964 1091 1006; x_wconf 89' lang='lat' dir='ltr'>quorum</span> <span class='ocrx_word' id='word_1_137' title='bbox 1113 951 1443 1006; x_wconf 84' lang='lat' dir='ltr'>significationes</span> <span class='ocrx_word' id='word_1_138' title='bbox 1465 952 1565 993; x_wconf 86' lang='lat' dir='ltr'>alibi</span> <span class='ocrx_word' id='word_1_139' title='bbox 1587 964 1665 993; x_wconf 90' lang='lat' dir='ltr'>nos</span> <span class='ocrx_word' id='word_1_140' title='bbox 1686 952 1936 1000; x_wconf 72' lang='lat' dir='ltr'>tradidimus</span> <span class='ocrx_word' id='word_1_141' title='bbox 1957 954 2004 995; x_wconf 81' lang='lat' dir='ltr'>T.</span> <span class='ocrx_word' id='word_1_142' title='bbox 2026 955 2079 995; x_wconf 88' lang='lat' dir='ltr'>V.</span> <span class='ocrx_word' id='word_1_143' title='bbox 2106 958 2216 1009; x_wconf 87' lang='lat' dir='ltr'>part.</span> <span class='ocrx_word' id='word_1_144' title='bbox 2241 955 2298 996; x_wconf 92' lang='lat' dir='ltr'>II.</span> <span class='ocrx_word' id='word_1_145' title='bbox 2324 967 2369 1010; x_wconf 90' lang='lat' dir='ltr'>p.</span> <span class='ocrx_word' id='word_1_146' title='bbox 2390 956 2463 997; x_wconf 84' lang='lat'>96.</span> <span class='ocrx_word' id='word_1_147' title='bbox 2496 956 2558 997; x_wconf 89' lang='lat' dir='ltr'>De</span> <span class='ocrx_word' id='word_1_148' title='bbox 2577 955 2698 998; x_wconf 82' lang='lat' dir='ltr'>caelo</span> 
     </span>
     <span class='ocr_line' id='line_1_12' title="bbox 450 1022 2699 1080; baseline 0.001 -15"><span class='ocrx_word' id='word_1_149' title='bbox 450 1024 662 1077; x_wconf 84' lang='lat' dir='ltr'>utrimque</span> <span class='ocrx_word' id='word_1_150' title='bbox 683 1023 829 1076; x_wconf 67' lang='lat' dir='ltr'>angeli⁴</span> <span class='ocrx_word' id='word_1_151' title='bbox 843 1022 895 1064; x_wconf 88' lang='lat' dir='ltr'>ad</span> <span class='ocrx_word' id='word_1_152' title='bbox 915 1022 1175 1077; x_wconf 83' lang='lat' dir='ltr'>suscipienda</span> <span class='ocrx_word' id='word_1_153' title='bbox 1203 1026 1302 1064; x_wconf 85' lang='lat' dir='ltr'>vota</span> <span class='ocrx_word' id='word_1_154' title='bbox 1332 1023 1526 1077; x_wconf 88' lang='lat' dir='ltr'>liturgica</span> <span class='ocrx_word' id='word_1_155' title='bbox 1546 1023 1633 1065; x_wconf 89' lang='lat' dir='ltr'>sive</span> <span class='ocrx_word' id='word_1_156' title='bbox 1657 1022 1929 1065; x_wconf 86' lang='lat' dir='ltr'>oblationem.</span> <span class='ocrx_word' id='word_1_157' title='bbox 1963 1024 2013 1065; x_wconf 90' lang='lat' dir='ltr'>In</span> <span class='ocrx_word' id='word_1_158' title='bbox 2035 1036 2198 1067; x_wconf 90' lang='lat' dir='ltr'>summo</span> <span class='ocrx_word' id='word_1_159' title='bbox 2222 1024 2336 1067; x_wconf 83' lang='lat' dir='ltr'>caelo</span> <span class='ocrx_word' id='word_1_160' title='bbox 2363 1030 2555 1068; x_wconf 81' lang='lat' dir='ltr'>aeternus</span> <span class='ocrx_word' id='word_1_161' title='bbox 2576 1030 2699 1080; x_wconf 79' lang='lat' dir='ltr'>pater</span> 
     </span>
     <span class='ocr_line' id='line_1_13' title="bbox 450 1090 2699 1150; baseline 0.001 -13"><span class='ocrx_word' id='word_1_162' title='bbox 450 1090 718 1137; x_wconf 84' lang='lat' dir='ltr'>benedicens.</span> <span class='ocrx_word' id='word_1_163' title='bbox 741 1094 867 1148; x_wconf 81' lang='lat' dir='ltr'>Humi</span> <span class='ocrx_word' id='word_1_164' title='bbox 889 1093 1147 1146; x_wconf 87' lang='lat' dir='ltr'>hegumenus</span> <span class='ocrx_word' id='word_1_165' title='bbox 1168 1094 1233 1136; x_wconf 81' lang='lat' dir='ltr'>vel</span> <span class='ocrx_word' id='word_1_166' title='bbox 1254 1095 1400 1149; x_wconf 88' lang='lat' dir='ltr'>potius</span> <span class='ocrx_word' id='word_1_167' title='bbox 1421 1095 1646 1149; x_wconf 87' lang='lat' dir='ltr'>episcopus</span> <span class='ocrx_word' id='word_1_168' title='bbox 1668 1095 1997 1149; x_wconf 84' lang='lat' dir='ltr'>contemplator,</span> <span class='ocrx_word' id='word_1_169' title='bbox 2019 1096 2132 1137; x_wconf 83' lang='lat' dir='ltr'>iuxta</span> <span class='ocrx_word' id='word_1_170' title='bbox 2152 1107 2274 1150; x_wconf 84' lang='grc'><strong>(1110111</strong></span> <span class='ocrx_word' id='word_1_171' title='bbox 2297 1096 2493 1139; x_wconf 89' lang='lat' dir='ltr'>loricatus</span> <span class='ocrx_word' id='word_1_172' title='bbox 2515 1098 2699 1150; x_wconf 81' lang='lat' dir='ltr'>magnis·</span> 
     </span>
    </p>
   </div>
   <div class='ocr_carea' id='block_1_3' title="bbox 449 1152 2695 1294">
    <p class='ocr_par' dir='ltr' id='par_1_3' title="bbox 449 1152 2695 1291">
     <span class='ocr_line' id='line_1_14' title="bbox 450 1152 2695 1239; baseline 0 -31"><span class='ocrx_word' id='word_1_173' title='bbox 450 1179 532 1220; x_wconf 86' lang='lat' dir='ltr'>que</span> <span class='ocrx_word' id='word_1_174' title='bbox 563 1166 638 1208; x_wconf 85' lang='lat' dir='ltr'>alis</span> <span class='ocrx_word' id='word_1_175' title='bbox 668 1165 881 1221; x_wconf 86' lang='lat' dir='ltr'>praeditus</span> <span class='ocrx_word' id='word_1_176' title='bbox 913 1164 1108 1218; x_wconf 85' lang='lat' dir='ltr'>angelus,</span> <span class='ocrx_word' id='word_1_177' title='bbox 1135 1164 1187 1206; x_wconf 91' lang='lat' dir='ltr'>de</span> <span class='ocrx_word' id='word_1_178' title='bbox 1218 1177 1305 1220; x_wconf 90' lang='lat' dir='ltr'>quo</span> <span class='ocrx_word' id='word_1_179' title='bbox 1335 1166 1380 1207; x_wconf 91' lang='lat' dir='ltr'>in</span> <span class='ocrx_word' id='word_1_180' title='bbox 1409 1165 1663 1220; x_wconf 84' lang='lat' dir='ltr'>epigraphe,</span> <span class='ocrx_word' id='word_1_181' title='bbox 1690 1177 1799 1219; x_wconf 85' lang='grc'><strong>(11130</strong></span> <span class='ocrx_word' id='word_1_182' title='bbox 1828 1166 1887 1207; x_wconf 83' lang='lat' dir='ltr'>ita</span> <span class='ocrx_word' id='word_1_183' title='bbox 1908 1177 1951 1207; x_wconf 90' lang='lat' dir='ltr'>se</span> <span class='ocrx_word' id='word_1_184' title='bbox 1980 1153 2239 1240; x_wconf 80' lang='grc' dir='ltr'><strong>1131101.Και</strong></span> <span class='ocrx_word' id='word_1_185' title='bbox 2274 1152 2523 1209; x_wconf 67' lang='grc' dir='ltr'>εἷσελθᾶντες</span> <span class='ocrx_word' id='word_1_186' title='bbox 2547 1177 2613 1204; x_wconf 70' lang='grc' dir='ltr'>του</span> <span class='ocrx_word' id='word_1_187' title='bbox 2639 1156 2695 1204; x_wconf 62' lang='lat' dir='ltr'>ie-</span> 
     </span>
     <span class='ocr_line' id='line_1_15' title="bbox 449 1221 2691 1294; baseline 0.002 -23"><span class='ocrx_word' id='word_1_188' title='bbox 449 1246 544 1290; x_wconf 80' lang='grc' dir='ltr'>ρεως</span> <span class='ocrx_word' id='word_1_189' title='bbox 567 1246 634 1272; x_wconf 85' lang='grc' dir='ltr'>και</span> <span class='ocrx_word' id='word_1_190' title='bbox 661 1228 725 1274; x_wconf 75' lang='grc' dir='ltr'>τοῦ</span> <span class='ocrx_word' id='word_1_191' title='bbox 750 1223 926 1272; x_wconf 65' lang='lat' dir='ltr'>&amp;canavae</span> <span class='ocrx_word' id='word_1_192' title='bbox 949 1221 1184 1284; x_wconf 77' lang='grc' dir='ltr'>διαβιβάσαι</span> <span class='ocrx_word' id='word_1_193' title='bbox 1219 1245 1269 1272; x_wconf 90' lang='grc' dir='ltr'>τα</span> <span class='ocrx_word' id='word_1_194' title='bbox 1300 1227 1420 1290; x_wconf 73' lang='grc' dir='ltr'><strong><em>ἅγια,</em></strong></span> <span class='ocrx_word' id='word_1_195' title='bbox 1445 1224 1579 1275; x_wconf 69' lang='grc' dir='ltr'>ἤκουεν</span> <span class='ocrx_word' id='word_1_196' title='bbox 1613 1228 1679 1272; x_wconf 78' lang='grc' dir='ltr'>τεῧ</span> <span class='ocrx_word' id='word_1_197' title='bbox 1712 1221 1878 1288; x_wconf 76' lang='grc' dir='ltr'><strong><em>ἀγγέλου</em></strong></span> <span class='ocrx_word' id='word_1_198' title='bbox 1909 1243 2096 1279; x_wconf 77' lang='grc' dir='ltr'>ειποντσς·</span> <span class='ocrx_word' id='word_1_199' title='bbox 2124 1247 2247 1291; x_wconf 85' lang='grc' dir='ltr'>πατερ</span> <span class='ocrx_word' id='word_1_200' title='bbox 2278 1226 2389 1290; x_wconf 75' lang='grc' dir='ltr'><em>ἅγιε,</em></span> <span class='ocrx_word' id='word_1_201' title='bbox 2413 1225 2691 1294; x_wconf 68' lang='grc' dir='ltr'>ἐξαπέστειλεν</span> 
     </span>
    </p>
   </div>
   <div class='ocr_carea' id='block_1_4' title="bbox 445 1291 2695 2555">
    <p class='ocr_par' dir='ltr' id='par_1_4' title="bbox 445 1291 2695 2555">
     <span class='ocr_line' id='line_1_16' title="bbox 452 1291 2692 1360; baseline 0 -16"><span class='ocrx_word' id='word_1_202' title='bbox 452 1317 537 1349; x_wconf 79' lang='grc' dir='ltr'>τους</span> <span class='ocrx_word' id='word_1_203' title='bbox 569 1316 808 1359; x_wconf 71' lang='grc' dir='ltr'>μυσταγωγο</span> <span class='ocrx_word' id='word_1_204' title='bbox 793 1291 856 1348; x_wconf 76' lang='grc' dir='ltr'>ν’ς,</span> <span class='ocrx_word' id='word_1_205' title='bbox 889 1316 958 1343; x_wconf 69' lang='grc' dir='ltr'>σου</span> <span class='ocrx_word' id='word_1_206' title='bbox 988 1293 1206 1359; x_wconf 76' lang='grc' dir='ltr'><strong>ἅγγελσυς,</strong></span> <span class='ocrx_word' id='word_1_207' title='bbox 1241 1297 1294 1348; x_wconf 82' lang='grc' dir='ltr'>εἷς</span> <span class='ocrx_word' id='word_1_208' title='bbox 1330 1317 1373 1345; x_wconf 84' lang='grc' dir='ltr'>το</span> <span class='ocrx_word' id='word_1_209' title='bbox 1408 1297 1678 1360; x_wconf 72' lang='grc' dir='ltr'>λειτσυργησαι</span> <span class='ocrx_word' id='word_1_210' title='bbox 1712 1317 1786 1349; x_wconf 86' lang='grc' dir='ltr'>τας</span> <span class='ocrx_word' id='word_1_211' title='bbox 1817 1292 1943 1348; x_wconf 67' lang='grc' dir='ltr'><strong>Ξειας</strong></span> <span class='ocrx_word' id='word_1_212' title='bbox 1975 1292 2180 1359; x_wconf 60' lang='grc' dir='ltr'>δυνάμεις</span> <span class='ocrx_word' id='word_1_213' title='bbox 2191 1319 2233 1345; x_wconf 66' lang='grc' dir='ltr'>σς</span> <span class='ocrx_word' id='word_1_214' title='bbox 2238 1316 2271 1343; x_wconf 87' lang='grc' dir='ltr'>υ·</span> <span class='ocrx_word' id='word_1_215' title='bbox 2296 1318 2370 1344; x_wconf 83' lang='grc' dir='ltr'>και</span> <span class='ocrx_word' id='word_1_216' title='bbox 2406 1294 2558 1350; x_wconf 62' lang='lat' dir='ltr'>eij-&amp;cmg</span> <span class='ocrx_word' id='word_1_217' title='bbox 2590 1294 2669 1345; x_wconf 67' lang='grc' dir='ltr'>εἶδε</span> <span class='ocrx_word' id='word_1_218' title='bbox 2655 1320 2692 1345; x_wconf 79' lang='grc' dir='ltr'>ν</span> 
     </span>
     <span class='ocr_line' id='line_1_17' title="bbox 450 1362 2693 1432; baseline 0 -18"><span class='ocrx_word' id='word_1_219' title='bbox 450 1363 515 1414; x_wconf 75' lang='grc' dir='ltr'>δυο</span> <span class='ocrx_word' id='word_1_220' title='bbox 545 1363 730 1431; x_wconf 71' lang='grc' dir='ltr'>ἀγγέλους</span> <span class='ocrx_word' id='word_1_221' title='bbox 763 1368 802 1412; x_wconf 85' lang='grc' dir='ltr'>ἐκ</span> <span class='ocrx_word' id='word_1_222' title='bbox 834 1369 901 1413; x_wconf 74' lang='grc' dir='ltr'>τιῧ</span> <span class='ocrx_word' id='word_1_223' title='bbox 933 1369 1090 1431; x_wconf 71' lang='grc' dir='ltr'>εῦρανσυ</span> <span class='ocrx_word' id='word_1_224' title='bbox 1118 1364 1441 1432; x_wconf 78' lang='grc' dir='ltr'>κατερχομένους·</span> <span class='ocrx_word' id='word_1_225' title='bbox 1467 1387 1534 1413; x_wconf 78' lang='grc' dir='ltr'>και</span> <span class='ocrx_word' id='word_1_226' title='bbox 1569 1362 1924 1419; x_wconf 61' lang='grc' dir='ltr'>σννεπετασθησαν</span> <span class='ocrx_word' id='word_1_227' title='bbox 1959 1369 2046 1420; x_wconf 77' lang='grc' dir='ltr'>ταῖς</span> <span class='ocrx_word' id='word_1_228' title='bbox 2076 1364 2252 1432; x_wconf 78' lang='grc' dir='ltr'>πτερύξιν</span> <span class='ocrx_word' id='word_1_229' title='bbox 2285 1368 2430 1416; x_wconf 69' lang='grc' dir='ltr'>αὐτῶν·</span> <span class='ocrx_word' id='word_1_230' title='bbox 2454 1363 2693 1426; x_wconf 78' lang='grc' dir='ltr'>βαστάσαν-</span> 
     </span>
     <span class='ocr_line' id='line_1_18' title="bbox 450 1433 2694 1525; baseline 0.001 -41"><span class='ocrx_word' id='word_1_231' title='bbox 450 1457 515 1490; x_wconf 90' lang='grc' dir='ltr'>τες</span> <span class='ocrx_word' id='word_1_232' title='bbox 548 1433 589 1484; x_wconf 77' lang='grc' dir='ltr'>δε</span> <span class='ocrx_word' id='word_1_233' title='bbox 622 1456 686 1484; x_wconf 82' lang='grc' dir='ltr'>τον</span> <span class='ocrx_word' id='word_1_234' title='bbox 719 1433 823 1502; x_wconf 73' lang='grc' dir='ltr'>ἱερέα</span> <span class='ocrx_word' id='word_1_235' title='bbox 840 1433 957 1498; x_wconf 77' lang='grc' dir='ltr'>μετὰ</span> <span class='ocrx_word' id='word_1_236' title='bbox 988 1458 1062 1485; x_wconf 88' lang='grc' dir='ltr'>των</span> <span class='ocrx_word' id='word_1_237' title='bbox 1094 1433 1351 1501; x_wconf 74' lang='grc' dir='ltr'>ἁγιασμάτων</span> <span class='ocrx_word' id='word_1_238' title='bbox 1384 1438 1451 1484; x_wconf 79' lang='grc' dir='ltr'>καὶ</span> <span class='ocrx_word' id='word_1_239' title='bbox 1484 1434 1638 1500; x_wconf 82' lang='grc' dir='ltr'>ἀχράντ</span> <span class='ocrx_word' id='word_1_240' title='bbox 1642 1457 1692 1484; x_wconf 93' lang='grc' dir='ltr'>ων</span> <span class='ocrx_word' id='word_1_241' title='bbox 1725 1435 1968 1525; x_wconf 71' lang='grc' dir='ltr'>μυστηρίων,</span> <span class='ocrx_word' id='word_1_242' title='bbox 1997 1434 2208 1503; x_wconf 72' lang='grc' dir='ltr'>εἰσήγαγεν</span> <span class='ocrx_word' id='word_1_243' title='bbox 2239 1434 2349 1492; x_wconf 78' lang='grc' dir='ltr'>ἐντος</span> <span class='ocrx_word' id='word_1_244' title='bbox 2374 1439 2442 1487; x_wconf 71' lang='grc' dir='ltr'>τοῦ</span> <span class='ocrx_word' id='word_1_245' title='bbox 2463 1443 2694 1490; x_wconf 64' lang='grc' dir='ltr'>θυσιαστη-</span> 
     </span>
     <span class='ocr_line' id='line_1_19' title="bbox 447 1503 2691 1596; baseline 0 -43"><span class='ocrx_word' id='word_1_246' title='bbox 447 1503 550 1571; x_wconf 69' lang='grc' dir='ltr'>ριόυ,</span> <span class='ocrx_word' id='word_1_247' title='bbox 585 1504 764 1570; x_wconf 77' lang='grc' dir='ltr'>λέγοντες</span> <span class='ocrx_word' id='word_1_248' title='bbox 798 1507 919 1570; x_wconf 76' lang='grc' dir='ltr'>αὐτῷ·</span> <span class='ocrx_word' id='word_1_249' title='bbox 956 1504 1078 1568; x_wconf 56' lang='lat' dir='ltr'>§nm</span> <span class='ocrx_word' id='word_1_250' title='bbox 1111 1529 1195 1560; x_wconf 74' lang='grc' dir='ltr'>ωως</span> <span class='ocrx_word' id='word_1_251' title='bbox 1226 1508 1453 1572; x_wconf 70' lang='grc' dir='ltr'>ἱερευργέῖς,</span> <span class='ocrx_word' id='word_1_252' title='bbox 1486 1528 1811 1572; x_wconf 84' lang='grc' dir='ltr'>παρεισταμενων</span> <span class='ocrx_word' id='word_1_253' title='bbox 1841 1530 1908 1555; x_wconf 88' lang='grc' dir='ltr'>και</span> <span class='ocrx_word' id='word_1_254' title='bbox 1927 1506 2339 1596; x_wconf 49' lang='grc' dir='ltr'>συλιλειτσυργουντων</span> <span class='ocrx_word' id='word_1_255' title='bbox 2372 1530 2431 1556; x_wconf 72' lang='grc' dir='ltr'>σοι</span> <span class='ocrx_word' id='word_1_256' title='bbox 2464 1528 2537 1557; x_wconf 90' lang='grc' dir='ltr'>των</span> <span class='ocrx_word' id='word_1_257' title='bbox 2569 1505 2691 1563; x_wconf 56' lang='lat' dir='ltr'>ficem„</span> 
     </span>
     <span class='ocr_line' id='line_1_20' title="bbox 449 1572 2695 1644; baseline 0.001 -20"><span class='ocrx_word' id='word_1_258' title='bbox 449 1573 657 1640; x_wconf 79' lang='grc' dir='ltr'>δυναμεων.</span> <span class='ocrx_word' id='word_1_259' title='bbox 690 1574 774 1625; x_wconf 77' lang='lat' dir='ltr'>Koa</span> <span class='ocrx_word' id='word_1_260' title='bbox 805 1597 871 1626; x_wconf 86' lang='grc' dir='ltr'>οτε</span> <span class='ocrx_word' id='word_1_261' title='bbox 902 1572 1013 1626; x_wconf 76' lang='grc' dir='ltr'>εἱωεν</span> <span class='ocrx_word' id='word_1_262' title='bbox 1045 1580 1062 1623; x_wconf 82' lang='grc' dir='ltr'>ὁ</span> <span class='ocrx_word' id='word_1_263' title='bbox 1097 1576 1260 1635; x_wconf 69' lang='grc' dir='ltr'>ὂιοῖκων,</span> <span class='ocrx_word' id='word_1_264' title='bbox 1294 1581 1443 1639; x_wconf 77' lang='grc' dir='ltr'>στῶμεν</span> <span class='ocrx_word' id='word_1_265' title='bbox 1474 1580 1621 1634; x_wconf 76' lang='grc' dir='ltr'>καλως,</span> <span class='ocrx_word' id='word_1_266' title='bbox 1658 1599 1809 1640; x_wconf 85' lang='grc' dir='ltr'>στωμεν</span> <span class='ocrx_word' id='word_1_267' title='bbox 1841 1576 1943 1641; x_wconf 74' lang='grc' dir='ltr'>μετὰ</span> <span class='ocrx_word' id='word_1_268' title='bbox 1973 1577 2063 1644; x_wconf 71' lang='grc' dir='ltr'>φὸβε</span> <span class='ocrx_word' id='word_1_269' title='bbox 2069 1601 2112 1638; x_wconf 83' lang='lat' dir='ltr'>v,</span> <span class='ocrx_word' id='word_1_270' title='bbox 2144 1601 2292 1629; x_wconf 76' lang='grc' dir='ltr'>ἠκουσα</span> <span class='ocrx_word' id='word_1_271' title='bbox 2325 1601 2364 1628; x_wconf 72' lang='grc' dir='ltr'>τι</span> <span class='ocrx_word' id='word_1_272' title='bbox 2370 1602 2392 1626; x_wconf 90' lang='grc' dir='ltr'>υ</span> <span class='ocrx_word' id='word_1_273' title='bbox 2422 1573 2568 1644; x_wconf 69' lang='grc' dir='ltr'><strong><em>ἄγγελε</em></strong></span> <span class='ocrx_word' id='word_1_274' title='bbox 2573 1601 2595 1626; x_wconf 87' lang='grc' dir='ltr'><strong><em>υ</em></strong></span> <span class='ocrx_word' id='word_1_275' title='bbox 2608 1576 2695 1626; x_wconf 81' lang='grc' dir='ltr'>λε’-</span> 
     </span>
     <span class='ocr_line' id='line_1_21' title="bbox 447 1645 2688 1718; baseline -0 -23"><span class='ocrx_word' id='word_1_276' title='bbox 447 1659 579 1712; x_wconf 72' lang='grc' dir='ltr'>γοντος</span> <span class='ocrx_word' id='word_1_277' title='bbox 611 1669 693 1702; x_wconf 79' lang='grc' dir='ltr'>τσις</span> <span class='ocrx_word' id='word_1_278' title='bbox 726 1647 1041 1712; x_wconf 73' lang='grc' dir='ltr'>παρισταμένσις·</span> <span class='ocrx_word' id='word_1_279' title='bbox 1077 1646 1218 1702; x_wconf 76' lang='grc' dir='ltr'>πάντες</span> <span class='ocrx_word' id='word_1_280' title='bbox 1250 1670 1352 1711; x_wconf 85' lang='grc' dir='ltr'>μετα</span> <span class='ocrx_word' id='word_1_281' title='bbox 1374 1648 1491 1715; x_wconf 65' lang='grc' dir='ltr'>φόβου</span> <span class='ocrx_word' id='word_1_282' title='bbox 1523 1670 1715 1705; x_wconf 82' lang='grc' dir='ltr'>στηκετε,</span> <span class='ocrx_word' id='word_1_283' title='bbox 1741 1670 1784 1715; x_wconf 81' lang='grc' dir='ltr'>φ</span> <span class='ocrx_word' id='word_1_284' title='bbox 1769 1645 1882 1714; x_wconf 71' lang='grc' dir='ltr'>οβερα</span> <span class='ocrx_word' id='word_1_285' title='bbox 1905 1671 1979 1713; x_wconf 78' lang='grc' dir='ltr'>γαρ</span> <span class='ocrx_word' id='word_1_286' title='bbox 2010 1648 2063 1699; x_wconf 75' lang='grc' dir='ltr'>τὰ</span> <span class='ocrx_word' id='word_1_287' title='bbox 2094 1671 2272 1716; x_wconf 65' lang='lat' dir='ltr'>napo-noc</span> <span class='ocrx_word' id='word_1_288' title='bbox 2293 1672 2503 1718; x_wconf 79' lang='grc' dir='ltr'>μυστηρια.</span> <span class='ocrx_word' id='word_1_289' title='bbox 2536 1664 2591 1704; x_wconf 77' lang='lat' dir='ltr'>Et</span> <span class='ocrx_word' id='word_1_290' title='bbox 2617 1666 2688 1704; x_wconf 69' lang='lat' dir='ltr'>m-</span> 
     </span>
     <span class='ocr_line' id='line_1_22' title="bbox 448 1732 2685 1787; baseline 0.001 -16"><span class='ocrx_word' id='word_1_291' title='bbox 448 1736 621 1772; x_wconf 73' lang='lat' dir='ltr'>troeaate</span> <span class='ocrx_word' id='word_1_292' title='bbox 647 1732 844 1772; x_wconf 80' lang='lat' dir='ltr'>sacerdote</span> <span class='ocrx_word' id='word_1_293' title='bbox 875 1745 962 1772; x_wconf 83' lang='lat' dir='ltr'>cum</span> <span class='ocrx_word' id='word_1_294' title='bbox 987 1733 1147 1772; x_wconf 81' lang='lat' dir='ltr'>diacono</span> <span class='ocrx_word' id='word_1_295' title='bbox 1175 1733 1228 1772; x_wconf 87' lang='lat' dir='ltr'>ad</span> <span class='ocrx_word' id='word_1_296' title='bbox 1259 1738 1410 1773; x_wconf 78' lang='lat' dir='ltr'>sanctas</span> <span class='ocrx_word' id='word_1_297' title='bbox 1438 1745 1499 1773; x_wconf 86' lang='lat' dir='ltr'>res</span> <span class='ocrx_word' id='word_1_298' title='bbox 1528 1732 1766 1784; x_wconf 78' lang='lat' dir='ltr'>inserendas,</span> <span class='ocrx_word' id='word_1_299' title='bbox 1795 1734 1933 1774; x_wconf 78' lang='lat' dir='ltr'>audivi</span> <span class='ocrx_word' id='word_1_300' title='bbox 1953 1735 2138 1786; x_wconf 74' lang='lat' dir='ltr'>anqelum</span> <span class='ocrx_word' id='word_1_301' title='bbox 2161 1735 2374 1776; x_wconf 77' lang='lat' dir='ltr'>dicentem:</span> <span class='ocrx_word' id='word_1_302' title='bbox 2393 1740 2513 1787; x_wconf 82' lang='lat' dir='ltr'>pater</span> <span class='ocrx_word' id='word_1_303' title='bbox 2539 1739 2685 1786; x_wconf 77' lang='lat' dir='ltr'>sancte,</span> 
     </span>
     <span class='ocr_line' id='line_1_23' title="bbox 446 1797 2691 1858; baseline 0.001 -15"><span class='ocrx_word' id='word_1_304' title='bbox 446 1805 555 1843; x_wconf 82' lang='lat' dir='ltr'>mitte</span> <span class='ocrx_word' id='word_1_305' title='bbox 582 1807 824 1855; x_wconf 74' lang='lat' dir='ltr'>mystaqoqos</span> <span class='ocrx_word' id='word_1_306' title='bbox 851 1805 1030 1856; x_wconf 71' lang='lat' dir='ltr'>anqelos,</span> <span class='ocrx_word' id='word_1_307' title='bbox 1058 1805 1206 1844; x_wconf 81' lang='lat' dir='ltr'>scilicet</span> <span class='ocrx_word' id='word_1_308' title='bbox 1224 1805 1280 1844; x_wconf 87' lang='lat' dir='ltr'>ad</span> <span class='ocrx_word' id='word_1_309' title='bbox 1299 1797 1569 1856; x_wconf 75' lang='lat' dir='ltr'>peraqendam</span> <span class='ocrx_word' id='word_1_310' title='bbox 1596 1805 1799 1856; x_wconf 65' lang='lat' dir='ltr'>titur-qiam</span> <span class='ocrx_word' id='word_1_311' title='bbox 1821 1810 1972 1845; x_wconf 80' lang='lat' dir='ltr'>sanctas</span> <span class='ocrx_word' id='word_1_312' title='bbox 1992 1809 2202 1857; x_wconf 80' lang='lat' dir='ltr'>potestates</span> <span class='ocrx_word' id='word_1_313' title='bbox 2230 1811 2330 1846; x_wconf 81' lang='lat' dir='ltr'>tuas.</span> <span class='ocrx_word' id='word_1_314' title='bbox 2371 1807 2535 1858; x_wconf 79' lang='lat' dir='ltr'>Vidique</span> <span class='ocrx_word' id='word_1_315' title='bbox 2561 1808 2691 1846; x_wconf 81' lang='lat' dir='ltr'>statim</span> 
     </span>
     <span class='ocr_line' id='line_1_24' title="bbox 447 1874 2693 1928; baseline 0.001 -15"><span class='ocrx_word' id='word_1_316' title='bbox 447 1874 544 1913; x_wconf 83' lang='lat' dir='ltr'>daos</span> <span class='ocrx_word' id='word_1_317' title='bbox 570 1875 727 1926; x_wconf 75' lang='lat' dir='ltr'>anqelos</span> <span class='ocrx_word' id='word_1_318' title='bbox 751 1875 798 1913; x_wconf 90' lang='lat' dir='ltr'>de</span> <span class='ocrx_word' id='word_1_319' title='bbox 823 1875 931 1914; x_wconf 83' lang='lat' dir='ltr'>eaelo</span> <span class='ocrx_word' id='word_1_320' title='bbox 958 1875 1228 1926; x_wconf 80' lang='lat' dir='ltr'>adventantes,</span> <span class='ocrx_word' id='word_1_321' title='bbox 1258 1876 1330 1926; x_wconf 81' lang='lat' dir='ltr'>qai</span> <span class='ocrx_word' id='word_1_322' title='bbox 1354 1887 1448 1915; x_wconf 76' lang='lat' dir='ltr'>mox</span> <span class='ocrx_word' id='word_1_323' title='bbox 1466 1875 1702 1916; x_wconf 83' lang='lat' dir='ltr'>sacerdotem</span> <span class='ocrx_word' id='word_1_324' title='bbox 1725 1887 1812 1915; x_wconf 84' lang='lat' dir='ltr'>cam</span> <span class='ocrx_word' id='word_1_325' title='bbox 1839 1876 1983 1916; x_wconf 80' lang='lat' dir='ltr'>sanctis</span> <span class='ocrx_word' id='word_1_326' title='bbox 2010 1877 2126 1917; x_wconf 81' lang='lat' dir='ltr'>rebus</span> <span class='ocrx_word' id='word_1_327' title='bbox 2153 1881 2192 1916; x_wconf 88' lang='lat' dir='ltr'>et</span> <span class='ocrx_word' id='word_1_328' title='bbox 2215 1876 2474 1917; x_wconf 73' lang='lat' dir='ltr'>immaculatis</span> <span class='ocrx_word' id='word_1_329' title='bbox 2498 1878 2693 1928; x_wconf 75' lang='lat' dir='ltr'>mysteriis</span> 
     </span>
     <span class='ocr_line' id='line_1_25' title="bbox 446 1945 2692 1999; baseline 0.001 -16"><span class='ocrx_word' id='word_1_330' title='bbox 446 1948 636 1995; x_wconf 72' lang='lat' dir='ltr'>qestantes</span> <span class='ocrx_word' id='word_1_331' title='bbox 658 1945 712 1984; x_wconf 88' lang='lat' dir='ltr'>ad</span> <span class='ocrx_word' id='word_1_332' title='bbox 737 1946 865 1984; x_wconf 82' lang='lat' dir='ltr'>altare</span> <span class='ocrx_word' id='word_1_333' title='bbox 891 1946 1214 1996; x_wconf 75' lang='lat' dir='ltr'>introduxerunt,</span> <span class='ocrx_word' id='word_1_334' title='bbox 1243 1946 1411 1986; x_wconf 72' lang='lat' dir='ltr'>dicentes</span> <span class='ocrx_word' id='word_1_335' title='bbox 1432 1947 1495 1985; x_wconf 86' lang='lat' dir='ltr'>ei:</span> <span class='ocrx_word' id='word_1_336' title='bbox 1521 1947 1678 1997; x_wconf 79' lang='lat' dir='ltr'>videsis,</span> <span class='ocrx_word' id='word_1_337' title='bbox 1707 1946 1895 1998; x_wconf 79' lang='lat' dir='ltr'>quomodo</span> <span class='ocrx_word' id='word_1_338' title='bbox 1921 1947 2127 1998; x_wconf 73' lang='lat' dir='ltr'>liturqiam</span> <span class='ocrx_word' id='word_1_339' title='bbox 2143 1959 2340 1999; x_wconf 74' lang='lat' dir='ltr'>peraqas5</span> <span class='ocrx_word' id='word_1_340' title='bbox 2364 1949 2504 1987; x_wconf 82' lang='lat' dir='ltr'>etenim</span> <span class='ocrx_word' id='word_1_341' title='bbox 2528 1947 2599 1988; x_wconf 75' lang='lat' dir='ltr'>tihi</span> <span class='ocrx_word' id='word_1_342' title='bbox 2618 1947 2692 1986; x_wconf 84' lang='lat' dir='ltr'>ad-</span> 
     </span>
     <span class='ocr_line' id='line_1_26' title="bbox 445 2017 2692 2069; baseline 0.001 -14"><span class='ocrx_word' id='word_1_343' title='bbox 445 2020 551 2055; x_wconf 77' lang='lat' dir='ltr'>stant</span> <span class='ocrx_word' id='word_1_344' title='bbox 578 2017 770 2067; x_wconf 79' lang='lat' dir='ltr'>simulque</span> <span class='ocrx_word' id='word_1_345' title='bbox 798 2017 1021 2056; x_wconf 80' lang='lat' dir='ltr'>ministrant</span> <span class='ocrx_word' id='word_1_346' title='bbox 1045 2017 1201 2069; x_wconf 77' lang='lat' dir='ltr'>divinae</span> <span class='ocrx_word' id='word_1_347' title='bbox 1226 2021 1444 2069; x_wconf 80' lang='lat' dir='ltr'>potestates.</span> <span class='ocrx_word' id='word_1_348' title='bbox 1478 2018 1532 2056; x_wconf 90' lang='lat' dir='ltr'>Et</span> <span class='ocrx_word' id='word_1_349' title='bbox 1559 2029 1646 2058; x_wconf 80' lang='lat' dir='ltr'>cum</span> <span class='ocrx_word' id='word_1_350' title='bbox 1674 2017 1782 2056; x_wconf 77' lang='lat' dir='ltr'>dixit</span> <span class='ocrx_word' id='word_1_351' title='bbox 1805 2017 2016 2057; x_wconf 75' lang='lat' dir='ltr'>diaeonus:</span> <span class='ocrx_word' id='word_1_352' title='bbox 2039 2022 2180 2058; x_wconf 81' lang='lat' dir='ltr'>stemus</span> <span class='ocrx_word' id='word_1_353' title='bbox 2209 2019 2406 2068; x_wconf 77' lang='lat' dir='ltr'>decenter,</span> <span class='ocrx_word' id='word_1_354' title='bbox 2434 2022 2576 2058; x_wconf 76' lang='lat' dir='ltr'>stemus</span> <span class='ocrx_word' id='word_1_355' title='bbox 2603 2029 2692 2058; x_wconf 81' lang='lat' dir='ltr'>cum</span> 
     </span>
     <span class='ocr_line' id='line_1_27' title="bbox 447 2087 2690 2139; baseline -0 -13"><span class='ocrx_word' id='word_1_356' title='bbox 447 2087 610 2138; x_wconf 77' lang='lat' dir='ltr'>timore5</span> <span class='ocrx_word' id='word_1_357' title='bbox 639 2088 796 2138; x_wconf 82' lang='lat' dir='ltr'>audivi,</span> <span class='ocrx_word' id='word_1_358' title='bbox 827 2089 1011 2139; x_wconf 76' lang='lat' dir='ltr'>anqetum</span> <span class='ocrx_word' id='word_1_359' title='bbox 1040 2088 1228 2128; x_wconf 76' lang='lat' dir='ltr'>dicentem</span> <span class='ocrx_word' id='word_1_360' title='bbox 1258 2088 1524 2128; x_wconf 82' lang='lat' dir='ltr'>adstantibus:</span> <span class='ocrx_word' id='word_1_361' title='bbox 1554 2090 1681 2138; x_wconf 80' lang='lat' dir='ltr'>cuncti</span> <span class='ocrx_word' id='word_1_362' title='bbox 1706 2100 1794 2128; x_wconf 82' lang='lat' dir='ltr'>cum</span> <span class='ocrx_word' id='word_1_363' title='bbox 1825 2090 1961 2127; x_wconf 85' lang='lat' dir='ltr'>timore</span> <span class='ocrx_word' id='word_1_364' title='bbox 1988 2091 2204 2139; x_wconf 72' lang='lat' dir='ltr'>consistite3</span> <span class='ocrx_word' id='word_1_365' title='bbox 2231 2093 2323 2128; x_wconf 79' lang='lat' dir='ltr'>sant</span> <span class='ocrx_word' id='word_1_366' title='bbox 2354 2090 2455 2127; x_wconf 77' lang='lat' dir='ltr'>enim</span> <span class='ocrx_word' id='word_1_367' title='bbox 2484 2088 2690 2127; x_wconf 67' lang='grc'><strong>11000110·-</strong></span> 
     </span>
     <span class='ocr_line' id='line_1_28' title="bbox 446 2157 2690 2215; baseline 0 -17"><span class='ocrx_word' id='word_1_368' title='bbox 446 2160 587 2215; x_wconf 80' lang='lat' dir='ltr'>menda</span> <span class='ocrx_word' id='word_1_369' title='bbox 614 2162 815 2210; x_wconf 73' lang='lat' dir='ltr'>mysteria.</span> <span class='ocrx_word' id='word_1_370' title='bbox 848 2159 911 2199; x_wconf 90' lang='lat' dir='ltr'>De</span> <span class='ocrx_word' id='word_1_371' title='bbox 941 2159 1021 2202; x_wconf 88' lang='lat' dir='ltr'>hac</span> <span class='ocrx_word' id='word_1_372' title='bbox 1047 2157 1428 2200; x_wconf 79' lang='lat' dir='ltr'>consecrandorum</span> <span class='ocrx_word' id='word_1_373' title='bbox 1459 2158 1671 2200; x_wconf 88' lang='lat' dir='ltr'>donorum</span> <span class='ocrx_word' id='word_1_374' title='bbox 1693 2158 1887 2211; x_wconf 87' lang='lat' dir='ltr'>sollemni</span> <span class='ocrx_word' id='word_1_375' title='bbox 1917 2159 2147 2212; x_wconf 86' lang='lat' dir='ltr'>gestatione</span> <span class='ocrx_word' id='word_1_376' title='bbox 2170 2171 2220 2199; x_wconf 82' lang='lat' dir='ltr'>ex</span> <span class='ocrx_word' id='word_1_377' title='bbox 2241 2157 2432 2212; x_wconf 87' lang='lat' dir='ltr'>prothesi</span> <span class='ocrx_word' id='word_1_378' title='bbox 2460 2157 2513 2199; x_wconf 82' lang='lat' dir='ltr'>ad</span> <span class='ocrx_word' id='word_1_379' title='bbox 2540 2157 2690 2210; x_wconf 82' lang='lat' dir='ltr'>altare,</span> 
     </span>
     <span class='ocr_line' id='line_1_29' title="bbox 448 2226 2691 2283; baseline -0.001 -13"><span class='ocrx_word' id='word_1_380' title='bbox 448 2241 534 2270; x_wconf 89' lang='lat' dir='ltr'>non</span> <span class='ocrx_word' id='word_1_381' title='bbox 565 2229 652 2270; x_wconf 89' lang='lat' dir='ltr'>sine</span> <span class='ocrx_word' id='word_1_382' title='bbox 672 2229 822 2283; x_wconf 86' lang='lat' dir='ltr'>populi</span> <span class='ocrx_word' id='word_1_383' title='bbox 844 2229 1150 2270; x_wconf 84' lang='lat' dir='ltr'>circumstantis</span> <span class='ocrx_word' id='word_1_384' title='bbox 1179 2228 1496 2269; x_wconf 87' lang='lat' dir='ltr'>adorationibus</span> <span class='ocrx_word' id='word_1_385' title='bbox 1516 2233 1642 2282; x_wconf 86' lang='lat' dir='ltr'>atque</span> <span class='ocrx_word' id='word_1_386' title='bbox 1672 2229 1863 2283; x_wconf 75' lang='lat' dir='ltr'>hymnis,</span> <span class='ocrx_word' id='word_1_387' title='bbox 1887 2233 1998 2271; x_wconf 82' lang='lat' dir='ltr'>extat</span> <span class='ocrx_word' id='word_1_388' title='bbox 2030 2230 2220 2282; x_wconf 85' lang='lat' dir='ltr'>(praeter</span> <span class='ocrx_word' id='word_1_389' title='bbox 2240 2226 2317 2269; x_wconf 82' lang='lat' dir='ltr'>alia</span> <span class='ocrx_word' id='word_1_390' title='bbox 2348 2227 2552 2280; x_wconf 82' lang='lat' dir='ltr'>aliorum)</span> <span class='ocrx_word' id='word_1_391' title='bbox 2584 2240 2691 2282; x_wconf 86' lang='lat' dir='ltr'>opu-</span> 
     </span>
     <span class='ocr_line' id='line_1_30' title="bbox 449 2296 2691 2355; baseline -0 -15"><span class='ocrx_word' id='word_1_392' title='bbox 449 2300 612 2341; x_wconf 87' lang='lat' dir='ltr'>sculum</span> <span class='ocrx_word' id='word_1_393' title='bbox 642 2300 954 2354; x_wconf 84' lang='lat' dir='ltr'>apologeticum</span> <span class='ocrx_word' id='word_1_394' title='bbox 986 2299 1219 2341; x_wconf 69' lang='lat' dir='ltr'>Gabi-inens</span> <span class='ocrx_word' id='word_1_395' title='bbox 1249 2299 1648 2354; x_wconf 79' lang='lat' dir='ltr'>philadelphiensis3</span> <span class='ocrx_word' id='word_1_396' title='bbox 1671 2299 1739 2341; x_wconf 91' lang='lat' dir='ltr'>cui</span> <span class='ocrx_word' id='word_1_397' title='bbox 1762 2298 2021 2341; x_wconf 85' lang='lat' dir='ltr'>doctissimas</span> <span class='ocrx_word' id='word_1_398' title='bbox 2051 2298 2432 2340; x_wconf 87' lang='lat' dir='ltr'>animadversiones</span> <span class='ocrx_word' id='word_1_399' title='bbox 2456 2296 2691 2355; x_wconf 82' lang='lat' dir='ltr'>Richardus</span> 
     </span>
     <span class='ocr_line' id='line_1_31' title="bbox 449 2360 2693 2426; baseline -0.001 -15"><span class='ocrx_word' id='word_1_400' title='bbox 449 2371 658 2412; x_wconf 89' lang='lat' dir='ltr'>Simonius</span> <span class='ocrx_word' id='word_1_401' title='bbox 688 2371 879 2412; x_wconf 82' lang='lat' dir='ltr'>attexuit.</span> <span class='ocrx_word' id='word_1_402' title='bbox 915 2371 1001 2426; x_wconf 85' lang='lat' dir='ltr'>Nos</span> <span class='ocrx_word' id='word_1_403' title='bbox 1031 2382 1125 2411; x_wconf 84' lang='lat' dir='ltr'>cuin</span> <span class='ocrx_word' id='word_1_404' title='bbox 1158 2369 1368 2424; x_wconf 84' lang='lat' dir='ltr'>Eutychio</span> <span class='ocrx_word' id='word_1_405' title='bbox 1400 2360 1627 2424; x_wconf 81' lang='lat' dir='ltr'>byzantino</span> <span class='ocrx_word' id='word_1_406' title='bbox 1658 2368 1895 2424; x_wconf 85' lang='lat' dir='ltr'>patriarcha</span> <span class='ocrx_word' id='word_1_407' title='bbox 1924 2369 2030 2410; x_wconf 89' lang='lat' dir='ltr'>ritus</span> <span class='ocrx_word' id='word_1_408' title='bbox 2059 2369 2183 2410; x_wconf 89' lang='lat' dir='ltr'>huius</span> <span class='ocrx_word' id='word_1_409' title='bbox 2219 2380 2427 2412; x_wconf 82' lang='lat' dir='ltr'>excessum</span> <span class='ocrx_word' id='word_1_410' title='bbox 2458 2367 2693 2422; x_wconf 83' lang='lat' dir='ltr'>repreben-</span> 
     </span>
     <span class='ocr_line' id='line_1_32' title="bbox 449 2441 1615 2494; baseline -0.004 -11"><span class='ocrx_word' id='word_1_411' title='bbox 449 2441 587 2483; x_wconf 88' lang='lat' dir='ltr'>dimus</span> <span class='ocrx_word' id='word_1_412' title='bbox 617 2443 664 2483; x_wconf 84' lang='lat' dir='ltr'>T.</span> <span class='ocrx_word' id='word_1_413' title='bbox 690 2442 764 2483; x_wconf 90' lang='lat' dir='ltr'>IV.</span> <span class='ocrx_word' id='word_1_414' title='bbox 791 2445 901 2494; x_wconf 82' lang='lat' dir='ltr'>part.</span> <span class='ocrx_word' id='word_1_415' title='bbox 928 2442 963 2482; x_wconf 92' lang='lat' dir='ltr'>I.</span> <span class='ocrx_word' id='word_1_416' title='bbox 991 2453 1033 2494; x_wconf 87' lang='lat' dir='ltr'>p.</span> <span class='ocrx_word' id='word_1_417' title='bbox 1060 2441 1131 2480; x_wconf 83' lang='grc'>61.</span> <span class='ocrx_word' id='word_1_418' title='bbox 1612 2452 1615 2454; x_wconf 61' lang='grc'>’</span> 
     </span>
     <span class='ocr_line' id='line_1_33' title="bbox 1422 2513 1722 2555; baseline -0.003 -1"><span class='ocrx_word' id='word_1_419' title='bbox 1422 2513 1597 2555; x_wconf 81' lang='lat' dir='ltr'><strong>IMAGO</strong></span> <span class='ocrx_word' id='word_1_420' title='bbox 1626 2513 1722 2554; x_wconf 84' lang='lat' dir='ltr'>vll.</span> 
     </span>
    </p>
   </div>
   <div class='ocr_carea' id='block_1_5' title="bbox 450 2583 2761 3431">
    <p class='ocr_par' dir='ltr' id='par_1_5' title="bbox 450 2583 2761 3427">
     <span class='ocr_line' id='line_1_34' title="bbox 566 2583 2692 2644; baseline -0.001 -11"><span class='ocrx_word' id='word_1_421' title='bbox 566 2591 931 2633; x_wconf 90' lang='lat' dir='ltr'>Consecrationem</span> <span class='ocrx_word' id='word_1_422' title='bbox 955 2595 1198 2633; x_wconf 86' lang='lat' dir='ltr'>sanctorum</span> <span class='ocrx_word' id='word_1_423' title='bbox 1221 2602 1442 2632; x_wconf 90' lang='lat' dir='ltr'>munerum</span> <span class='ocrx_word' id='word_1_424' title='bbox 1466 2589 1559 2631; x_wconf 91' lang='lat' dir='ltr'>heic</span> <span class='ocrx_word' id='word_1_425' title='bbox 1579 2589 1671 2631; x_wconf 85' lang='lat' dir='ltr'>fieri</span> <span class='ocrx_word' id='word_1_426' title='bbox 1685 2620 1696 2642; x_wconf 93' lang='lat'>,</span> <span class='ocrx_word' id='word_1_427' title='bbox 1721 2588 1880 2631; x_wconf 87' lang='lat' dir='ltr'>indicat</span> <span class='ocrx_word' id='word_1_428' title='bbox 1901 2583 2059 2631; x_wconf 81' lang='lat' dir='ltr'>domini</span> <span class='ocrx_word' id='word_1_429' title='bbox 2081 2589 2172 2631; x_wconf 91' lang='lat' dir='ltr'>Iesu</span> <span class='ocrx_word' id='word_1_430' title='bbox 2197 2588 2367 2644; x_wconf 88' lang='lat' dir='ltr'>puerilis</span> <span class='ocrx_word' id='word_1_431' title='bbox 2388 2588 2525 2643; x_wconf 84' lang='lat' dir='ltr'>figura</span> <span class='ocrx_word' id='word_1_432' title='bbox 2549 2587 2692 2630; x_wconf 89' lang='lat' dir='ltr'>medio</span> 
     </span>
     <span class='ocr_line' id='line_1_35' title="bbox 450 2659 2694 2717; baseline -0 -14"><span class='ocrx_word' id='word_1_433' title='bbox 450 2662 493 2703; x_wconf 89' lang='lat' dir='ltr'>in</span> <span class='ocrx_word' id='word_1_434' title='bbox 524 2661 643 2703; x_wconf 85' lang='lat' dir='ltr'>altari</span> <span class='ocrx_word' id='word_1_435' title='bbox 674 2661 888 2715; x_wconf 86' lang='lat' dir='ltr'>sublimis,</span> <span class='ocrx_word' id='word_1_436' title='bbox 914 2663 1066 2717; x_wconf 85' lang='lat' dir='ltr'>stipata</span> <span class='ocrx_word' id='word_1_437' title='bbox 1095 2662 1329 2717; x_wconf 89' lang='lat' dir='ltr'>seraphinis</span> <span class='ocrx_word' id='word_1_438' title='bbox 1358 2665 1484 2715; x_wconf 88' lang='lat' dir='ltr'>atque</span> <span class='ocrx_word' id='word_1_439' title='bbox 1512 2660 1774 2712; x_wconf 87' lang='lat' dir='ltr'>cherubinis,</span> <span class='ocrx_word' id='word_1_440' title='bbox 1797 2665 2009 2715; x_wconf 84' lang='lat' dir='ltr'>tamquam</span> <span class='ocrx_word' id='word_1_441' title='bbox 2034 2661 2128 2701; x_wconf 74' lang='lat' dir='ltr'>rota</span> <span class='ocrx_word' id='word_1_442' title='bbox 2152 2659 2507 2714; x_wconf 71' lang='lat' dir='ltr'>splendidissima,</span> <span class='ocrx_word' id='word_1_443' title='bbox 2530 2659 2694 2714; x_wconf 75' lang='lat' dir='ltr'>aliaque</span> 
     </span>
     <span class='ocr_line' id='line_1_36' title="bbox 451 2730 2694 2787; baseline 0 -14"><span class='ocrx_word' id='word_1_444' title='bbox 451 2734 623 2787; x_wconf 88' lang='lat' dir='ltr'>insuper</span> <span class='ocrx_word' id='word_1_445' title='bbox 653 2733 900 2786; x_wconf 88' lang='lat' dir='ltr'>angelorum</span> <span class='ocrx_word' id='word_1_446' title='bbox 930 2733 1058 2774; x_wconf 68' lang='lat' dir='ltr'>turba</span> <span class='ocrx_word' id='word_1_447' title='bbox 1087 2738 1273 2787; x_wconf 89' lang='lat' dir='ltr'>utroque</span> <span class='ocrx_word' id='word_1_448' title='bbox 1295 2745 1344 2774; x_wconf 85' lang='lat' dir='ltr'>ex</span> <span class='ocrx_word' id='word_1_449' title='bbox 1375 2733 1505 2774; x_wconf 86' lang='lat' dir='ltr'>latere</span> <span class='ocrx_word' id='word_1_450' title='bbox 1536 2731 1801 2774; x_wconf 86' lang='lat' dir='ltr'>adorantium</span> <span class='ocrx_word' id='word_1_451' title='bbox 1831 2743 2058 2786; x_wconf 88' lang='lat' dir='ltr'>precesque</span> <span class='ocrx_word' id='word_1_452' title='bbox 2079 2730 2412 2785; x_wconf 83' lang='lat' dir='ltr'>suscipientium.</span> <span class='ocrx_word' id='word_1_453' title='bbox 2446 2733 2584 2784; x_wconf 87' lang='lat' dir='ltr'>Atque</span> <span class='ocrx_word' id='word_1_454' title='bbox 2609 2730 2694 2773; x_wconf 90' lang='lat' dir='ltr'>hoc</span> 
     </span>
     <span class='ocr_line' id='line_1_37' title="bbox 455 2799 2693 2860; baseline -0.001 -16"><span class='ocrx_word' id='word_1_455' title='bbox 455 2803 676 2860; x_wconf 85' lang='lat' dir='ltr'>praecipue</span> <span class='ocrx_word' id='word_1_456' title='bbox 706 2808 896 2857; x_wconf 89' lang='lat' dir='ltr'>tempore</span> <span class='ocrx_word' id='word_1_457' title='bbox 924 2805 1227 2847; x_wconf 86' lang='lat' dir='ltr'>circumsistere</span> <span class='ocrx_word' id='word_1_458' title='bbox 1257 2804 1387 2845; x_wconf 85' lang='lat' dir='ltr'>altare</span> <span class='ocrx_word' id='word_1_459' title='bbox 1413 2804 1610 2857; x_wconf 88' lang='lat' dir='ltr'>angelos,</span> <span class='ocrx_word' id='word_1_460' title='bbox 1635 2803 1696 2856; x_wconf 18' lang='lat' dir='ltr'>ait·</span> <span class='ocrx_word' id='word_1_461' title='bbox 1719 2802 2043 2857; x_wconf 82' lang='lat' dir='ltr'>Chrysostomus</span> <span class='ocrx_word' id='word_1_462' title='bbox 2070 2801 2216 2843; x_wconf 91' lang='lat' dir='ltr'>homil.</span> <span class='ocrx_word' id='word_1_463' title='bbox 2244 2802 2323 2843; x_wconf 87' lang='lat'>111.</span> <span class='ocrx_word' id='word_1_464' title='bbox 2349 2814 2392 2842; x_wconf 91' lang='lat' dir='ltr'>n.</span> <span class='ocrx_word' id='word_1_465' title='bbox 2420 2801 2461 2841; x_wconf 81' lang='lat'>5.</span> <span class='ocrx_word' id='word_1_466' title='bbox 2486 2801 2528 2842; x_wconf 87' lang='lat' dir='ltr'>in</span> <span class='ocrx_word' id='word_1_467' title='bbox 2548 2812 2617 2855; x_wconf 81' lang='lat' dir='ltr'>ep.</span> <span class='ocrx_word' id='word_1_468' title='bbox 2642 2799 2693 2844; x_wconf 85' lang='lat' dir='ltr'>ad</span> 
     </span>
     <span class='ocr_line' id='line_1_38' title="bbox 455 2870 2692 2928; baseline -0.001 -13"><span class='ocrx_word' id='word_1_469' title='bbox 455 2874 681 2928; x_wconf 86' lang='lat' dir='ltr'>Ephesios,</span> <span class='ocrx_word' id='word_1_470' title='bbox 705 2879 746 2916; x_wconf 88' lang='lat' dir='ltr'>et</span> <span class='ocrx_word' id='word_1_471' title='bbox 767 2875 818 2916; x_wconf 90' lang='lat' dir='ltr'>de</span> <span class='ocrx_word' id='word_1_472' title='bbox 842 2874 1076 2916; x_wconf 83' lang='lat' dir='ltr'>sacerdotio</span> <span class='ocrx_word' id='word_1_473' title='bbox 1107 2875 1184 2917; x_wconf 89' lang='lat' dir='ltr'>lib.</span> <span class='ocrx_word' id='word_1_474' title='bbox 1210 2876 1286 2916; x_wconf 83' lang='lat' dir='ltr'>VI.</span> <span class='ocrx_word' id='word_1_475' title='bbox 1311 2876 1354 2916; x_wconf 84' lang='lat'>4.</span> <span class='ocrx_word' id='word_1_476' title='bbox 1382 2876 1432 2916; x_wconf 85' lang='lat' dir='ltr'>Et</span> <span class='ocrx_word' id='word_1_477' title='bbox 1462 2887 1558 2916; x_wconf 89' lang='lat' dir='ltr'>cum</span> <span class='ocrx_word' id='word_1_478' title='bbox 1581 2874 1785 2927; x_wconf 89' lang='lat' dir='ltr'>Gregorio</span> <span class='ocrx_word' id='word_1_479' title='bbox 1810 2874 1892 2915; x_wconf 88' lang='grc' dir='ltr'>ΡΡ.</span> <span class='ocrx_word' id='word_1_480' title='bbox 1919 2874 1960 2914; x_wconf 89' lang='lat' dir='ltr'>S.</span> <span class='ocrx_word' id='word_1_481' title='bbox 1986 2874 2135 2914; x_wconf 87' lang='lat' dir='ltr'>Petrus</span> <span class='ocrx_word' id='word_1_482' title='bbox 2155 2872 2384 2914; x_wconf 83' lang='lat' dir='ltr'>Damianus</span> <span class='ocrx_word' id='word_1_483' title='bbox 2409 2870 2522 2926; x_wconf 86' lang='lat' dir='ltr'>apud</span> <span class='ocrx_word' id='word_1_484' title='bbox 2551 2883 2630 2913; x_wconf 86' lang='lat' dir='ltr'>nos</span> <span class='ocrx_word' id='word_1_485' title='bbox 2649 2871 2692 2912; x_wconf 91' lang='lat' dir='ltr'>in</span> 
     </span>
     <span class='ocr_line' id='line_1_39' title="bbox 456 2941 2692 3000; baseline -0.001 -14"><span class='ocrx_word' id='word_1_486' title='bbox 456 2945 662 2999; x_wconf 88' lang='lat' dir='ltr'>opusculo</span> <span class='ocrx_word' id='word_1_487' title='bbox 693 2946 775 2987; x_wconf 85' lang='lat' dir='ltr'>iam</span> <span class='ocrx_word' id='word_1_488' title='bbox 806 2947 934 2987; x_wconf 84' lang='lat' dir='ltr'>citato</span> <span class='ocrx_word' id='word_1_489' title='bbox 962 2965 976 2980; x_wconf 85' lang='grc'><strong>«</strong></span> <span class='ocrx_word' id='word_1_490' title='bbox 1004 2947 1046 2987; x_wconf 85' lang='grc'>111</span> <span class='ocrx_word' id='word_1_491' title='bbox 1078 2946 1170 3000; x_wconf 88' lang='lat' dir='ltr'>ipsa</span> <span class='ocrx_word' id='word_1_492' title='bbox 1200 2946 1500 2987; x_wconf 85' lang='lat' dir='ltr'>immolationis</span> <span class='ocrx_word' id='word_1_493' title='bbox 1530 2946 1634 2987; x_wconf 85' lang='lat' dir='ltr'>hora</span> <span class='ocrx_word' id='word_1_494' title='bbox 1662 2944 1718 2986; x_wconf 86' lang='lat' dir='ltr'>ad</span> <span class='ocrx_word' id='word_1_495' title='bbox 1748 2943 1978 2986; x_wconf 86' lang='lat' dir='ltr'>sacerdotis</span> <span class='ocrx_word' id='word_1_496' title='bbox 2004 2955 2153 2985; x_wconf 85' lang='lat' dir='ltr'>vocem</span> <span class='ocrx_word' id='word_1_497' title='bbox 2181 2942 2316 2984; x_wconf 88' lang='lat' dir='ltr'>caelos</span> <span class='ocrx_word' id='word_1_498' title='bbox 2345 2942 2524 2999; x_wconf 79' lang='lat' dir='ltr'>aperiri,</span> <span class='ocrx_word' id='word_1_499' title='bbox 2545 2942 2590 2983; x_wconf 92' lang='lat' dir='ltr'>in</span> <span class='ocrx_word' id='word_1_500' title='bbox 2616 2941 2692 2984; x_wconf 89' lang='lat' dir='ltr'>illo</span> 
     </span>
     <span class='ocr_line' id='line_1_40' title="bbox 463 3011 2693 3071; baseline -0.002 -13"><span class='ocrx_word' id='word_1_501' title='bbox 463 3036 477 3050; x_wconf 88' lang='lat'>»</span> <span class='ocrx_word' id='word_1_502' title='bbox 513 3018 712 3071; x_wconf 81' lang='lat' dir='ltr'>mysterio</span> <span class='ocrx_word' id='word_1_503' title='bbox 744 3017 898 3058; x_wconf 85' lang='lat' dir='ltr'>choros</span> <span class='ocrx_word' id='word_1_504' title='bbox 928 3018 1174 3071; x_wconf 86' lang='lat' dir='ltr'>angelorum</span> <span class='ocrx_word' id='word_1_505' title='bbox 1205 3017 1369 3069; x_wconf 87' lang='lat' dir='ltr'>adesse,</span> <span class='ocrx_word' id='word_1_506' title='bbox 1402 3018 1572 3064; x_wconf 86' lang='lat' dir='ltr'>summis</span> <span class='ocrx_word' id='word_1_507' title='bbox 1601 3017 1682 3057; x_wconf 84' lang='lat' dir='ltr'>ima</span> <span class='ocrx_word' id='word_1_508' title='bbox 1714 3011 1890 3070; x_wconf 80' lang='lat' dir='ltr'>sociari,</span> <span class='ocrx_word' id='word_1_509' title='bbox 1923 3019 2080 3056; x_wconf 85' lang='grc'><strong>10113111</strong></span> <span class='ocrx_word' id='word_1_510' title='bbox 2111 3013 2359 3056; x_wconf 88' lang='lat' dir='ltr'>caelestibus</span> <span class='ocrx_word' id='word_1_511' title='bbox 2386 3013 2530 3067; x_wconf 90' lang='lat' dir='ltr'>iungi,</span> <span class='ocrx_word' id='word_1_512' title='bbox 2561 3025 2693 3054; x_wconf 90' lang='lat' dir='ltr'>unum</span> 
     </span>
     <span class='ocr_line' id='line_1_41' title="bbox 463 3084 2694 3141; baseline -0.002 -12"><span class='ocrx_word' id='word_1_513' title='bbox 463 3107 478 3122; x_wconf 85' lang='lat'>»</span> <span class='ocrx_word' id='word_1_514' title='bbox 514 3092 556 3129; x_wconf 87' lang='lat' dir='ltr'>et</span> <span class='ocrx_word' id='word_1_515' title='bbox 583 3087 691 3129; x_wconf 90' lang='lat' dir='ltr'>idem</span> <span class='ocrx_word' id='word_1_516' title='bbox 724 3101 771 3129; x_wconf 89' lang='lat' dir='ltr'>ex</span> <span class='ocrx_word' id='word_1_517' title='bbox 803 3088 1037 3130; x_wconf 81' lang='lat' dir='ltr'>visibilibus</span> <span class='ocrx_word' id='word_1_518' title='bbox 1060 3093 1100 3130; x_wconf 91' lang='lat' dir='ltr'>et</span> <span class='ocrx_word' id='word_1_519' title='bbox 1122 3088 1401 3130; x_wconf 77' lang='lat' dir='ltr'>invisibilibus</span> <span class='ocrx_word' id='word_1_520' title='bbox 1431 3087 1533 3129; x_wconf 88' lang='lat' dir='ltr'>fieri.</span> <span class='ocrx_word' id='word_1_521' title='bbox 1569 3107 1584 3123; x_wconf 91' lang='lat'>»</span> <span class='ocrx_word' id='word_1_522' title='bbox 1612 3089 1698 3129; x_wconf 88' lang='lat' dir='ltr'>Iam</span> <span class='ocrx_word' id='word_1_523' title='bbox 1729 3086 1844 3141; x_wconf 91' lang='lat' dir='ltr'>quod</span> <span class='ocrx_word' id='word_1_524' title='bbox 1874 3087 2023 3127; x_wconf 84' lang='lat' dir='ltr'>attinet</span> <span class='ocrx_word' id='word_1_525' title='bbox 2054 3085 2106 3126; x_wconf 91' lang='lat' dir='ltr'>ad</span> <span class='ocrx_word' id='word_1_526' title='bbox 2129 3084 2338 3127; x_wconf 88' lang='lat' dir='ltr'>flammam</span> <span class='ocrx_word' id='word_1_527' title='bbox 2365 3096 2452 3139; x_wconf 90' lang='lat' dir='ltr'>quo</span> <span class='ocrx_word' id='word_1_528' title='bbox 2480 3087 2596 3125; x_wconf 89' lang='lat' dir='ltr'>totus</span> <span class='ocrx_word' id='word_1_529' title='bbox 2625 3096 2694 3125; x_wconf 83' lang='lat' dir='ltr'>sa-</span> 
     </span>
     <span class='ocr_line' id='line_1_42' title="bbox 458 3154 2694 3212; baseline -0.001 -13"><span class='ocrx_word' id='word_1_530' title='bbox 458 3158 606 3200; x_wconf 85' lang='lat' dir='ltr'>cerdos</span> <span class='ocrx_word' id='word_1_531' title='bbox 636 3159 890 3211; x_wconf 82' lang='lat' dir='ltr'>involvitur,</span> <span class='ocrx_word' id='word_1_532' title='bbox 917 3172 1091 3212; x_wconf 84' lang='lat' dir='ltr'>graecae</span> <span class='ocrx_word' id='word_1_533' title='bbox 1122 3160 1315 3201; x_wconf 86' lang='lat' dir='ltr'>ecclcsiae</span> <span class='ocrx_word' id='word_1_534' title='bbox 1347 3159 1573 3201; x_wconf 84' lang='lat' dir='ltr'>catechesis</span> <span class='ocrx_word' id='word_1_535' title='bbox 1604 3172 1647 3212; x_wconf 90' lang='lat' dir='ltr'>p.</span> <span class='ocrx_word' id='word_1_536' title='bbox 1681 3160 1776 3205; x_wconf 80' lang='lat'>175.</span> <span class='ocrx_word' id='word_1_537' title='bbox 1809 3161 1951 3198; x_wconf 87' lang='lat' dir='ltr'>narrat</span> <span class='ocrx_word' id='word_1_538' title='bbox 1985 3168 2183 3210; x_wconf 85' lang='lat' dir='ltr'>magnum</span> <span class='ocrx_word' id='word_1_539' title='bbox 2205 3156 2399 3198; x_wconf 77' lang='lat' dir='ltr'>Basiliam</span> <span class='ocrx_word' id='word_1_540' title='bbox 2427 3154 2582 3196; x_wconf 83' lang='lat' dir='ltr'>vidisse</span> <span class='ocrx_word' id='word_1_541' title='bbox 2611 3155 2694 3196; x_wconf 84' lang='lat' dir='ltr'>im-</span> 
     </span>
     <span class='ocr_line' id='line_1_43' title="bbox 457 3226 2758 3284; baseline -0 -15"><span class='ocrx_word' id='word_1_542' title='bbox 457 3242 645 3271; x_wconf 88' lang='lat' dir='ltr'>mensum</span> <span class='ocrx_word' id='word_1_543' title='bbox 676 3230 813 3284; x_wconf 86' lang='lat' dir='ltr'>iguem</span> <span class='ocrx_word' id='word_1_544' title='bbox 838 3231 953 3271; x_wconf 77' lang='lat' dir='ltr'>caelo</span> <span class='ocrx_word' id='word_1_545' title='bbox 986 3231 1150 3282; x_wconf 89' lang='lat' dir='ltr'>delabi,</span> <span class='ocrx_word' id='word_1_546' title='bbox 1178 3235 1400 3284; x_wconf 80' lang='lat' dir='ltr'>totumque</span> <span class='ocrx_word' id='word_1_547' title='bbox 1432 3230 1560 3271; x_wconf 79' lang='lat' dir='ltr'>altare</span> <span class='ocrx_word' id='word_1_548' title='bbox 1590 3229 1640 3270; x_wconf 89' lang='lat' dir='ltr'>ab</span> <span class='ocrx_word' id='word_1_549' title='bbox 1665 3241 1714 3270; x_wconf 92' lang='grc' dir='ltr'>οο</span> <span class='ocrx_word' id='word_1_550' title='bbox 1739 3228 1974 3270; x_wconf 85' lang='lat' dir='ltr'>collustrari</span> <span class='ocrx_word' id='word_1_551' title='bbox 1995 3240 2127 3282; x_wconf 88' lang='lat' dir='ltr'>usque</span> <span class='ocrx_word' id='word_1_552' title='bbox 2158 3227 2213 3269; x_wconf 88' lang='lat' dir='ltr'>ad</span> <span class='ocrx_word' id='word_1_553' title='bbox 2230 3226 2690 3282; x_wconf 85' lang='lat' dir='ltr'>mystagogiaefiuem,</span> <span class='ocrx_word' id='word_1_554' title='bbox 2756 3247 2758 3249; x_wconf 96' lang='lat'>·</span> 
     </span>
     <span class='ocr_line' id='line_1_44' title="bbox 458 3296 2730 3356; baseline -0.001 -16"><span class='ocrx_word' id='word_1_555' title='bbox 458 3313 534 3341; x_wconf 90' lang='lat' dir='ltr'>ceu</span> <span class='ocrx_word' id='word_1_556' title='bbox 564 3301 710 3343; x_wconf 90' lang='lat' dir='ltr'>scribit</span> <span class='ocrx_word' id='word_1_557' title='bbox 739 3301 782 3342; x_wconf 92' lang='lat' dir='ltr'>in</span> <span class='ocrx_word' id='word_1_558' title='bbox 813 3302 925 3342; x_wconf 89' lang='lat' dir='ltr'>illius</span> <span class='ocrx_word' id='word_1_559' title='bbox 955 3303 1040 3343; x_wconf 67' lang='lat' dir='ltr'>xita</span> <span class='ocrx_word' id='word_1_560' title='bbox 1073 3302 1405 3356; x_wconf 79' lang='lat' dir='ltr'>Amphilochius.</span> <span class='ocrx_word' id='word_1_561' title='bbox 1439 3300 1556 3342; x_wconf 85' lang='lat' dir='ltr'>Idem</span> <span class='ocrx_word' id='word_1_562' title='bbox 1576 3300 1628 3342; x_wconf 90' lang='lat' dir='ltr'>de</span> <span class='ocrx_word' id='word_1_563' title='bbox 1652 3301 1953 3355; x_wconf 84' lang='lat' dir='ltr'>Chrysostomo</span> <span class='ocrx_word' id='word_1_564' title='bbox 1978 3298 2103 3340; x_wconf 86' lang='lat' dir='ltr'>refert</span> <span class='ocrx_word' id='word_1_565' title='bbox 2126 3298 2438 3352; x_wconf 87' lang='lat' dir='ltr'>Metaphrastes.</span> <span class='ocrx_word' id='word_1_566' title='bbox 2471 3296 2588 3338; x_wconf 86' lang='lat' dir='ltr'>Idem</span> <span class='ocrx_word' id='word_1_567' title='bbox 2617 3296 2692 3338; x_wconf 83' lang='lat' dir='ltr'>de·</span> <span class='ocrx_word' id='word_1_568' title='bbox 2728 3324 2730 3327; x_wconf 89' lang='lat'><em>-</em></span> 
     </span>
     <span class='ocr_line' id='line_1_45' title="bbox 458 3367 2761 3431; baseline -0.001 -21"><span class='ocrx_word' id='word_1_569' title='bbox 458 3370 587 3424; x_wconf 87' lang='lat' dir='ltr'>nique</span> <span class='ocrx_word' id='word_1_570' title='bbox 608 3370 671 3412; x_wconf 87' lang='grc'>(10</span> <span class='ocrx_word' id='word_1_571' title='bbox 702 3383 855 3431; x_wconf 83' lang='lat' dir='ltr'>magno</span> <span class='ocrx_word' id='word_1_572' title='bbox 877 3372 1105 3426; x_wconf 79' lang='lat' dir='ltr'>Euthymio</span> <span class='ocrx_word' id='word_1_573' title='bbox 1130 3372 1308 3427; x_wconf 84' lang='lat' dir='ltr'>Cyrillus</span> <span class='ocrx_word' id='word_1_574' title='bbox 1330 3371 1578 3414; x_wconf 89' lang='lat' dir='ltr'>monachus.</span> <span class='ocrx_word' id='word_1_575' title='bbox 1612 3370 1771 3412; x_wconf 89' lang='lat' dir='ltr'>Adest</span> <span class='ocrx_word' id='word_1_576' title='bbox 1761 3384 1804 3412; x_wconf 86' lang='grc'>111</span> <span class='ocrx_word' id='word_1_577' title='bbox 1824 3369 1968 3411; x_wconf 85' lang='lat' dir='ltr'>tabula</span> <span class='ocrx_word' id='word_1_578' title='bbox 1989 3370 2113 3411; x_wconf 86' lang='lat' dir='ltr'>etiam</span> <span class='ocrx_word' id='word_1_579' title='bbox 2136 3369 2338 3411; x_wconf 87' lang='lat' dir='ltr'>diaconus</span> <span class='ocrx_word' id='word_1_580' title='bbox 2361 3380 2458 3409; x_wconf 87' lang='lat' dir='ltr'>cum</span> <span class='ocrx_word' id='word_1_581' title='bbox 2481 3367 2694 3415; x_wconf 82' lang='lat' dir='ltr'>volumine</span> <span class='ocrx_word' id='word_1_582' title='bbox 2758 3368 2761 3370; x_wconf 83' lang='lat'>&#39;</span> 
     </span>
    </p>
   </div>
   <div class='ocr_carea' id='block_1_6' title="bbox 455 3421 2690 3512">
    <p class='ocr_par' dir='ltr' id='par_1_6' title="bbox 455 3421 2690 3512">
     <span class='ocr_line' id='line_1_46' title="bbox 455 3421 2690 3512; baseline -0.001 -30"><span class='ocrx_word' id='word_1_583' title='bbox 455 3440 669 3494; x_wconf 88' lang='lat' dir='ltr'>liturgico.</span> <span class='ocrx_word' id='word_1_584' title='bbox 704 3443 892 3497; x_wconf 86' lang='lat' dir='ltr'>Denique</span> <span class='ocrx_word' id='word_1_585' title='bbox 914 3443 1224 3497; x_wconf 87' lang='lat' dir='ltr'>contemplator</span> <span class='ocrx_word' id='word_1_586' title='bbox 1248 3443 1504 3497; x_wconf 86' lang='lat' dir='ltr'>hegumenus</span> <span class='ocrx_word' id='word_1_587' title='bbox 1512 3441 1636 3507; x_wconf 88' lang='lat' dir='ltr'>pedo</span> <span class='ocrx_word' id='word_1_588' title='bbox 1657 3442 1847 3492; x_wconf 86' lang='lat' dir='ltr'>innixus,</span> <span class='ocrx_word' id='word_1_589' title='bbox 1871 3442 1941 3495; x_wconf 88' lang='lat' dir='ltr'>qui</span> <span class='ocrx_word' id='word_1_590' title='bbox 1963 3442 2006 3482; x_wconf 92' lang='lat' dir='ltr'>in</span> <span class='ocrx_word' id='word_1_591' title='bbox 2030 3440 2258 3494; x_wconf 87' lang='lat' dir='ltr'>epigraphe</span> <span class='ocrx_word' id='word_1_592' title='bbox 2278 3441 2339 3481; x_wconf 85' lang='lat' dir='ltr'>sic</span> <span class='ocrx_word' id='word_1_593' title='bbox 2359 3421 2695 3512; x_wconf 65' lang='grc' dir='ltr'>1000110111(οιι</span> 
     </span>
    </p>
   </div>
   <div class='ocr_carea' id='block_1_7' title="bbox 459 3490 2692 3777">
    <p class='ocr_par' dir='ltr' id='par_1_7' title="bbox 459 3490 2691 3777">
     <span class='ocr_line' id='line_1_47' title="bbox 459 3490 2691 3567; baseline -0.003 -21"><span class='ocrx_word' id='word_1_594' title='bbox 459 3502 525 3547; x_wconf 76' lang='grc' dir='ltr'>ὅτε</span> <span class='ocrx_word' id='word_1_595' title='bbox 557 3504 664 3548; x_wconf 70' lang='grc' dir='ltr'>εἶπεν</span> <span class='ocrx_word' id='word_1_596' title='bbox 697 3500 716 3547; x_wconf 77' lang='grc' dir='ltr'>ὁ</span> <span class='ocrx_word' id='word_1_597' title='bbox 749 3501 778 3547; x_wconf 81' lang='grc' dir='ltr'>ἱ.</span> <span class='ocrx_word' id='word_1_598' title='bbox 767 3499 865 3567; x_wconf 63' lang='lat' dir='ltr'>epea)-</span> <span class='ocrx_word' id='word_1_599' title='bbox 892 3523 957 3549; x_wconf 77' lang='grc' dir='ltr'>τον</span> <span class='ocrx_word' id='word_1_600' title='bbox 982 3499 1161 3550; x_wconf 74' lang='grc' dir='ltr'>ἐπινικιεν</span> <span class='ocrx_word' id='word_1_601' title='bbox 1195 3504 1286 3563; x_wconf 72' lang='grc' dir='ltr'>ὕμνε</span> <span class='ocrx_word' id='word_1_602' title='bbox 1293 3524 1328 3549; x_wconf 90' lang='grc' dir='ltr'>ν</span> <span class='ocrx_word' id='word_1_603' title='bbox 1343 3502 1470 3561; x_wconf 78' lang='grc' dir='ltr'>ᾀόων,</span> <span class='ocrx_word' id='word_1_604' title='bbox 1497 3505 1597 3548; x_wconf 74' lang='grc' dir='ltr'>ειόεν</span> <span class='ocrx_word' id='word_1_605' title='bbox 1624 3498 1695 3551; x_wconf 70' lang='grc' dir='ltr'>τὸν</span> <span class='ocrx_word' id='word_1_606' title='bbox 1721 3498 1862 3563; x_wconf 73' lang='grc' dir='ltr'>στέγην</span> <span class='ocrx_word' id='word_1_607' title='bbox 1889 3503 1959 3553; x_wconf 80' lang='grc' dir='ltr'>τῆς</span> <span class='ocrx_word' id='word_1_608' title='bbox 1986 3496 2193 3552; x_wconf 74' lang='grc' dir='ltr'>ἐκκλησίας</span> <span class='ocrx_word' id='word_1_609' title='bbox 2215 3495 2473 3562; x_wconf 78' lang='grc' dir='ltr'>ἀνεῳγμένην·</span> <span class='ocrx_word' id='word_1_610' title='bbox 2498 3518 2563 3544; x_wconf 83' lang='grc' dir='ltr'>και</span> <span class='ocrx_word' id='word_1_611' title='bbox 2589 3490 2691 3556; x_wconf 74' lang='grc' dir='ltr'>μετὰ</span> 
     </span>
     <span class='ocr_line' id='line_1_48' title="bbox 460 3562 2690 3636; baseline -0.004 -19"><span class='ocrx_word' id='word_1_612' title='bbox 460 3573 530 3624; x_wconf 72' lang='grc' dir='ltr'>τῆς</span> <span class='ocrx_word' id='word_1_613' title='bbox 565 3572 731 3635; x_wconf 77' lang='grc' dir='ltr'><strong>φοβερᾶς</strong></span> <span class='ocrx_word' id='word_1_614' title='bbox 765 3568 881 3636; x_wconf 55' lang='lat' dir='ltr'>oley}</span> <span class='ocrx_word' id='word_1_615' title='bbox 889 3595 929 3627; x_wconf 79' lang='grc' dir='ltr'>ς,</span> <span class='ocrx_word' id='word_1_616' title='bbox 965 3570 1093 3619; x_wconf 66' lang='lat' dir='ltr'>mam</span> <span class='ocrx_word' id='word_1_617' title='bbox 1128 3566 1203 3619; x_wconf 72' lang='grc' dir='ltr'>εἶδε</span> <span class='ocrx_word' id='word_1_618' title='bbox 1189 3592 1225 3618; x_wconf 90' lang='grc' dir='ltr'>ν</span> <span class='ocrx_word' id='word_1_619' title='bbox 1257 3569 1393 3623; x_wconf 64' lang='grc' dir='ltr'>πληὲη</span> <span class='ocrx_word' id='word_1_620' title='bbox 1425 3569 1600 3635; x_wconf 71' lang='grc' dir='ltr'>ἀγγέλων</span> <span class='ocrx_word' id='word_1_621' title='bbox 1630 3593 1696 3618; x_wconf 77' lang='grc' dir='ltr'>και</span> <span class='ocrx_word' id='word_1_622' title='bbox 1731 3566 2006 3634; x_wconf 72' lang='grc' dir='ltr'>ἔξαωτερύγων</span> <span class='ocrx_word' id='word_1_623' title='bbox 2038 3566 2319 3632; x_wconf 71' lang='grc' dir='ltr'>κατερχόμενα</span> <span class='ocrx_word' id='word_1_624' title='bbox 2354 3590 2419 3616; x_wconf 80' lang='grc' dir='ltr'>και</span> <span class='ocrx_word' id='word_1_625' title='bbox 2451 3567 2535 3629; x_wconf 85' lang='grc' dir='ltr'>μετ’</span> <span class='ocrx_word' id='word_1_626' title='bbox 2565 3562 2690 3612; x_wconf 54' lang='lat' dir='ltr'>aura-2</span> 
     </span>
     <span class='ocr_line' id='line_1_49' title="bbox 460 3631 2688 3707; baseline -0 -22"><span class='ocrx_word' id='word_1_627' title='bbox 460 3633 561 3686; x_wconf 81' lang='grc' dir='ltr'>εἰδον</span> <span class='ocrx_word' id='word_1_628' title='bbox 593 3639 781 3705; x_wconf 69' lang='grc' dir='ltr'>πρόσωπα</span> <span class='ocrx_word' id='word_1_629' title='bbox 816 3639 944 3707; x_wconf 75' lang='grc' dir='ltr'>ἒνάρετ</span> <span class='ocrx_word' id='word_1_630' title='bbox 950 3665 997 3695; x_wconf 73' lang='grc' dir='ltr'>α,</span> <span class='ocrx_word' id='word_1_631' title='bbox 1029 3639 1099 3689; x_wconf 70' lang='grc' dir='ltr'>ἃ</span> <span class='ocrx_word' id='word_1_632' title='bbox 1084 3643 1148 3688; x_wconf 66' lang='grc' dir='ltr'>οὐκ</span> <span class='ocrx_word' id='word_1_633' title='bbox 1174 3641 1259 3691; x_wconf 82' lang='grc' dir='ltr'>ἔστι</span> <span class='ocrx_word' id='word_1_634' title='bbox 1285 3645 1405 3690; x_wconf 66' lang='lat' dir='ltr'>duva:</span> <span class='ocrx_word' id='word_1_635' title='bbox 1410 3663 1451 3689; x_wconf 84' lang='grc' dir='ltr'>ον</span> <span class='ocrx_word' id='word_1_636' title='bbox 1483 3638 1753 3706; x_wconf 51' lang='lat' dir='ltr'>amydem-„0722</span> <span class='ocrx_word' id='word_1_637' title='bbox 1786 3661 1829 3688; x_wconf 85' lang='grc' dir='ltr'>το</span> <span class='ocrx_word' id='word_1_638' title='bbox 1861 3636 1981 3687; x_wconf 73' lang='grc' dir='ltr'>κάλλε</span> <span class='ocrx_word' id='word_1_639' title='bbox 1967 3663 2004 3694; x_wconf 92' lang='grc' dir='ltr'><strong>ς</strong></span> <span class='ocrx_word' id='word_1_640' title='bbox 2031 3642 2172 3688; x_wconf 77' lang='grc' dir='ltr'>αὐτων·</span> <span class='ocrx_word' id='word_1_641' title='bbox 2197 3643 2244 3689; x_wconf 75' lang='grc' dir='ltr'>ἦν</span> <span class='ocrx_word' id='word_1_642' title='bbox 2275 3636 2349 3703; x_wconf 77' lang='grc' dir='ltr'>γὰρ</span> <span class='ocrx_word' id='word_1_643' title='bbox 2380 3659 2423 3686; x_wconf 86' lang='grc' dir='ltr'>το</span> <span class='ocrx_word' id='word_1_644' title='bbox 2456 3632 2589 3700; x_wconf 70' lang='grc' dir='ltr'><em>φέγγος</em></span> <span class='ocrx_word' id='word_1_645' title='bbox 2613 3631 2688 3677; x_wconf 71' lang='grc' dir='ltr'>αὖ·</span> 
     </span>
     <span class='ocr_line' id='line_1_50' title="bbox 463 3696 2692 3777; baseline -0.003 -19"><span class='ocrx_word' id='word_1_646' title='bbox 463 3729 537 3758; x_wconf 89' lang='grc' dir='ltr'>των</span> <span class='ocrx_word' id='word_1_647' title='bbox 569 3733 618 3763; x_wconf 83' lang='grc' dir='ltr'>ως</span> <span class='ocrx_word' id='word_1_648' title='bbox 651 3709 746 3776; x_wconf 56' lang='lat' dir='ltr'>oli-&#39;3&#39;</span> <span class='ocrx_word' id='word_1_649' title='bbox 777 3709 908 3775; x_wconf 72' lang='grc' dir='ltr'>πυρός,-</span> <span class='ocrx_word' id='word_1_650' title='bbox 942 3734 1008 3759; x_wconf 81' lang='grc' dir='ltr'>και</span> <span class='ocrx_word' id='word_1_651' title='bbox 1040 3715 1072 3759; x_wconf 78' lang='grc' dir='ltr'>οἱ</span> <span class='ocrx_word' id='word_1_652' title='bbox 1106 3709 1175 3774; x_wconf 71' lang='grc' dir='ltr'>μὲν</span> <span class='ocrx_word' id='word_1_653' title='bbox 1207 3712 1366 3777; x_wconf 69' lang='grc' dir='ltr'><em>ἄγγελοι</em></span> <span class='ocrx_word' id='word_1_654' title='bbox 1397 3733 1462 3759; x_wconf 83' lang='grc' dir='ltr'>και</span> <span class='ocrx_word' id='word_1_655' title='bbox 1495 3710 1732 3777; x_wconf 71' lang='grc' dir='ltr'>ἀρχαγγελοι</span> <span class='ocrx_word' id='word_1_656' title='bbox 1763 3706 2045 3760; x_wconf 66' lang='grc' dir='ltr'>ἑπετάσὲησαν</span> <span class='ocrx_word' id='word_1_657' title='bbox 2079 3729 2167 3762; x_wconf 90' lang='grc' dir='ltr'>ταις</span> <span class='ocrx_word' id='word_1_658' title='bbox 2198 3707 2387 3772; x_wconf 63' lang='grc' dir='ltr'>πτέρυξω</span> <span class='ocrx_word' id='word_1_659' title='bbox 2410 3722 2533 3754; x_wconf 78' lang='grc' dir='ltr'>αυτων</span> <span class='ocrx_word' id='word_1_660' title='bbox 2564 3696 2692 3761; x_wconf 75' lang='grc' dir='ltr'>κυκλῳ</span> 
     </span>
    </p>
   </div>
   <div class='ocr_carea' id='block_1_8' title="bbox 489 3775 2690 3848">
    <p class='ocr_par' dir='ltr' id='par_1_8' title="bbox 489 3775 2690 3848">
     <span class='ocr_line' id='line_1_51' title="bbox 489 3775 2690 3848; baseline -0.004 -20.909"><span class='ocrx_word' id='word_1_661' title='bbox 489 3803 529 3827; x_wconf 75' lang='lat' dir='ltr'>:v</span> <span class='ocrx_word' id='word_1_662' title='bbox 559 3802 819 3846; x_wconf 53' lang='grc' dir='ltr'>,συσιαστηρις</span> <span class='ocrx_word' id='word_1_663' title='bbox 822 3801 858 3828; x_wconf 87' lang='grc' dir='ltr'>υ·</span> <span class='ocrx_word' id='word_1_664' title='bbox 893 3779 946 3830; x_wconf 67' lang='grc' dir='ltr'>τὰ</span> <span class='ocrx_word' id='word_1_665' title='bbox 977 3781 1018 3829; x_wconf 66' lang='lat' dir='ltr'>&lt;ie</span> <span class='ocrx_word' id='word_1_666' title='bbox 1052 3779 1193 3837; x_wconf 60' lang='lat' dir='ltr'>{Zant&#39;</span> <span class='ocrx_word' id='word_1_667' title='bbox 1160 3804 1295 3848; x_wconf 74' lang='grc' dir='ltr'><em>ερυγα</em></span> <span class='ocrx_word' id='word_1_668' title='bbox 1327 3779 1449 3843; x_wconf 77' lang='grc' dir='ltr'>κυκλῳ</span> <span class='ocrx_word' id='word_1_669' title='bbox 1483 3804 1549 3835; x_wconf 81' lang='grc' dir='ltr'>της</span> <span class='ocrx_word' id='word_1_670' title='bbox 1581 3778 1699 3847; x_wconf 67' lang='grc' dir='ltr'><strong>ἆγιας</strong></span> <span class='ocrx_word' id='word_1_671' title='bbox 1732 3777 1942 3846; x_wconf 66' lang='grc' dir='ltr'>τραπέζης·</span> <span class='ocrx_word' id='word_1_672' title='bbox 1969 3803 2034 3828; x_wconf 73' lang='grc' dir='ltr'>και</span> <span class='ocrx_word' id='word_1_673' title='bbox 2068 3777 2221 3829; x_wconf 74' lang='grc' dir='ltr'>παιόιεν</span> <span class='ocrx_word' id='word_1_674' title='bbox 2252 3775 2383 3842; x_wconf 64' lang='grc' dir='ltr'>ὦραὲη</span> <span class='ocrx_word' id='word_1_675' title='bbox 2415 3794 2510 3836; x_wconf 73' lang='grc' dir='ltr'>μεσε</span> <span class='ocrx_word' id='word_1_676' title='bbox 2515 3794 2534 3820; x_wconf 88' lang='grc' dir='ltr'>ν</span> <span class='ocrx_word' id='word_1_677' title='bbox 2565 3791 2690 3819; x_wconf 84' lang='grc' dir='ltr'>αυτων</span> 
     </span>
    </p>
   </div>
  </div>
 </body>
</html>
