2970 4420
1151 318 1230 353 SUB
1262 316 1479 353 nummo
1510 317 1608 352 m.

254 394 431 434 bellicum
459 398 630 444 gerentes
663 392 983 438 instrumentum:
1015 403 1108 443 quos
1140 394 1196 432 sol
1229 386 1351 432 oriens

255 457 525 504 repercutiens,
554 453 741 505 radiisque
769 453 907 492 ferrum
934 453 1175 500 illuminans,
1203 453 1352 492 terribi-

255 514 366 552 liores
390 513 591 559 efficiebat,
608 519 646 550 et
665 517 872 560 spectantes
895 512 1167 561 consternabat.
1191 514 1240 549 Et
1263 516 1353 550 tunc

254 571 407 621 quidem
431 581 537 609 suam
562 576 708 609 tantum
734 570 1015 609 multitudinem
1037 566 1203 620 viresqu'e
1227 575 1352 608 osten-

257 637 334 670 tare
357 636 556 670 contentus
580 630 782 678 barbarus,
802 632 903 669 nocti
928 631 1062 669 cedens
1085 631 1125 669 in
1150 636 1269 668 castra
1294 641 1353 668 re-

257 701 383 728 versus
410 696 479 729 est.
504 691 675 729 Crastino
700 696 823 728 antem
854 691 935 737 die,
963 691 1089 729 omnia
1117 689 1165 728 ad
1188 701 1354 739 pugnam

257 750 512 798 comparavit;
553 749 802 788 testudinibus
817 779 828 798 ‚
865 751 922 788 uti
957 751 1166 789 vocitantur
1176 767 1193 796 ·,
1233 755 1355 788 totum

257 810 448 858 complens
481 810 732 848 intervallum.
768 810 839 848 Sed
873 821 921 848 ne
950 815 1043 848 tunc
1072 808 1222 858 quidem
1256 807 1355 846 desi·

256 869 308 905 vit
332 879 411 906 esse
435 869 539 906 canis
568 875 606 907 et
630 869 824 917 liguritor:
858 880 946 907 nam
981 870 1118 907 vietum
1153 879 1172 906 a
1211 867 1357 906 civitate

258 928 480 976 postulavit,
498 939 609 977 quem
633 930 664 966 ei
691 929 863 976 regaliter
888 929 1120 977 imperatoris
1144 928 1246 965 filius
1270 938 1358 975 sup-

260 987 455 1036 peditavit3
475 990 527 1025 ita
546 988 762 1036 significans
787 989 871 1026 cani
894 988 1071 1026 barbaro:
1093 998 1160 1034 ego
1183 986 1270 1024 odio
1294 986 1357 1024 ha-

258 1047 359 1085 bitus
388 1058 493 1093 amo,
525 1053 563 1085 et
585 1047 684 1085 bello
709 1049 894 1096 appetitus
925 1046 973 1085 ad
1003 1057 1132 1095 pacem
1157 1045 1356 1091 adhortor-3

259 1107 319 1145 sic
350 1107 449 1144 enim
489 1117 549 1144 me
585 1109 687 1145 Deus
722 1117 829 1145 meus
860 1117 904 1144 ac
938 1112 1042 1154 pater
1074 1105 1223 1144 edocuit
1252 1104 1358 1153 pien-

259 1167 441 1205 tissimus.
477 1167 545 1204 llle
578 1172 703 1204 tamen
732 1171 772 1204 et
800 1170 884 1214 post
913 1167 1051 1203 victum
1081 1170 1297 1212 acceptum,
1324 1170 1361 1202 et

261 1233 346 1275 post
369 1227 495 1265 audita
518 1226 752 1274 imperatoris
778 1225 910 1271 verba,
930 1218 1032 1262 canis
1056 1230 1100 1261 ut
1123 1229 1230 1261 antea
1257 1235 1360 1261 man·

259 1288 331 1331 sit,
364 1287 512 1325 rabiens
535 1292 575 1324 et
599 1282 797 1330 allatrans,
826 1291 864 1322 et
892 1284 997 1322 canis
1021 1289 1102 1321 acta
1127 1283 1362 1332 impudenter

261 1356 493 1394 expromens.

332 1410 393 1454 12.
419 1405 567 1443 Tertius
584 1403 706 1441 adfuit
721 1404 822 1448 dies3
840 1409 878 1440 et
892 1413 976 1441 ecce
993 1403 1091 1440 sicut
1115 1401 1256 1450 grando
1274 1413 1361 1440 cum

261 1464 486 1503 fulminibus
503 1463 689 1513 procurrit
699 1462 748 1501 ad
765 1463 908 1500 moenia
920 1491 930 1508 ,
947 1462 1065 1510 primo
1079 1463 1205 1500 statim
1222 1463 1363 1510 impetu

262 1530 397 1562 cuncta
423 1534 462 1561 se
485 1515 700 1560 eversurum
720 1523 947 1559 existimans.
975 1522 1047 1559 Sed
1065 1522 1177 1570 Virgo
1198 1522 1363 1570 omnipo-

263 1590 371 1630 tens,
397 1589 443 1620 ut
465 1593 617 1620 suarum
641 1581 775 1618 virium
801 1581 939 1619 faceret
962 1581 1069 1619 illum
1095 1582 1274 1628 peritum,
1303 1592 1362 1631 ar-

264 1644 370 1681 rham
387 1643 421 1680 ei
437 1641 557 1687 dedit,
573 1641 675 1679 haud
690 1641 764 1678 iam
782 1640 963 1678 tardantis
979 1640 1152 1678 adversus
1168 1646 1280 1689 caput
1295 1641 1365 1677 im·

267 1702 372 1750 pium
398 1701 542 1738 ruinae.
569 1702 736 1738 Densum
761 1701 898 1748 quippe
918 1711 1118 1736 numerum
1141 1699 1364 1737 bellatorum

266 1761 348 1798 eius
373 1761 413 1797 in
438 1760 594 1801 insidias
614 1759 836 1805 deductum,
855 1758 954 1807 apud
972 1759 1159 1807 quoddam
1184 1764 1365 1797 extramu-

265 1830 400 1858 ranum
426 1820 607 1868 templum
632 1829 763 1864 suum,
779 1818 846 1855 ubi
871 1829 957 1855 cum
982 1824 1082 1856 esset
1104 1818 1187 1855 fons
1206 1819 1366 1855 sanatio-

266 1889 384 1925 num,
410 1879 464 1916 sic
492 1879 616 1916 locum
646 1878 823 1926 appellari
850 1877 1045 1922 voluerat,
1073 1877 1280 1924 praedictos
1306 1877 1366 1914 in-

268 1949 383 1986 quam
416 1939 540 1976 hostes
570 1949 686 1975 manu
716 1937 877 1974 militum
912 1937 1197 1975 christianorum
1234 1937 1365 1974 interi-

267 1999 398 2044 mens,
418 1998 524 2034 humi
549 1997 762 2046 prostravit,
786 1996 935 2043 barbari
959 1997 1191 2044 superbiam,
1217 1997 1368 2044 eiusque

268 2063 387 2095 totam
412 2057 586 2094 militiam
615 2056 821 2102 enervavitz,
848 2067 1076 2104 quamquam
1103 2061 1196 2093 tunc
1227 2060 1368 2092 metum

271 2127 383 2154 suum
408 2116 566 2154 callidus
596 2115 860 2154 dissimulavit:
889 2115 954 2153 sed
984 2115 1121 2153 fiducia
1149 2114 1198 2152 ad
1223 2121 1369 2152 nostros
1405 2113 1406 2122 ¹

267 2177 382 2215 rediit
409 2181 519 2224 atque
545 2175 659 2220 vires,
682 2176 904 2223 experientia
927 2175 1097 2221 edoctos,
1117 2180 1155 2212 et
1181 2173 1370 2212 credentes

270 2239 469 2286 Deiparam
487 2248 554 2284 pro
577 2236 669 2274 urbe
686 2247 753 2274 sua
769 2235 1058 2274 sollicitudinem
1075 2246 1200 2284 gerere
1215 2241 1252 2274 et
1269 2246 1371 2283 proe-

271 2296 369 2334 liari.
397 2295 591 2344 Ceteroqui
610 2299 692 2332 toto
709 2294 884 2343 deinceps
901 2294 962 2332 die
985 2305 1131 2343 pugnae
1148 2294 1243 2331 circa
1261 2294 1371 2332 illum

270 2355 397 2394 locum
422 2356 562 2400 variae,
579 2360 617 2392 et
641 2354 859 2402 sagittarum
879 2354 1094 2399 missiones,
1112 2354 1302 2402 iactusque
1320 2354 1373 2391 la-

274 2414 405 2462 pidum
425 2425 490 2462 per
512 2420 634 2462 totum
650 2424 800 2451 murum
824 2413 975 2451 fiebant.
1002 2415 1126 2461 Atque
1145 2413 1277 2457 ⁸aderat
1291 2413 1373 2451 ubi-

272 2484 347 2522 que
367 2474 481 2520 Virgo
506 2473 794 2521 insuperabilem
819 2473 1007 2510 victoriam
1031 2473 1213 2519 referens,
1232 2478 1373 2510 metum

277 2537 388 2580 atque
412 2537 589 2569 terrorem
619 2531 788 2569 hostibus
819 2532 1010 2577 inliciens,
1040 2533 1134 2569 vires
1164 2538 1289 2570 autem
1316 2531 1374 2569 fa-

279 2591 393 2628 mulis
419 2590 496 2627 suis
521 2590 761 2635 ministrans,
790 2590 996 2628 incolumes
1024 2601 1174 2628 servans
1200 2590 1372 2635 devotos,

282 2651 474 2688 inimicam
509 2648 787 2695 multitudinem
821 2650 1016 2697 perimens.
1052 2652 1174 2696 Atque
1207 2650 1266 2699 hic
1296 2655 1376 2687 erat

274 2711 410 2754 tertius
425 2721 445 2747 a
463 2708 706 2747 barbarorum
730 2707 891 2746 adventu
913 2707 992 2746 dies
1004 2736 1014 2754 ,
1031 2714 1076 2746 ut
1096 2708 1276 2755 diximus,
1301 2720 1375 2757 quo

277 2770 368 2807 haec
393 2768 626 2817 gerebantur.
850 2771 853 2775 ·

351 2833 409 2866 13.
437 2830 522 2865 Mox
554 2832 687 2876 quarto
722 2826 782 2864 die
816 2827 936 2874 coepit
969 2826 1153 2875 helepoles
1184 2826 1378 2866 admovere

280 2898 437 2926 vesanus
463 2887 547 2931 ille,
563 2892 600 2924 et
618 2886 818 2923 missilium
837 2896 1081 2933 organorum,
1104 2897 1147 2923 ac
1169 2886 1377 2934 lignearum

283 2947 443 2984 turrium
471 2950 688 2993 apparatum
710 2945 847 2982 moliri.
874 2946 963 2982 Erat
985 2949 1108 2982 autem
1131 2944 1220 2992 ipsis
1245 2945 1378 2982 horum

281 3010 470 3043 structura
495 3003 682 3051 perfacilis
706 3009 743 3040 et
765 3002 955 3051 expedita,
980 3003 1153 3051 dictoque
1179 3003 1288 3042 citius
1312 3003 1378 3041 fie-

281 3064 365 3109 bat,
394 3061 638 3100 multitudine
660 3061 903 3100 barbarorum
930 3061 978 3099 ad
1002 3062 1098 3099 banc
1121 3062 1377 3108 incumbente,

280 3129 319 3161 et
342 3123 431 3171 quia
458 3122 612 3159 materia
634 3121 738 3158 valde
763 3127 842 3159 erat
867 3121 1061 3169 parabilis,
1080 3132 1190 3169 quam
1211 3122 1380 3160 curribus

282 3182 534 3228 advehebant,
562 3187 599 3219 et
621 3191 664 3218 ex
689 3180 886 3218 destructis
911 3181 1090 3218 aedificiis
1113 3181 1220 3218 facile
1244 3192 1380 3229 conge·

283 3242 428 3280 rebant.
455 3240 528 3278 sed
558 3243 658 3278 Deus
682 3241 783 3286 hunc
809 3239 1010 3285 irridebat,
1039 3251 1082 3277 ac
1108 3240 1379 3285 subsannabat,
1411 3280 1413 3283 ,

282 3301 440 3349 loquens
469 3299 518 3337 ad
545 3310 631 3336 eum
661 3300 702 3336 in
727 3299 806 3343 ira,
832 3299 1060 3347 turbansque
1087 3299 1128 3336 in
1159 3300 1281 3336 furore
1312 3309 1381 3336 suo

282 3361 405 3408 ipsum
425 3360 678 3409 populumque
698 3359 791 3397 eius.
818 3359 956 3407 Quinto
973 3358 1107 3397 deinde
1123 3358 1183 3396 die
1205 3359 1319 3396 mittit
1334 3359 1382 3396 ad

285 3421 395 3458 illum
432 3419 656 3468 legationem
691 3419 816 3456 iunior
850 3419 1073 3466 imperator,
1108 3419 1383 3456 communicato

285 3482 466 3527 consilio,
491 3486 529 3518 et
552 3480 756 3518 sententiae
780 3489 870 3517 suae
900 3480 1011 3517 sociis
1043 3477 1250 3526 adsumptis
1279 3489 1383 3516 sacro

285 3541 454 3588 praesule
475 3546 512 3578 et
529 3546 681 3578 senatus
707 3539 950 3587 primoribus3
968 3538 1084 3576 mittit
1106 3538 1262 3586 inquam
1286 3538 1383 3575 dona

284 3610 328 3636 ac
346 3599 507 3646 legatos,
524 3604 726 3648 tyrannum
744 3609 874 3635 rursus
888 3596 935 3634 ad
952 3607 1078 3644 pacem
1094 3596 1266 3634 invitans.
1285 3597 1386 3634 Eunt

283 3659 462 3704 Somnas,
482 3663 520 3695 et
535 3658 692 3695 Eliacim
703 3686 713 3703 ‚
734 3663 770 3694 et
787 3657 962 3701 Ioachus3
979 3667 1067 3693 nam
1085 3660 1259 3704 quartum
1275 3665 1386 3702 spon-

285 3723 324 3754 te
351 3717 580 3765 praeteribo,
606 3718 783 3765 quoniam
809 3722 846 3755 et
869 3717 1020 3753 Ezecias
1047 3719 1122 3753 tres
1152 3720 1260 3752 antea
1285 3715 1386 3752 misit

288 3775 338 3814 ad
364 3777 596 3824 Rhapsacem
626 3776 914 3826 babylonicum,
939 3774 1003 3824 qui
1030 3774 1121 3812 olim
1152 3773 1385 3811 Hierusalem

285 3840 447 3873 evertere
472 3835 669 3883 cogitabat.
1220 3845 1223 3848 ⁴

361 3898 417 3932 14.
445 3895 559 3932 Porro
582 3895 695 3943 legati
720 3906 761 3933 re
786 3895 921 3933 infecta
947 3894 1156 3940 redierunt,
1182 3892 1278 3931 datis
1302 3893 1385 3941 qui-

2405 298 2502 350 429

1420 394 1635 444 λεμιστήριον
1661 393 1813 442 φέροντες
1839 389 1987 439 ὄργανον·
2006 388 2058 432 οἷς
2083 390 2123 435 ἐξ
2146 390 2312 428 ἀνατολῶν
2338 389 2514 440 προσβάλ-

1422 461 1484 492 λων
1510 456 1527 492 ὁ
1551 455 1648 497 ἡλιος
1672 454 1729 491 καὶ
1757 455 1834 495 ταῖς
1859 451 1974 488 οἷκτίσι
2006 450 2237 500 περιαυγάζων
2270 452 2325 487 τὸν
2359 450 2514 500 σίδηρον,

1425 517 1671 566 φοβερωτέρους
1696 516 1757 564 μὲν
1778 513 1921 556 ἐκείνους
1942 510 2102 556 ἐδείκνυε,
2121 513 2199 554 τούς
2220 514 2253 548 δὲ
2279 513 2419 559 ὁρῶντας
2441 514 2518 549 ivd·

1425 587 1536 627 ραττε·
1562 579 1621 614 καί
1647 577 1723 614 τότε
1748 577 1810 625 μὲν
1836 575 1948 623 ῶσπερ
1974 574 2038 619 τήν,
2057 572 2143 609 ι’δίαν
2172 571 2306 611 πληθύν
2332 574 2387 608 καὶ
2416 574 2518 622 ι’σχύν

1426 639 1588 690 ἐπιδείξαι
1613 640 1713 688 μόνον
1739 637 1894 680 θελήσας
1919 638 1936 674 ό
1963 635 2152 685 βάρβαρος,
2171 636 2264 681 νυκτὶ
2290 635 2444 677 πεισθεὶς
2470 635 2519 678 εἷς

1427 705 1466 739 τὸ
1492 701 1718 753 στρατόπεδον
1743 701 1946 750 ἀνεχώρησε·
1970 701 2013 748 τῇ
2037 699 2071 734 δὲ
2097 697 2262 747 ὑστεραία
2285 696 2448 745 ἡτοίμαζε
2475 699 2520 732 τά

1427 766 1511 815 πρὸς
1525 764 1672 813 πόλεμον
1691 762 1844 806 ἅπαντα,
1855 763 2006 809 χελωνῶν
2021 758 2105 797 οὕτω
2121 759 2306 808 λεγομένων
2323 758 2413 795 ἅπαν
2435 763 2521 798 πλη-

1428 830 1488 878 ρῶν
1514 828 1552 863 το“
1578 825 1794 876 μεταίχμιον·
1811 823 1983 875 ἄλλόὖδὲ
2002 822 2078 858 τότε
2104 822 2143 858 το“
2167 819 2252 857 εἶναι
2277 820 2358 857 κύων
2383 821 2520 863 ἀναιδής

1429 890 1488 925 καὶ
1512 888 1630 938 λίχνος
1655 887 1830 935 ἀπείχετο·
1856 886 1981 935 τροφάς
2007 885 2044 931 δέ
2067 883 2141 933 ᾔτει
2167 884 2261 931 παραὶ
2290 884 2350 924 τῆς
2375 881 2521 926 πόλεως,

1430 949 1472 993 ἂς
1498 952 1555 987 καὶ
1582 951 1699 986 δέδωκε
1726 949 1909 993 βασιλικῶς
1935 949 1955 983 δ
1979 945 2145 990 βασιλέως
2170 945 2262 990 υἱὸς,
2288 946 2398 981 ταῦτα
2420 943 2524 983 δηλῶ-

1433 1027 1498 1055 σας
1517 1013 1598 1061 πρός
1620 1012 1674 1048 τὸν
1692 1010 1774 1047 κύνα
1791 1011 1846 1046 τόν
1865 1008 2046 1058 βάρβαρον·
2061 1007 2126 1056 ἑγῶ
2142 1009 2200 1044 καὶ
2216 1005 2418 1056 μισούμενος
2436 1005 2524 1054 ἄγα-

1432 1076 1501 1118 πῶ,
1518 1075 1577 1110 καί
1593 1073 1843 1121 πολεμούμενος
1865 1072 1948 1120 πρὸς
1966 1069 2097 1119 εἷρήνην
2117 1068 2361 1118 προτρέπομαι·
2379 1066 2462 1103 οὕτω
2479 1075 2529 1117 με.

1432 1137 1500 1185 γάρ
1526 1134 1606 1177 θεὸς·
1631 1135 1647 1171 ὅ
1673 1135 1756 1183 ε’μὸς
1781 1135 1838 1170 καῖ
1863 1133 1976 1182 πατὴρ
2003 1131 2199 1168 ἐπαίδευσεν
2225 1129 2483 1174 εὐσεβέστατος·
2509 1131 2525 1166 ὁ

1434 1199 1469 1233 δέ
1495 1197 1554 1233 καί
1579 1197 1639 1238 τάς
1666 1196 1788 1244 τροφάς
1819 1194 2066 1243 κομισάμενος,
2092 1193 2150 1229 καὶ
2176 1193 2254 1234 τούς
2281 1191 2448 1237 βασιλέως
2471 1191 2529 1228 λό-

1434 1274 1518 1307 γους
1543 1258 1740 1306 δεξάμενος,
1765 1257 1871 1306 ἔμεινε
1897 1257 1978 1293 κύων
2005 1255 2099 1292 καθά
2124 1254 2182 1290 καὶ
2208 1254 2381 1303 πρότερον,
2405 1255 2529 1289 λυττῶν

1435 1322 1494 1357 καί
1519 1322 1743 1369 περιυλακτῶν
1768 1319 1826 1355 καὶ
1853 1319 1897 1354 τοὶ
1922 1319 2016 1359 κυνὸς
2042 1317 2182 1358 οἷναιδῶς
2208 1316 2458 1364 ἐνδεικνύμενος.

1510 1382 1563 1426 ιβ’.
1589 1381 1691 1428 Τρίτη
1713 1382 1747 1416 δὲ
1771 1379 1878 1420 ἦλθεν
1895 1380 2026 1428 ἡμέρα,
2048 1379 2105 1415 καὶ
2125 1377 2282 1426 καθάπερ
2304 1376 2453 1426 χάλαζα
2472 1378 2532 1413 σύν

1436 1447 1607 1493 κεραυνοῖς
1627 1442 1757 1480 ἐπέστη
1780 1444 1865 1478 πᾶσι
1888 1444 1959 1482 τοῖς
1979 1439 2145 1489 τείχεσιν,
2166 1434 2325 1482 αὐτοβοεὶ
2345 1439 2455 1475 πάντα
2474 1453 2534 1476 κα-

1437 1504 1636 1554 ταστρέφειν
1662 1503 1823 1552 οἷόμενος·
1842 1503 1919 1538 ἀλλ’
1938 1503 1961 1542 ἡ
1981 1500 2149 1550 παρθένος
2174 1502 2196 1540 ἡ
2221 1501 2339 1537 πάντα
2358 1499 2535 1548 ἰσχύουσα

1438 1570 1498 1607 τῆς
1523 1566 1609 1608 ἶδίας
1628 1565 1728 1602 αὖτόν
1749 1566 1781 1601 ἐν
1803 1565 1900 1612 πείρᾳ
1920 1563 2122 1600 καθιστῶσα
2141 1557 2326 1610 δυνάμεως,
2344 1562 2535 1612 οἷῤῥαβῶνας

1439 1629 1528 1675 αύτῷ
1553 1632 1612 1670 τῆς
1639 1627 1716 1664 ὅσον
1744 1628 1833 1663 οὔπω
1864 1627 2030 1675 μενούσης
2063 1627 2118 1661 τὸν
2145 1624 2315 1674 ἀλιτήριον
2342 1625 2534 1672 παρέσχετο

1439 1691 1606 1732 πτῶσεως·
1632 1691 1756 1738 συχνὸν
1781 1690 1848 1737 γάρ
1874 1687 2016 1735 ἀριθμὸν
2042 1690 2102 1722 τῶν
2134 1691 2211 1734 παρ’
2238 1685 2346 1732 ἐκείνῳ
2376 1685 2536 1734 μαχίμων
2587 1715 2596 1724 ,
2615 1699 2630 1722 5

1438 1752 1630 1801 λοχήσασα
1655 1756 1733 1799 παρ’
1758 1748 1791 1786 ἓν
1812 1754 1871 1786 τῶν
1897 1751 1960 1798 πρὸ
1981 1749 2122 1796 ,τείχους
2142 1747 2236 1784 θείων
2263 1751 2343 1783 ναῶν
2363 1748 2485 1791 αὐτῆς,
2506 1747 2538 1782 ἐν

1439 1813 1464 1862 ᾦ
1487 1815 1583 1862 πηγὴ
1609 1813 1759 1862 ἰαμάτων
1786 1812 2012 1869 ύπάρχουοὶα,
2038 1810 2120 1847 οὕτω
2146 1809 2333 1858 καλεῖσθαι
2360 1811 2414 1845 τὸν
2439 1810 2540 1846 τόπον

1440 1876 1630 1915 πεποίηκεν·
1653 1876 1711 1911 καί
1738 1875 1877 1916 τούτους
1899 1875 2005 1923 χερσί
2026 1876 2233 1923 στρατιωτῶν
2255 1875 2456 1922 χριστιανῶν
2482 1887 2542 1908 κα-

1442 1938 1656 1987 τασφάξασα
1672 1938 1720 1979 εἷς
1739 1938 1800 1976 τήν
1815 1939 1878 1985 γῆν
1898 1936 2076 1984 κατήγαγε
2089 1963 2099 1979 ,
2115 1934 2288 1984 βαρβάρου
2306 1935 2346 1970 τό
2362 1935 2542 1982 φρύαγμα,

1442 2001 1501 2035 καί
1525 1999 1616 2035 ἅπαν
1642 1997 1747 2035 αὐτοῦ
1773 1999 1811 2034 τὸ
1847 1997 2081 2046 στρατιωτικὸν
2107 1995 2301 2044 ἕξενεύρισε·
2327 1994 2388 2040 κᾷν
2413 1995 2542 2043 ἔκρυψε

1443 2061 1518 2097 τότε
1547 2062 1602 2096 τὸν
1629 2060 1731 2108 φόβον
1759 2061 1778 2095 ὁ
1811 2061 1931 2101 δόλιος·
1958 2059 2074 2094 δέδωκε
2101 2060 2136 2094 δὲ
2163 2057 2294 2105 θάρσος
2327 2060 2398 2099 τοῖς
2423 2057 2546 2105 ἡμετέ-

1444 2138 1512 2172 ροις
1540 2124 1597 2158 καὶ
1626 2121 1780 2170 δύναμιν,
1800 2120 1900 2170 πείρα
1924 2120 2076 2168 μαθοῦσι
2103 2121 2141 2154 τέ
2166 2121 2227 2155 καί
2252 2119 2475 2155 πιστεύσασιν
2493 2118 2543 2155 ὅτι

1446 2185 1546 2226 ὄντως
1571 2184 1593 2224 ἡ
1620 2183 1795 2232 ὃεομήτωρ
1827 2184 1911 2231 ὑπὲρ
1938 2183 2065 2223 πόλεως
2090 2184 2156 2236 ,τῆς
2183 2181 2271 2222 ι’δίας
2299 2180 2402 2228 ζηλοῖ
2426 2181 2462 2216 τὲ
2486 2181 2544 2216 καὶ

1445 2245 1655 2295 ἀγωνίζεται·
1674 2246 1752 2289 ἑξῆς
1777 2245 1844 2293 γάρ
1869 2245 1987 2280 λοιπὸν
2013 2244 2070 2279 διά
2093 2244 2209 2284 πάσης
2234 2242 2364 2291 ἡμέρας
2391 2246 2547 2290 συμπλο·

1445 2310 1504 2346 καὶ
1526 2308 1621 2344 ’κατά
1644 2307 1746 2344 τόπον
1773 2307 1942 2355 διάφοροι,
1968 2307 2024 2342 καὶ
2053 2305 2157 2349 βελῶν
2183 2305 2325 2354 ἀφέσεις
2356 2305 2416 2341 καὶ
2442 2304 2544 2348 βολαὶ

1443 2371 1622 2421 χερμάδων
1648 2373 1687 2406 δι’
1716 2370 1795 2406 ὅλου
1830 2372 1889 2405 τοῦ
1922 2367 2060 2417 τείχους
2093 2367 2250 2416 ε’γίνοντο·
2276 2369 2334 2403 καί
2369 2370 2548 2415 πανταχοῦ

1447 2435 1553 2481 παρῆν
1577 2432 1600 2471 ἡ
1625 2430 1813 2480 παρθένος,
1832 2433 1956 2466 νικῶσα
1973 2429 2064 2468 νίκην
2089 2428 2371 2477 άκαταγῶνιστον·
2398 2429 2454 2463 καὶ
2482 2431 2546 2464 δεῖ-

1447 2509 1500 2544 μα
1524 2496 1585 2543 μέν
1611 2494 1670 2538 καί
1696 2492 1802 2541 φόβον
1829 2494 1900 2533 τοῖς
1920 2490 2094 2540 πολεμιόις
2116 2490 2362 2538 ἐμβάλλουσα,
2383 2490 2485 2537 ἷσχύν
2512 2491 2549 2524 δέ

1449 2558 1582 2598 δούλοις
1599 2554 1824 2604 παρέχουσα,
1843 2554 1902 2588 καί
1921 2551 2058 2594 ἀπαθὲς
2079 2553 2301 2600 φυλάττουσα
2324 2552 2361 2586 τὸ
2385 2550 2548 2593 ύπήκοον,

1449 2617 1635 2666 ἀναιροῦσα
1660 2617 1694 2652 δὲ
1721 2614 1855 2656 πλῆθος
1880 2614 2052 2661 πολέμιον·
2071 2612 2185 2661 τρίτην
2211 2614 2245 2648 δὲ
2271 2613 2395 2650 ταύτην
2421 2611 2548 2658 ἡμέραν

1449 2680 1471 2720 ἡ
1506 2679 1696 2727 βαρβαρική
1731 2675 1903 2726 παρουσία
1934 2674 2034 2723 ἦγεν,
2060 2675 2102 2716 ῶς
2136 2674 2285 2723 εἴρηται,
2310 2673 2408 2713 ἡνίκα
2440 2675 2550 2707 ταῦτα

1449 2741 1666 2789 ἔπράττοντο.

1526 2802 1578 2850 ιγ’.
1603 2802 1703 2837 Κατοὶ
1727 2801 1761 2836 δὲ
1788 2801 1846 2839 τήν
1872 2798 2032 2846 τετάρτην
2051 2797 2197 2845 ἡμέραν,
2219 2797 2280 2837 τοὶς
2302 2795 2474 2836 ἑλεπόλεις
2491 2794 2551 2842 ἥρ-

1453 2867 1536 2910 ξατο
1563 2863 1732 2908 καθιστᾷν
1758 2863 1774 2898 ὁ
1802 2861 2046 2910 ἐμβρόντητος,
2071 2860 2129 2894 καί
2156 2860 2216 2893 τῶν
2242 2857 2423 2906 ἀφετηρίων
2449 2856 2552 2905 ὀργά-

1452 2941 1525 2970 νων,
1551 2927 1609 2962 καὶ
1636 2925 1765 2973 πύργων
1802 2923 1935 2968 ξυλίνων
1960 2922 2176 2962 κατασκευάς
2209 2918 2426 2955 ἐτεκταίνετο·
2451 2917 2491 2958 ἦν
2516 2920 2549 2954 δὲ

1452 2989 1557 3026 αὖτῶν
1572 2987 1595 3028 ἡ
1613 2987 1733 3023 τούτων
1762 2985 1934 3034 σύμπηξις
1957 2984 2066 3034 ῥάστη
2093 2984 2150 3019 καί
2173 2982 2337 3029 σύντομος
2362 2982 2419 3016 καὶ
2445 2980 2550 3028 λόγου

1453 3051 1614 3100 γενομένη
1642 3049 1847 3097 ταχύτερον,
1865 3046 1991 3087 πλήθει
2015 3047 2051 3081 τὲ
2074 3044 2249 3094 βαρβάρων
2276 3046 2385 3078 ταῦτα
2409 3041 2552 3090 ἐργαζο-

1453 3113 1572 3162 μένων,
1593 3112 1651 3147 καί
1678 3113 1720 3156 τῷ
1746 3111 1806 3149 τήν
1832 3108 1912 3148 ὅλην
1939 3108 2030 3156 ἔχειν
2057 3106 2262 3155 εὐπόριστον·
2280 3100 2370 3143 ἥντε
2392 3103 2442 3152 ἐφ’
2462 3103 2552 3152 ἆμα-

1455 3177 1514 3220 ξῶν
1540 3175 1629 3222 ἄγων
1654 3170 1820 3214 ἐλήλυθε,
1843 3172 1901 3206 καί
1925 3169 1965 3210 ἦν
1992 3169 2031 3215 ἐξ
2056 3167 2096 3205 ῶν
2122 3166 2352 3216 κατέστρεψεν
2379 3165 2474 3201 οἴκων
2501 3165 2553 3201 εὖ-

1451 3239 1561 3286 χερῶς
1587 3233 1813 3282 συνεκόμισεν·
1839 3232 1917 3267 ἀλλ’
1945 3232 1963 3268 ὅ
1989 3230 2068 3271 θεὸς
2094 3229 2202 3277 ε’γέλα
2227 3231 2363 3270 τοῦτον,
2389 3227 2445 3262 καὶ
2472 3226 2553 3274 ε’μυ-

1455 3297 1607 3346 κτήριζεν
1633 3297 1650 3332 ὁ
1676 3296 1835 3335 λαλήσας
1861 3295 1944 3341 πρὸς
1969 3292 2071 3328 αὕτόν
2097 3291 2130 3327 ἐν
2158 3291 2243 3339 ὀργῇ
2265 3290 2387 3332 αὑτοῦ,
2411 3289 2468 3324 καὶ
2495 3303 2554 3323 τα-

1455 3360 1563 3409 ράξας
1582 3357 1615 3394 ἐν
1638 3356 1735 3405 θυμῷ
1755 3355 1878 3398 αὐτοῦ,
1898 3354 2001 3390 αὐτόν
2023 3354 2060 3388 τέ
2079 3353 2137 3388 καὶ
2158 3354 2213 3388 τὸν
2232 3353 2315 3387 λαόν
2334 3351 2448 3387 αὐτοῦ.
2464 3349 2556 3398 Πέμ-

1455 3434 1543 3461 πτης
1570 3420 1603 3455 δὲ
1629 3418 1734 3459 οὔσης
1759 3415 1904 3465 ἡμέρας,
1927 3414 2061 3450 στέλλει
2087 3414 2171 3462 πρὸς
2196 3413 2297 3449 αὐτὸν
2317 3414 2335 3448 ὁ
2355 3411 2517 3456 βασιλεύς
2537 3412 2554 3446 ὅ

1455 3482 1635 3524 νεώτατος,
1659 3479 1770 3523 λαβῶν
1795 3481 1855 3520 τῆς
1882 3477 2010 3521 βουλῆς
2035 3476 2224 3519 κοινωνοιὶς,
2249 3476 2306 3511 καὶ
2335 3477 2395 3516 τῆς
2420 3474 2554 3522 γνώμης

1457 3543 1696 3590 συλλήπτορας
1721 3540 1821 3576 αὐτόν
1849 3539 2010 3588 ιἐράρχην
2034 3539 2092 3574 καὶ
2113 3540 2174 3580 τῆς
2193 3537 2385 3585 συγκλήτου
2408 3537 2446 3571 τὸ
2472 3535 2556 3585 πρῶ-

1456 3617 1590 3646 τιστον,
1612 3605 1699 3650 δῶρα
1717 3603 1753 3636 τέ
1771 3602 1829 3636 καὶ
1851 3599 2033 3647 πρέσβεις,
2051 3600 2133 3648 πρὸς
2159 3598 2288 3648 εἷρήνην
2308 3596 2409 3640 αὖθις
2429 3598 2485 3633 τὸν
2503 3597 2558 3631 τύ·

1457 3679 1568 3713 ραννον
1584 3662 1863 3713 προκαλούμενος·
1879 3662 2016 3697 στέλλει
2033 3662 2066 3697 δέ
2084 3664 2215 3709 Σομνᾶν
2231 3661 2287 3696 καὶ
2306 3659 2484 3707 Ἐλιακείμ
2498 3659 2554 3694 καί

1458 3728 1562 3774 ’Ῑωοὶχ
1577 3727 1608 3769 ³¹,
1626 3726 1680 3761 τόν
1695 3726 1761 3773 γάρ
1776 3724 1932 3774 τέταρτον
1949 3723 2029 3759 ἕκῶν
2046 3722 2302 3772 ὑπερβήσομαι,
2316 3721 2449 3768 ἐπείπερ
2467 3722 2556 3769 τρεῖς

1459 3789 1517 3823 καὶ
1543 3786 1698 3838 Ἐζεκίας
1725 3786 1856 3821 ἔστειλε
1882 3784 2039 3834 πρότερον
2065 3786 2147 3833 πρὸς
2169 3783 2347 3830 Ῥαψάκην
2374 3783 2429 3819 τόν
2448 3780 2556 3825 βαβυ-

1459 3849 1588 3893 λῶνιον,
1605 3850 1660 3885 τὸν
1680 3849 1788 3885 πάλαι
1808 3849 1867 3888 τὴν
1882 3848 2110 3896 Ἰερουσαλήμ
2125 3845 2297 3894 πορθῆσαι
2320 3845 2558 3892 διανοούμενον.

1534 3912 1581 3949 ιδ’.
1606 3912 1653 3949 Oi
1669 3913 1703 3947 δὲ
1722 3911 1902 3953 σταλέντες
1919 3908 2212 3950 ε’πανεληλύδασιν
2228 3909 2416 3957 ἄπρακτοι,
2431 3907 2475 3941 τα“
2492 3906 2555 3953 μὲν

2555 947 2577 977 f.
2601 951 2645 976 54.
2659 945 2693 974 b.

2583 2439 2669 2470 f..55.
2688 2438 2709 2467 b

2589 3174 2611 3204 ῐ.
2630 3178 2675 3202 56.
2694 3180 2722 3201 a.

2593 3722 2608 3737 *
2630 3720 2680 3748 iv.
2699 3719 2774 3754 neg.

2593 3754 2704 3784 xvm.
2727 3758 2768 3782 18.

2595 3912 2615 3940 i.
2636 3916 2680 3940 56.
2701 3911 2730 3939 Ι).
