2970 4420
476 270 543 302 ΧΠ
1360 275 1561 308 EDITORIS
1596 275 1844 310 PRAEFATIO
1854 292 1871 310 0·

472 356 705 404 initiavit.
734 357 952 421 Sequitur
977 367 1085 437 not)
1119 357 1199 406 illa
1236 362 1441 408 narratio
1474 361 1533 407 de
1571 359 1812 423 baptizatis
1850 366 2007 426 pueris
2040 366 2106 415 ab·
2133 352 2387 419 Athanasio
2429 349 2610 436 puer-in
2645 394 2752 441 quo

475 435 624 488 facto,
662 437 814 482 cuncti
839 436 908 482 illi
934 452 957 482 (-
1075 435 1328 483 Athanasio
1363 439 1494 499 pueri
1521 436 1580 483 ab
1605 437 1874 486 Alexandro
1896 443 2115 507 episcopo
2137 446 2187 493 in
2211 448 2431 496 ecclesiae
2460 451 2654 504 aedibus
2689 461 2750 507 ad

475 513 706 560 leviticam
732 513 876 560 vitam
902 523 949 560 et
997 514 1213 561 cientiam
1238 514 1425 561 educari
1451 523 1722 575 coeperunt.
1750 517 1877 562 Tunc
1899 516 1999 564 Arii
2030 531 2191 570 coorta
2223 522 2402 572 haeresi
2425 561 2436 580 ‚
2471 528 2751 597 indictoque

476 593 669 639 Nicaeae
703 592 903 638 concilio
918 627 929 642 ‚
958 593 1236 638 Athanasius
1259 593 1351 638 iam
1374 593 1423 637 in
1447 590 1621 638 ordine-
1636 593 1943 641 diaconorum
1965 592 2143 658 primus
2161 635 2173 655 ‚
2201 602 2523 652 Alexandrum
2549 612 2752 660 comita-

477 678 575 722 tus,
602 670 650 714 in
675 685 732 715 eo
757 677 893 715 coetu
917 669 1167 715 fortissime
1190 670 1449 715 decertasse
1474 668 1660 726 dicitur.
1690 673 1873 717 Sancta
1897 684 2058 720 autem
2079 679 2318 739 synodus.
2341 666 2491 744 inquit
2517 685 2741 746 Severus,

477 746 702 792 unanimi
734 762 839 792 voce
863 746 1066 793 decrevit
1090 744 1543 792 consubstantialem
1566 762 1662 793 esse
1688 749 1829 808 Patri
1860 748 2016 812 ipsum
2049 750 2185 801 illum
2207 756 2407 810 Filium,
2437 760 2549 823 qui,
2581 766 2747 827 exple-

479 824 541 869 tis
562 822 852 886 temporibus
872 859 884 873 ,
910 835 1107 886 propter
1141 834 1354 868 nostram
1386 823 1590 869 salutem
1624 822 1906 872 incarnatus
1928 838 1996 872 est
2016 861 2028 881 ,
2062 839 2303 896 totamque
2335 835 2741 896 dispensationem

473 900 678 965 peregit.
706 902 829 946 Item
853 899 1089 963 Spiritum
1113 912 1333 945 sanctum
1358 899 1501 945 Patri
1523 915 1582 946 ac
1604 900 1728 947 Filio
1752 904 2111 951 connumeravit
2127 942 2139 958 ,
2168 907 2421 974 docuitque
2444 917 2741 965 concorditer

480 979 531 1024 in
559 973 689 1024 'hunc
722 978 871 1023 etiam
905 994 1001 1023 esse
1023 977 1339 1023 credendum:
1373 988 1517 1040 atque
1550 976 1638 1023 hoc
1669 979 1885 1025 salutare
1917 979 2157 1027 decretum
2187 1000 2449 1051 sanamque
2477 991 2748 1053 profess-[0-

479 1073 587 1102 nem
622 1055 836 1102 universo
870 1053 1081 1117 legitime
1105 1053 1211 1100 orbi
1233 1053 1439 1100 tradidit
1457 1092 1470 1106 ,
1501 1055 1765 1119 paucisque
1789 1056 1938 1104 verbis
1961 1056 2016 1103 id
2036 1073 2174 1104 omne
2202 1060 2417 1122 definivit
2442 1066 2492 1113 in
2524 1085 2621 1130 quo
2652 1070 2746 1117 ba-

474 1134 747 1198 ptizamur.
766 1134 872 1178 Mox
898 1140 1058 1178 narrat
1082 1132 1277 1177 Severus
1306 1132 1557 1196 quomodo!
1572 1142 1761 1180 mortuo
1785 1135 2052 1182 Alexandro
2075 1138 2216 1183 Marci
2248 1140 2407 1189 sedem
2438 1149 2746 1207 occupaverit

480 1211 773 1258 Athanasius.
807 1211 926 1254 Hinc
955 1210 1236 1255 Arianorum
1268 1209 1394 1271 apud
1423 1210 1776 1290 Constantinum
1812 1212 1926 1274 imp.
1963 1212 2221 1261 calumniae
2239 1250 2251 1269 ‚
2279 1218 2469 1266 exilium
2497 1223 2739 1270 Athanasii

481 1304 627 1350 usque
658 1287 893 1338 Treviros,
926 1293 972 1331 et
1005 1284 1175 1331 deinde
1208 1285 1385 1332 reditus
1412 1286 1744 1345 'Alexandriam
1763 1323 1774 1341 ‚
1811 1290 1957 1335 Roma
1980 1304 2076 1335 non
2099 1291 2243 1337 semel
2268 1291 2479 1342 salutata.
2508 1299 2624 1345 Item
2665 1301 2744 1347 alii

481 1365 576 1411 sub·
602 1362 741 1411 va'riis
774 1361 1133 1434 imperatoribus
1157 1361 1343 1409 labores
1365 1363 1572 1412 eiusdem
1589 1399 1600 1418 ‚
1630 1380 1682 1410 ac
1704 1364 1867 1426 fugae,
1895 1375 1940 1412 et
1964 1366 2190 1422 latebrae,
2217 1376 2263 1415 et
2291 1369 2519 1417 interfecti
2555 1375 2741 1422 Arsenii

437 1446 439 1448 ’
481 1443 638 1490 fabula
660 1477 671 1495 ,
709 1443 770 1486 ita
804 1449 856 1486 ut
889 1440 948 1485 de
972 1440 1126 1485 XLVl.
1156 1441 1448 1502 episcopatus
1473 1441 1630 1493 annis,
1668 1456 1746 1486 sex
1770 1449 1950 1488 tantum
1973 1444 2217 1505 quieverit.
2247 1446 2522 1508 profligatos
2545 1451 2659 1495 item
2685 1452 2746 1499 ab

479 1520 730 1566 Athanasio
756 1517 867 1563 dicit
889 1517 1010 1563 duos
1042 1517 1275 1563 arianismi
1308 1518 1543 1579 gigantes,
1580 1518 1817 1579 impurum
1844 1520 2111 1566 eunuchum
2143 1523 2391 1569 Leontium
2412 1559 2424 1578 ‚
2461 1533 2507 1571 et
2541 1526 2740 1573 Hosium

474 1598 558 1657 qui
594 1594 836 1641 ambitiose
869 1593 1026 1639 sedem
1059 1595 1270 1640 mutavit.
1308 1594 1435 1640 Facit
1467 1603 1621 1640 tamen
1647 1595 1840 1641 Severus
1862 1594 2142 1644 calumniam
2167 1600 2313 1645 Hosio
2331 1634 2342 1654 ‚
2369 1616 2514 1661 quem
2537 1611 2747 1664 quanto-

479 1690 590 1736 pere
615 1673 836 1719 amaverit
859 1671 1211 1732 laudaveritque
1234 1671 1509 1718 Athanasius
1523 1706 1534 1725 ‚
1563 1679 1690 1734 patet
1711 1687 1767 1718 ex
1790 1673 1888 1718 eius
1910 1674 2150 1735 operibus.
2185 1676 2241 1720 Et
2266 1677 2517 1723 arianismo
2549 1679 2746 1739 quidem

476 1761 664 1798 strenue
688 1749 904 1811 purgavit
925 1748 1120 1794 Hosium
1143 1748 1216 1794 vir
1243 1747 1303 1793 cl.
1329 1748 1516 1795 Maceda
1545 1749 1710 1811 grandi
1740 1749 1868 1796 edito
1898 1749 2022 1796 libro
2051 1750 2229 1796 Hosius
2261 1767 2363 1798 vere
2394 1750 2572 1798 hosius.
2600 1754 2744 1808 Quod

478 1817 603 1876 vero*
620 1828 744 1873 idem
767 1825 926 1872 sedem
950 1824 1262 1887 episcopalem
1297 1828 1566 1881 mutaverit,
1594 1826 1643 1872 id
1668 1827 1806 1889 plane
1838 1827 2008 1873 falsum
2040 1828 2250 1874 videtur:
2289 1844 2397 1875 nam
2431 1839 2594 1876 contra
2618 1831 2739 1877 hanc

479 1908 636 1969 potius
671 1903 1011 1950 nonnullorum
1035 1902 1361 1963 episcoporum
1388 1901 1688 1949 ambitionem
1713 1902 1924 1950 condidit
1947 1904 2154 1966 primum
2179 1920 2406 1952 canonem
2428 1906 2746 1954 sardicensem

478 1986 577 2046 ipse
601 1982 787 2027 Hosius.
817 1980 969 2040 Pergit
994 1987 1147 2025 autem
1172 1980 1364 2025 Severus
1386 1979 1563 2025 dicere:
1596 1978 1706 2025 Arii
1738 1979 1974 2041 infamem
2007 1981 2293 2026 sententiam
2325 1980 2623 2030 Athanasius
2653 2000 2741 2047 op-

475 2075 729 2124 pugnans,
762 2069 1013 2118 tamquam
1037 2054 1232 2101 bellicae
1256 2055 1378 2101 artis
1412 2055 1524 2100 bene
1552 2055 1761 2119 peritus,
1791 2056 1917 2103 nulli
1935 2056 2083 2103 simul
2109 2058 2203 2103 alii
2227 2074 2292 2103 ex
2318 2057 2596 2106 haeresibus
2633 2061 2746 2106 adi-

478 2150 580 2182 tum
617 2136 690 2182 vel
719 2133 1014 2180 occasionem
1039 2131 1293 2195 praebuit‚·
1329 2148 1460 2177 secus
1493 2147 1553 2177 ac
1586 2131 1661 2177 illi
1695 2133 1746 2178 in
1776 2132 1874 2185 fide
1907 2133 2099 2196 reprobi
2129 2151 2178 2188 se
2214 2148 2475 2198 gesserunt
2497 2136 2741 2183 Diodorus

478 2225 621 2275 atque
656 2210 922 2257 Theodorus
938 2246 949 2260 ,
980 2208 1065 2271 qui
1087 2224 1180 2254 uno
1211 2204 1345 2254 oculo
1369 2221 1575 2260 utentes,
1617 2210 1669 2256 in
1700 2210 1852 2256 altero
1879 2211 2204 2257 caecutierunt
2221 2249 2232 2263 ‚
2267 2212 2385 2274 quia
2421 2213 2620 2258 Verbum
2649 2213 2746 2259 Dei

478 2291 788 2334 incarnatum
805 2289 1101 2348 saccumque,
1119 2284 1384 2336 hom-inem,
1411 2285 1797 2332 obtentqurium
1822 2287 2095 2346 refutandi,
2115 2288 2178 2334 „in
2201 2288 2296 2335 duo
2321 2280 2601 2336 diviserunt.
2631 2290 2742 2337 Non

477 2366 549 2411 ita
584 2377 746 2410 tamen
780 2374 939 2409 noster
977 2361 1055 2407 hic
1087 2378 1316 2425 magnus,
1356 2362 1441 2424 qui
1471 2356 1693 2426 genuinis
1726 2365 2060 2427 accuratisque
2093 2365 2243 2413 verbis
2268 2382 2380 2412 usus
2415 2378 2499 2412 est.
2530 2368 2582 2412 Is
2615 2367 2746 2413 enim

478 2441 748 2490 constituit,
788 2456 881 2485 non
916 2439 1038 2484 duas
1072 2455 1168 2484 esse
1209 2438 1437 2484 dicendas
1468 2451 1581 2503 post
1620 2440 1843 2487 unionem
1877 2441 1928 2487 in
1974 2441 2157 2488 Christo
2198 2454 2427 2494 naturas,
2467 2443 2552 2489 sed
2590 2460 2741 2489 unam

485 2519 620 2565 Verbi
654 2519 962 2567 incarnatam
1002 2528 1261 2567 naturam,
1306 2529 1585 2563 conservata
1624 2529 1785 2563 tamen
1824 2517 1990 2565 divina
2029 2516 2376 2564 humanatione
2419 2518 2743 2573 immutabili,

477 2596 757 2648 inconfusa,
799 2593 1128 2658 inseparabili.
1159 2594 1297 2648 Quod
1317 2593 1417 2639 eius
1439 2593 1651 2654 effatum
1675 2611 1768 2640 non
1781 2595 1998 2656 serentes
2031 2595 2279 2641 Nestorius
2303 2594 2484 2657 aliique
2514 2595 2741 2658 discipuli

475 2672 681 2720 Diodori
713 2688 771 2717 ac
808 2670 1066 2721 Theodori,
1107 2669 1237 2716 illius
1270 2670 1340 2724 ad
1368 2667 1640 2733 Epictetum
1672 2671 1924 2735 epistolam
1943 2671 2275 2733 falsaverunt.
2314 2672 2411 2718 Sed
2441 2671 2569 2717 enim
2603 2672 2743 2718 illam

477 2750 546 2796 ad
578 2745 826 2796 veritatem
858 2747 1056 2811 exigens
1089 2762 1348 2810 germanus
1381 2746 1642 2793 Athanasii
1680 2745 1942 2811 discipulus
1982 2748 2173 2810 sapiens
2216 2748 2447 2810 Cyrillus‚
2495 2747 2631 2793 misit
2680 2749 2750 2794 ad

475 2838 669 2873 sanctas
702 2824 899 2877 orientis
931 2823 1176 2874 ecclesias,
1205 2821 1498 2869 Iudaeorum
1510 2813 1810 2885 sav'itoribus
1833 2841 1884 2870 os
1908 2823 2175 2872 occludens.
2203 2823 2341 2871 Vides
2362 2858 2373 2878 ,
2399 2824 2548 2873 lector
2564 2859 2575 2879 ‚
2605 2826 2747 2872 Seve-

476 2920 582 2950 rum
616 2918 873 2965 numquam
897 2917 1005 2948 suae
1029 2901 1088 2947 de
1118 2902 1252 2947 unica
1283 2901 1332 2946 in
1367 2899 1550 2946 Christo
1583 2908 1750 2947 natura
1772 2900 2014 2947 haereseos
2037 2901 2380 2951 immemorem.
2407 2902 2506 2950 Iam
2527 2901 2736 2951 Athana-

477 2965 596 3028 sium
630 2980 773 3026 un'am
807 2980 974 3025 dixisse
1007 2980 1090 3025 Dei
1122 2977 1263 3024 Verbi
1296 2978 1582 3023 incarnatam
1614 2985 1857 3032 naturam,
1895 2977 1972 3025 alii
2005 2985 2183 3024 veteres
2217 2975 2469 3025 adfirmant
2489 3009 2501 3029 ‚
2538 2975 2616 3026 alii
2652 2991 2738 3022 ne-

476 3066 609 3119 gant,
648 3057 773 3118 apud
807 3057 1045 3102 Petavium
1077 3055 1137 3101 de
1170 3057 1395 3101 incarnat.
1432 3051 1516 3099 lib.
1545 3054 1622 3100 IV.
1649 3069 1751 3117 cap.
1781 3055 1828 3101 6.
1850 3070 1899 3101 n.
1930 3055 1977 3100 5.
2005 3069 2126 3116 seq„
2158 3054 2239 3114 qui
2270 3053 2392 3098 hanc
2419 3053 2740 3113 quaestionem

476 3129 739 3180 doctissime
771 3132 960 3179 evolvit.
1009 3134 1155 3179 Porro
1189 3140 1235 3178 et
1268 3147 1354 3177 nos
1385 3132 1556 3178 scimus
1599 3131 1728 3177 aliud
1763 3147 1863 3182 esse
1899 3146 2040 3179 unam
2081 3128 2250 3174 Christi
2293 3136 2510 3175 naturam
2538 3128 2704 3177 ⁴dicere
2725 3165 2737 3186 ‚

477 3210 605 3255 aliud
630 3226 769 3256 unam
794 3209 934 3256 Verbi
958 3211 1242 3256 incarnatam
1263 3217 1495 3255 naturam.
1523 3207 1612 3253 Sed
1644 3207 1775 3269 quod
1800 3207 1947 3269 pluris
1969 3214 2065 3260 est,
2099 3203 2244 3252 verba
2277 3205 2391 3251 haec
2413 3206 2463 3251 in
2497 3203 2739 3273 Athanasii

477 3286 535 3332 ad
568 3287 829 3347 Epictetum
860 3287 1054 3348 epistola
1089 3302 1183 3333 non
1212 3286 1461 3348 leguntur3
1498 3291 1624 3330 totus
1664 3284 1810 3328 immo
1851 3282 1976 3328 illius
2018 3289 2261 3328 contextus
2299 3281 2416 3327 duas
2450 3283 2500 3329 in
2547 3282 2734 3330 Christo

478 3371 664 3409 naturas
698 3362 924 3414 adstru.it;
958 3372 1003 3408 ct
1038 3364 1220 3409 nonnisi
1247 3364 1302 3409 in·
1321 3362 1481 3425 spurio
1503 3360 1711 3423 quodam
1737 3359 1966 3423 opusculo
1987 3393 1999 3413 ‚
2036 3357 2096 3407 de
2128 3373 2226 3421 quo
2260 3359 2471 3415 Petavius
2504 3359 2596 3405 loc.
2633 3361 2737 3415 cit„

478 3454 530 3485 ea
564 3439 740 3485 locutio
766 3438 1008 3500 superfuit.
1046 3438 1390 3494 Quamobrem,
1429 3434 1514 3485 nisi
1547 3453 1667 3486 vana
1701 3452 1895 3500 prorsus
1918 3445 2077 3484 narrat
2101 3436 2322 3491 Severus,
2359 3435 2440 3483 illa
2473 3436 2616 3488 unius
2653 3453 2745 3483 na·

478 3527 616 3561 turae
649 3515 792 3561 dictio
825 3530 852 3561 a
882 3516 1220 3577 Monophysitis
1253 3518 1408 3580 potius
1446 3516 1584 3563 alicui
1622 3514 1877 3577 exemplari
1909 3513 2139 3576 epistolae
2173 3513 2502 3560 athanasianae
2542 3512 2743 3561 obtrusa

477 3592 618 3638 fuisse
651 3591 836 3638 videtur
852 3625 863 3644 ‚
899 3606 1042 3653 quam
1074 3593 1283 3640 indidem
1316 3610 1343 3641 a
1374 3593 1658 3641 Nestorianis
1691 3590 1942 3639 subtracta.
1972 3589 2133 3652 Cyrilli
2161 3588 2355 3652 quidem
2389 3589 2611 3642 adversus
2635 3591 2740 3637 Dio·

477 3668 649 3714 dorum
681 3684 735 3715 ac
766 3668 1064 3715 Theodorum
1091 3671 1356 3732 complures
1387 3687 1473 3719 nos
1499 3670 1741 3732 reliquiaS‚
1778 3685 1833 3716 ex
1863 3669 2009 3733 ipsius
2043 3667 2198 3714 Severi
2233 3682 2286 3714 ac
2317 3667 2537 3714 Iohannis
2570 3682 2740 3715 caesa—

478 3746 650 3796 reensis
689 3746 871 3808 scriptis
903 3746 1089 3801 ineditis
1121 3747 1329 3804 haustas,
1368 3750 1415 3796 in
1449 3747 1655 3795 secundo
1688 3746 1826 3794 huius
1854 3734 2166 3793 bibliothecae
2205 3744 2446 3793 volumine
2479 3743 2737 3792 edidimus.
