2970 4420
1280 296 1495 329 MoxomA.

258 370 416 420 μείζονος
440 369 463 410 ἦ
493 370 583 407 κατοὶ
607 371 666 410 τήν
697 369 782 418 ἐμήν
816 371 951 420 δύναμιν
982 369 1192 420 θρηνητῆρος
1219 371 1359 420 ῥήτορος

259 436 379 471 δεῖται.
402 432 476 469 Καὶ
501 433 545 468 σύ
568 433 631 480 μὲν
657 434 744 472 δῆτα
771 431 952 481 ἔχω’ρησας
977 433 1108 477 ἐκεῖσε,
1133 433 1190 469 ἰ’να
1215 446 1254 468 σε
1283 446 1360 470 συν-

258 494 384 543 ead-yn»
417 495 528 539 ἄξιον,
552 494 753 539 ἀπαξιώσας
780 495 825 530 τοὶ
856 494 937 531 καθ’
961 496 1064 545 ἡμᾶς·
1089 495 1131 538 ὥς
1160 493 1257 543 οἶμαι
1292 495 1357 545 οὐχ

260 557 371 601 ὅσιον,
389 558 482 605 μετά
499 555 678 593 ἀθανάτων
699 556 961 594 συνδιαιτᾶσθαι
985 572 1026 594 σε
1048 558 1175 607 χρεών,
1196 557 1302 594 ἔπειτ’
1324 557 1358 593 ἐν

257 618 398 661 θνητοῖς
423 618 560 668 διάγειν·
584 620 688 668 ήμεῖς
714 619 751 655 δέ
776 633 830 656 σοι
862 622 906 668 τῇ
935 620 1051 670 μνήμη
1080 618 1358 668 συναπέλθομεν,

2416 283 2509 330 423

1428 372 1486 408 καὶ
1513 369 1675 420 σύνισμέν
1701 382 1756 406 σοι
1781 369 1964 411 διαπαντός
1984 369 2041 405 καὶ
2063 370 2234 407 ἐκαστότε·
2256 374 2313 408 καὶ
2340 373 2380 408 σὲ
2405 375 2458 408 νῦν
2479 372 2521 413 ὦς

1428 433 1477 481 μή
1502 431 1609 479 ὤφελε
1643 430 1848 481 θρηνοῦμεν,
1872 430 1930 468 καὶ
1962 431 2042 473 τούς
2065 430 2212 476 ἐξοδιόυς
2238 446 2291 468 σοι
2317 434 2459 482 ᾄδομεν,
2482 432 2521 469 οὐ

1428 498 1504 530 κατ’
1529 493 1678 536 ἐλπίδας·
1699 492 1821 542 ἄφωνοι
1841 491 1908 542 γὰρ
1931 492 2033 542 ἦμεῖς
2058 493 2117 529 καὶ
2142 495 2250 541 νεκροὶ
2278 493 2355 530 ὅσον
2376 497 2414 531 τὸ
2434 497 2526 531 κατ-εὶ

1428 557 1479 592 σέ·
1504 558 1602 593 τοῦτο
1627 557 1663 592 δὲ
1696 554 1797 605 μόνον
1821 554 1994 605 εἰρήσεται
2025 558 2105 602 παρ’
2131 554 2213 602 η’μῒν
2248 554 2299 591 ὅτι
2330 548 2370 591 τό
2401 557 2523 604 παρόν,

1428 618 1580 667 ἄρῥητον·
1606 617 1665 654 καὶ
1690 618 1796 664 τούτῳ
1819 617 1925 665 λόγος
1950 615 2042 658 ἅπας
2067 614 2107 651 ἄν
2133 614 2187 654 εἴη
2214 616 2251 651 τό
2277 620 2411 661 σιωπᾷν.

815 866 922 917 DE
974 865 1463 932 SEQUENTE
1507 863 1973 936 flISTORIA

1211 1004 1575 1044 MONITUM.

266 1101 547 1205 Quamquam
573 1153 806 1209 subsequens
832 1153 882 1194 de
907 1154 1106 1195 obsidione
1123 1155 1320 1207 Byzantii
1344 1154 1417 1194 sab
1436 1154 1621 1194 Heraclio
1647 1157 1745 1206 imp.
1770 1156 1948 1195 narratio
1966 1164 2164 1206 anonyma
2187 1156 2264 1204 est,
2287 1152 2447 1204 ideoque
2473 1152 2527 1192 ad

256 1209 413 1258 nullum
446 1217 689 1258 Theodorum
716 1218 858 1270 referri
877 1223 1035 1271 potest,·
1053 1222 1231 1259 attamen
1256 1222 1360 1259 inter
1389 1219 1646 1271 byzantinos,
1670 1232 1765 1271 quos
1792 1220 1982 1260 hactenns
2010 1219 2097 1259 luce
2121 1218 2376 1268 donavimus,
2398 1221 2528 1258 aucto-

255 1295 318 1322 res
344 1286 429 1322 sine
457 1283 579 1324 dubio
612 1286 814 1324 nurnerari
845 1284 983 1334 debet,
1015 1296 1137 1336 neque
1166 1284 1218 1324 ab
1252 1284 1324 1324 hoc
1362 1285 1456 1324 libri
1491 1287 1616 1325 nostri
1650 1285 1756 1335 loco,
1787 1297 1917 1325 rernm
1950 1284 2173 1325 huiusmodi
2197 1284 2341 1336 pleno,
2365 1294 2528 1335 prorsus

257 1348 456 1389 abhorret.
485 1350 619 1389 Extat
644 1351 771 1402 iqitur
787 1350 1044 1402 praeclarum
1072 1350 1144 1389 hoc
1165 1353 1356 1402 piumque
1382 1351 1610 1402 opuseulum
1638 1353 1682 1390 in
1707 1363 1847 1402 qraeco
1873 1351 2003 1391 codiee
2029 1353 2213 1391 vaticano
2234 1356 2360 1402 1572,
2383 1349 2529 1390 saeculi

245 1413 548 1469 [OQ—Vdflcffli
556 1428 573 1464 ,·
601 1415 706 1466 quod
730 1416 919 1467 scriptum
947 1414 1041 1454 dum
1067 1427 1138 1466 eqo
1166 1415 1473 1466 considerarem,
1504 1420 1640 1457 statim
1666 1420 1835 1468 comperi
1860 1417 2063 1470 persimile
2089 1429 2168 1457 esse
2194 1420 2373 1457 contento
2399 1419 2443 1456 in
2468 1427 2529 1455 co-
2583 1440 2585 1442 -

258 1480 346 1519 dice
373 1480 672 1532 vindobonensi,
703 1483 814 1534 apud
840 1484 1090 1524 Lambecium
1121 1484 1302 1536 Gataloq.
1334 1484 1405 1523 lib.
1441 1484 1485 1523 V.
1513 1496 1557 1535 p.
1589 1489 1681 1522 299.
1710 1485 1837 1523 Immo
1871 1487 1912 1523 et
1941 1484 2108 1523 ulterius
2133 1483 2363 1534 vestiqando
2395 1481 2530 1522 indul·

254 1556 376 1595 qens,
399 1548 565 1601 coqnovi
588 1550 857 1588 narrationem
886 1549 1071 1599 eandem,
1094 1561 1120 1588 a
1146 1549 1297 1589 diverso
1323 1553 1452 1589 tamen
1478 1554 1636 1589 auctore
1665 1549 1853 1600 lonqeque
1874 1549 2108 1598 breviorem,
2129 1551 2266 1588 extare
2292 1549 2402 1600 apud
2424 1549 2545 1588 Com-f

260 1611 437 1662 belisiam
464 1614 509 1652 in
536 1613 724 1654 Auctario
756 1615 800 1654 T.
834 1615 895 1655 II.
917 1627 965 1666 p.
997 1617 1198 1666 805-816,
1219 1618 1279 1655 ita
1309 1620 1439 1655 tamen
1464 1619 1511 1655 at
1535 1619 1747 1666 vaticana,
1778 1620 1823 1655 nt
1856 1616 1967 1666 dixi,
2000 1615 2212 1655 latitudine
2238 1618 2278 1654 et
2302 1617 2532 1666 inteqritate

254 1677 371 1716 valde
389 1682 581 1729 praestet.
611 1679 702 1719 Iam
728 1692 819 1719 vero
846 1679 1055 1720 historiam
1081 1681 1198 1728 huius
1225 1680 1436 1721 obsidionis
1463 1682 1592 1733 leyere
1613 1682 1798 1734 proderit
1824 1684 1948 1722 etiam
1975 1682 2084 1733 apud
2101 1686 2262 1733 poetam
2285 1681 2461 1720 Pisidam
2488 1683 2532 1720 in

256 1741 360 1782 bello
385 1743 568 1793 abarieo,
600 1744 737 1784 edente
761 1746 977 1797 Foqqinio,
1011 1748 1082 1797 qui
1107 1748 1144 1784 si
1169 1745 1403 1798 diliqentius
1430 1749 1633 1786 vaticanos
1661 1747 1811 1787 codices
1845 1749 2098 1797 excussisset,
2126 1746 2232 1786 'hane
2259 1758 2408 1797 quoque
2441 1757 2532 1785 nar-

255 1811 447 1848 rationem
473 1809 652 1861 deteqere
670 1813 853 1862 poterat,
885 1823 1046 1863 eamque
1070 1823 1144 1863 pro
1171 1811 1246 1851 illa
1273 1812 1567 1863 combefisiana,
1597 1824 1718 1864 quam
1738 1825 1785 1865 p.
1818 1819 1883 1852 78.
1915 1813 2077 1862 retulit,
2109 1815 2152 1852 in
2179 1812 2349 1852 editione
2374 1823 2446 1851 sua
2473 1823 2532 1851 re·

263 1876 400 1913 citare.
437 1875 634 1926 Denique,
662 1879 824 1927 praeter
848 1876 950 1916 alios
977 1877 1202 1928 historicos,
1225 1877 1424 1917 Zonaram
1452 1889 1602 1929 quoqne
1628 1878 1826 1918 consulere
1855 1878 1947 1917 lieet
1975 1877 2046 1917 lib.
2067 1878 2181 1918 XIV.
2211 1884 2276 1917 16.
2304 1877 2366 1916 ed.
2394 1878 2529 1917 Paris.

260 1939 306 1978 T.
337 1939 400 1979 ΙΙ.
423 1951 472 1991 p.
494 1946 560 1980 84.
594 1941 711 1981 Gesta
738 1954 799 1981 res
817 1941 908 1993 fuit
932 1955 1037 1982 anno
1065 1943 1246 1994 Heraclii
1271 1944 1503 1994 imperantis
1532 1949 1605 1993 16,
1631 1943 1762 1995 Seryii
1788 1944 1826 1983 I.
1851 1943 2108 1994 patriarchae
2138 1949 2208 1994 17,
2235 1943 2386 1983 Christi
2410 1943 2531 1983 domi·

254 2006 300 2044 ni
327 2011 426 2056 617,
456 2009 505 2045 at
529 2018 581 2045 ex
611 2006 863 2059 Theophanis
889 2007 1205 2060 ehronoqraphia
1233 2008 1294 2048 ed.
1326 2009 1460 2047 Paris.
1487 2020 1532 2059 p.
1556 2014 1648 2047 263.
1677 2010 1958 2060 eoqnoscimus.
1989 2009 2162 2060 Scriptor
2187 2012 2530 2060 contemporaneus

256 2073 314 2110 rei
340 2075 468 2111 actae.
498 2072 685 2112 Latinam
713 2073 804 2112 verb
833 2073 1129 2114 translationem
1156 2086 1225 2114 nos
1251 2073 1480 2114 adiecimus.

254 2188 309 2224 De
338 2187 540 2236 impiorum
570 2188 738 2227 Abarum
769 2195 881 2238 atque
911 2192 1105 2228 Persarum
1135 2189 1310 2228 adversus
1337 2202 1358 2228 a

321 2248 401 2284 Deo
426 2244 648 2285 custoditam
671 2248 802 2286 urbem
827 2249 968 2288 furiosa
987 2250 1222 2297 incursione,
1240 2249 1360 2298 deque

322 2306 490 2354 ipsorum
507 2335 518 2354 ‚
544 2308 615 2345 Dei
643 2308 865 2353 clementia,
896 2309 1056 2358 Deipara
1083 2308 1358 2356 intercedente,

324 2366 426 2414 turpi
449 2377 610 2404 recessu.
723 2374 726 2376 ’
894 2371 896 2373 ’
1263 2365 1280 2376 “

326 2518 360 2550 1.
388 2488 536 2562 Longe
552 2514 768 2562 praevidens
791 2526 860 2563 per
873 2517 1126 2564 propheticam
1145 2517 1258 2555 divini
1280 2518 1361 2566 Spi-

257 2573 354 2610 ritus
376 2573 531 2620 gratiam
544 2600 554 2617 ‚
571 2574 640 2610 Dei
658 2574 774 2621 patris
790 2574 1064 2623 heneplacitum
1081 2582 1125 2613 ut
1144 2587 1187 2613 ex
1203 2578 1361 2625 Deipara

260 2632 329 2670 Dei
355 2631 518 2669 Verbum
538 2642 690 2669 carnem
714 2639 880 2671 sumeret
903 2645 947 2671 ac
973 2640 1208 2681 nasceretur,
1234 2636 1360 2674 Esaias

257 2691 524 2739 prophetarum
560 2691 820 2729 nobilissimus
855 2693 1066 2731 exclamans
1103 2694 1250 2736 aicham
1279 2710 1295 2727 α
1321 2695 1362 2732 in

262 2767 278 2782 »
309 2756 474 2787 montem
499 2750 684 2797 excelsum
710 2750 935 2796 conscende.
959 2753 1025 2799 qui
1050 2753 1154 2789 Sioni
1177 2753 1361 2801 evangeli-

257 2827 273 2842 »
303 2821 388 2848 zos:
417 2810 551 2847 extolle
579 2820 665 2846 eum
691 2809 912 2848 fortitudine
936 2821 1062 2848 vocem
1087 2816 1190 2848 tuam
1205 2840 1215 2858 ,
1247 2823 1269 2849 o
1298 2815 1363 2861 qui

262 2887 278 2902 υ
306 2870 405 2908 bona
424 2870 584 2907 nuncias
601 2869 686 2907 urbi
706 2870 952 2907 Hierusalem.
972 2871 1167 2916 Extollite‚
1184 2871 1301 2909 nolite
1316 2873 1362 2910 ti-

257 2946 274 2962 u
306 2940 426 2974 mere,
446 2928 508 2967 dic-
526 2928 736 2966 civitatibus
753 2927 883 2966 ludae:
902 2940 986 2967 ecce
1003 2931 1104 2967 Deus
1119 2936 1262 2976 noster,
1279 2941 1363 2969 ecce

261 3005 278 3020 »
307 2989 493 3026 Dominus
517 2999 603 3026 cum
628 2988 845 3026 fortitudine
866 2989 986 3034 venit,
1006 2995 1042 3026 et
1065 2989 1258 3026 brachium
1283 2990 1363 3027 eius

260 3063 276 3080 υ
305 3059 392 3086 cum
421 3048 598 3096 potentia.
621 3064 637 3079 n
661 3053 782 3095 Atque
801 3048 892 3085 haec
909 3048 1061 3096 quidem
1086 3047 1264 3086 divinitus
1282 3060 1364 3097 pro-

259 3108 370 3155 pheta
385 3108 534 3144 locutus
551 3113 626 3152 θεῖε,
645 3113 835 3155 propterea
851 3107 951 3155 quod
967 3108 1057 3144 olim
1072 3107 1222 3155 quidem
1239 3108 1364 3145 adver-

256 3179 321 3206 sus
339 3167 573 3205 Hierusalem
591 3167 860 3215 expeditionem
880 3167 1048 3206 fecerunt
1064 3169 1168 3217 Syria
1186 3173 1224 3206 et
1237 3170 1363 3207 Sama-

256 3228 333 3273 ria,
355 3238 515 3274 quarum
539 3233 644 3263 erant
669 3228 852 3274 principes
869 3237 1066 3275 regesque,
1084 3227 1259 3268 Rhaason
1283 3228 1365 3276 qui-

257 3285 343 3323 dem
361 3286 537 3323 Damasci
549 3313 559 3330 ‚
576 3285 764 3322 Samariae
785 3296 869 3323 vero
886 3286 1075 3324 Romeliae
1092 3286 1210 3331 filius,
1229 3287 1364 3335 princi-

256 3355 321 3392 pes
338 3345 563 3392 populorum
583 3344 683 3382 haud
701 3345 829 3392 procul
846 3346 1078 3383 Hierusalem
1097 3346 1339 3384 incolentium
1351 3374 1361 3391 ,

256 3403 323 3441 sed
342 3404 618 3452 propinquitate
634 3415 678 3441 ac
695 3405 872 3442 brevitate
894 3404 1047 3442 ditionis
1071 3404 1181 3442 facile
1199 3411 1363 3443 contem·

258 3463 670 3501 nendi.'Nihilominus
695 3463 858 3501 concidit
883 3463 1018 3501 Achazi
1043 3464 1217 3510 animus,
1244 3475 1362 3512 popu-

257 3522 357 3570 lique
396 3523 477 3560 eius
511 3523 600 3560 item
637 3522 808 3567 animus,
840 3522 1156 3570 quemadmodum
1190 3523 1230 3560 in
1265 3523 1363 3561 saltu

257 3588 538 3620 commoventur
563 3582 736 3629 arbores,
761 3588 805 3620 ut
829 3593 872 3620 ex
901 3582 1125 3630 propheticis
1150 3582 1270 3620 verbis
1294 3593 1362 3620 au-

258 3639 381 3678 distis.
405 3641 590 3680 Adversus
605 3648 730 3680 autem
750 3642 845 3679 bane
862 3642 1014 3687 urbem,
1035 3647 1072 3679 et
1088 3647 1304 3690 regnantem
1323 3642 1363 3679 in

257 3710 299 3736 ea
325 3699 496 3747 religiose
526 3711 611 3738 cum
646 3701 706 3749 pio
737 3702 840 3746 filio,
866 3700 1045 3739 Chaldaei
1076 3706 1188 3748 atque
1219 3702 1363 3749 Assyrii

254 3762 482 3804 (venerunt)
500 3760 563 3808 qui
580 3761 671 3798 olim
690 3761 935 3798 orientalibus
951 3760 1095 3808 populis
1116 3760 1362 3798 dominaban-

256 3824 339 3862 tur,
366 3829 457 3865 gens
481 3819 610 3868 rapida
636 3811 747 3869 atque
774 3821 1000 3865 inhumana,
1027 3826 1063 3857 et
1088 3820 1186 3868 apud
1213 3820 1361 3858 univer-

250 3887 334 3914 sam
360 3877 582 3926 scripturam
611 3880 776 3928 nequitia
803 3885 840 3917 et
860 3879 1082 3918 fortitudine.
1106 3879 1278 3918 celebris.

1432 2194 1514 2242 Περὶ
1542 2195 1601 2228 τῶν
1627 2192 1737 2228 ἀθέων
1762 2191 1912 2240 Ἀβοίρων
1937 2193 1974 2227 τέ
2000 2192 2058 2228 καὶ
2087 2195 2220 2241 Περσῶν
2250 2194 2340 2228 κατὰ
2367 2191 2535 2234 vassen-

1505 2255 1677 2305 φυλοὶκτου
1704 2255 1830 2296 πόλεως
1855 2255 2039 2303 μανιώδους
2065 2256 2240 2299 κινήσεως,
2267 2257 2327 2291 καί
2351 2259 2395 2303 τῇ
2419 2259 2535 2303 φιλαν-

1505 2317 1639 2367 θρωπίᾳ
1671 2305 1732 2353 ‘tob'
1764 2316 1849 2353 θεοῦ
1881 2317 1937 2353 διοὶ
1966 2318 2027 2359 τῆς
2055 2316 2236 2362 θεοτόκου,
2261 2322 2336 2366 μετ’
2362 2316 2533 2365 αἰσχύνης

1505 2379 1761 2429 ἀναχωρήσεως.

1505 2541 1546 2577 α’.
1573 2516 1772 2589 Πόρῥωθεν
1798 2539 1880 2588 ὅρῶν
1904 2541 1950 2588 >τῇ
1974 2541 2168 2588 προφητικῇ
2187 2541 2248 2574 τοῦ
2272 2537 2366 2574 θείου
2391 2540 2537 2587 πνεόμα·

1434 2616 1489 2644 τος
1512 2602 1632 2651 χάριτι
1653 2602 1713 2641 τήν
1735 2601 1885 2637 εὐδοκίαν
1907 2603 1968 2637 τοῦ
1988 2600 2071 2637 θεοῦ
2090 2602 2149 2637 καὶ
2170 2603 2298 2649 πατρὸς
2322 2599 2358 2636 ἐκ
2380 2605 2439 2643 τῆς
2460 2601 2537 2637 θεο-

1433 2663 1534 2698 τόκου
1556 2665 1615 2698 τοῦ
1635 2661 1719 2698 θεοῦ
1739 2662 1848 2710 λόγου
1875 2661 2039 2710 σοι’ρκωσίν
2061 2677 2097 2697 τε
2119 2663 2177 2698 καὶ
2197 2662 2368 2710 γέννησιν,
2385 2662 2535 2705 Ἡσαΐας

1432 2725 1450 2761 ὅ
1477 2723 1510 2760 ἐν
1536 2724 1727 2773 προφήταις
1755 2723 1928 2772 ἐπίσημος
1949 2723 2034 2767 ἐβόα
2058 2725 2116 2759 καὶ
2142 2723 2270 2771 ἔλεγεν·
2296 2725 2313 2741 ⁴‘
2340 2725 2357 2740 ‘⁴
2383 2723 2437 2759 ἐπ’
2457 2723 2534 2772 ὅρος

1432 2815 1452 2830 ,,
1478 2785 1613 2832 ὑψηλόν
1643 2785 1795 2829 οἱνοίβηθι
1825 2786 1843 2822 o‘
1874 2784 2179 2833 εὐαγγελιζόμενος
2211 2785 2302 2821 Σιών·
2329 2784 2464 2831 ι’ίψωσον
2493 2790 2538 2835 τῇ

1433 2877 1452 2892 ,,
1480 2847 1596 2896 ἰσχύει
1623 2848 1682 2887 τήν
1707 2847 1812 2895 φωνήν
1839 2860 1902 2882 σου
1928 2847 1946 2882 ὅ
1971 2845 2276 2894 εὐαγγελιζόμενος
2299 2847 2534 2896 Ἰερουσαλήμ·

1433 2938 1454 2954 ,,
1479 2909 1643 2955 ὖψῶσατε
1669 2910 1718 2956 μή
1745 2907 1930 2957 φοβεῖσθε,
1951 2907 2045 2945 εἶπόν
2064 2911 2142 2950 ταῖς
2161 2908 2299 2944 πόλεσιν
2320 2909 2441 2945 Ἰούδα·
2462 2909 2534 2946 ἷδου“

1434 2999 1455 3015 ,,
1482 2971 1499 3007 ὅ
1526 2970 1606 3013 θεὸς
1626 2971 1733 3019 ἡμῶν,
1756 2970 1829 3006 ι’δου“
1854 2970 1965 3019 κύριος
1990 2970 2081 3017 μετοὶ
2106 2970 2229 3018 ἰσχύος
2254 2970 2412 3018 ἔρχεται,
2433 2972 2491 3007 καὶ
2518 2972 2536 3007 ὅ

1436 3061 1455 3078 „
1482 3032 1631 3082 βραχίων
1656 3032 1762 3068 αὑτοῦ
1786 3032 1877 3080 μετοὶ
1902 3031 2044 3078 κορείας.
2063 3059 2085 3077 ,,
2105 3032 2172 3068 Καὶ
2199 3033 2310 3067 ταῦτα
2332 3033 2395 3080 μὲν
2415 3031 2535 3075 ἐνθέως

1434 3095 1453 3130 ὁ
1478 3094 1654 3143 προφήτης
1678 3093 1887 3141 ἐφθέγξατο·
1915 3094 1965 3130 διό
1993 3094 2101 3129 ποίλαι
2126 3094 2188 3141 μὲν
2214 3094 2304 3129 κατοὶ
2328 3097 2388 3135 τῆς
2412 3095 2535 3142 Ἰερου-

1435 3157 1557 3204 σαλήμ
1583 3155 1834 3204 ἐπεστράτευσε
1861 3154 1967 3203 Συρία
1990 3156 2048 3191 καὶ
2074 3156 2096 3195 ἦ
2121 3155 2318 3204 Σαμάρεια,
2341 3154 2383 3192 ὗν
2407 3154 2532 3205 ἦρχον,

1435 3216 1476 3255 ὦν
1501 3217 1718 3260 ἐβασίλευον,
1742 3218 1893 3254 Ῥαασών
1918 3218 1980 3265 μὲν
2006 3218 2039 3252 ἐν
2065 3219 2257 3265 Δαμασκῷ,
2279 3217 2312 3252 ἐν
2336 3219 2372 3253 δὲ
2397 3221 2440 3268 τῇ
2465 3222 2534 3255 Σα-

1434 3279 1561 3328 μαρείᾳ
1585 3280 1603 3315 o‘
1629 3281 1689 3315 τοῦ
1707 3278 1886 3327 Ῥομελιόυ
1912 3280 2005 3322 υἱός,
2025 3277 2185 3327 ἄρχοντες
2211 3277 2326 3326 ἐθνῶντ
2349 3279 2533 3328 προσοίκων

1434 3343 1496 3391 μὲν
1523 3343 1583 3382 τῆς
1609 3343 1674 3389 γῆς
1699 3343 1760 3375 τοῦ
1779 3340 1907 3384 Ἰούδα,
1929 3343 1973 3388 τῇ
1998 3341 2035 3376 δέ
2058 3340 2241 3389 γειτνιάσει
2263 3342 2321 3376 καὶ
2343 3345 2386 3390 τῇ
2405 3341 2536 3391 βραχύ-

1435 3417 1512 3442 τητι
1539 3405 1598 3444 τῆς
1623 3402 1736 3451 οἷρχιῖς
1762 3402 1896 3444 εἰκότως
1928 3402 2221 3451 εὐκαταφρόνητοι·
2246 3403 2324 3438 ἀλλ’
2350 3402 2438 3452 ὅμως
2463 3403 2535 3448 ἐξέ-

1434 3478 1503 3503 πτη
1529 3464 1551 3504 ἦ
1577 3463 1679 3511 ψυχή
1709 3466 1766 3499 τοῦ
1783 3462 1922 3511 ”Αχαζ,
1940 3463 2005 3519 ’καὶ
2030 3463 2053 3503 ἦ
2079 3463 2180 3513 ψυχή
2207 3465 2267 3499 τοῦ
2290 3467 2379 3500 λαοῦ
2410 3464 2534 3508 αὐτοῦ,

1433 3525 1469 3563 ὃν
1495 3526 1614 3574 τρόπον
1649 3526 1682 3560 ἐν
1708 3527 1820 3575 δρυμῷ
1851 3522 1941 3571 ξύλω
1967 3526 2148 3562 σαλεύεται
2162 3553 2172 3570 ,
2196 3525 2354 3576 καθάπερ
2386 3528 2446 3562 καί
2472 3529 2534 3562 τῶν

1434 3590 1643 3637 προφητικῶν
1667 3587 1824 3637 ῥημάτων
1845 3587 2028 3629 ἠκούσατε.
2052 3589 2153 3625 Kana
2176 3588 2305 3631 ταύτης
2326 3590 2361 3624 δὲ
2388 3592 2448 3631 τῆς
2472 3589 2535 3625 πό-

1433 3653 1534 3693 λεως,
1559 3650 1617 3685 καὶ
1649 3654 1710 3684 τοῦ
1733 3648 1766 3685 ἐν
1792 3649 1882 3697 αὐτῇ
1909 3648 2074 3697 θεοφιλῶς
2103 3651 2165 3687 σύν
2192 3649 2330 3694 εόσεβεῖ
2354 3653 2448 3698 γονεῖ
2472 3650 2536 3694 βα-

1435 3710 1644 3755 σιλεύοντος,
1669 3711 1841 3747 Χαλδαῖοί
1870 3726 1906 3747 τε
1939 3712 1998 3748 καὶ
2029 3711 2222 3761 ’Δσσύριοι,
2249 3712 2284 3747 οἱ
2316 3711 2441 3747 ἄνωθεν
2474 3714 2534 3746 τῶν

1434 3774 1524 3810 κατοὶ
1549 3773 1716 3812 ἀνατολήν
1742 3771 1842 3809 ἐθνῶν
1865 3772 2124 3818 βασιλεύοντες,
2144 3775 2184 3810 το“
2208 3773 2305 3815 ἔθνος
2333 3775 2370 3809 τό
2397 3773 2533 3821 ταχινόν

1433 3836 1491 3872 καί
1511 3834 1735 3883 ἀπάνθρωπον
1755 3837 1812 3872 καὶ
1834 3837 1929 3885 παραὶ
1947 3835 2044 3886 παίσῃ
2067 3838 2110 3884 τῇ
2129 3841 2247 3885 γραφῇ
2272 3836 2329 3872 ἐπιΙ
2352 3835 2456 3880 κακία
2471 3836 2533 3871 καὶ

1434 3897 1550 3947 ι’σχόει
1578 3897 1754 3947 βοώμενον.
1795 3933 1798 3936 .

2570 2201 2647 2232 Cod.
2668 2202 2722 2230 vat
2753 2205 2831 2235 1572.

2572 2239 2594 2268 f.
2613 2241 2661 2267 42.
2679 2245 2708 2267 a.

2568 2732 2585 2749 ¹⁸
2604 2733 2644 2761 Is.
2663 2731 2725 2761 XL.
2746 2736 2773 2760 9.

2570 3285 2593 3315 f.
2613 3289 2648 3314 42
2678 3284 2710 3314 b.
