<?xml version="1.0" encoding="UTF-8"?>
<!DOCTYPE html PUBLIC "-//W3C//DTD XHTML 1.0 Transitional//EN"
    "http://www.w3.org/TR/xhtml1/DTD/xhtml1-transitional.dtd">
<html xmlns="http://www.w3.org/1999/xhtml" xml:lang="en" lang="en">
 <head>
  <title>
</title>
<meta http-equiv="Content-Type" content="text/html;charset=utf-8" />
  <meta name='ocr-system' content='tesseract 3.04.00' />
  <meta name='ocr-capabilities' content='ocr_page ocr_carea ocr_par ocr_line ocrx_word'/>
</head>
<body>
  <div class='ocr_page' id='page_1' title='image "./novaepatrumbibli06maiauoft/novaepatrumbibli06maiauoft_0349.png"; bbox 0 0 2970 4420; ppageno 0'>
   <div class='ocr_carea' id='block_1_1' title="bbox 1195 275 2507 342">
    <p class='ocr_par' dir='ltr' id='par_1_1' title="bbox 1195 275 2507 342">
     <span class='ocr_line' id='line_1_1' title="bbox 1195 275 2507 342; baseline -0.001 -21"><span class='ocrx_word' id='word_1_1' title='bbox 1195 284 1268 342; x_wconf 73' lang='lat' dir='ltr'>pir</span> <span class='ocrx_word' id='word_1_2' title='bbox 1286 288 1555 321; x_wconf 71' lang='lat' dir='ltr'>rnmnoms-</span> <span class='ocrx_word' id='word_1_3' title='bbox 2425 275 2474 319; x_wconf 86' lang='lat'>11</span> <span class='ocrx_word' id='word_1_4' title='bbox 2493 276 2507 320; x_wconf 84' lang='lat'>1</span> 
     </span>
    </p>
   </div>
   <div class='ocr_carea' id='block_1_2' title="bbox 191 370 2541 3674">
    <p class='ocr_par' dir='ltr' id='par_1_2' title="bbox 191 370 2521 1131">
     <span class='ocr_line' id='line_1_2' title="bbox 191 370 2521 461; baseline -0.002 -36"><span class='ocrx_word' id='word_1_5' title='bbox 191 404 194 406; x_wconf 88' lang='lat'><em>-</em></span> <span class='ocrx_word' id='word_1_6' title='bbox 247 379 337 425; x_wconf 73' lang='lat' dir='ltr'>tim</span> <span class='ocrx_word' id='word_1_7' title='bbox 371 381 478 425; x_wconf 74' lang='lat' dir='ltr'>&#39;vero</span> <span class='ocrx_word' id='word_1_8' title='bbox 495 375 770 461; x_wconf 75' lang='lat' dir='ltr'>Gregoraeus</span> <span class='ocrx_word' id='word_1_9' title='bbox 793 374 1062 439; x_wconf 74' lang='lat' dir='ltr'>theologus,</span> <span class='ocrx_word' id='word_1_10' title='bbox 1094 375 1175 422; x_wconf 70' lang='lat' dir='ltr'>alle</span> <span class='ocrx_word' id='word_1_11' title='bbox 1208 375 1400 438; x_wconf 69' lang='lat' dir='ltr'>quidem</span> <span class='ocrx_word' id='word_1_12' title='bbox 1434 391 1484 420; x_wconf 85' lang='grc' dir='ltr'>ιη</span> <span class='ocrx_word' id='word_1_13' title='bbox 1509 372 1747 423; x_wconf 78' lang='grc' dir='ltr'>οναιι’,οηε</span> <span class='ocrx_word' id='word_1_14' title='bbox 1777 371 1912 417; x_wconf 79' lang='lat' dir='ltr'>cuius</span> <span class='ocrx_word' id='word_1_15' title='bbox 1947 370 2164 422; x_wconf 81' lang='lat' dir='ltr'>i&#39;&#39;,n1t1um</span> <span class='ocrx_word' id='word_1_16' title='bbox 2197 372 2521 420; x_wconf 43' lang='lat' dir='ltr'>zmnzmzezsszmi</span> 
     </span>
     <span class='ocr_line' id='line_1_3' title="bbox 247 449 2513 537; baseline -0.001 -37"><span class='ocrx_word' id='word_1_17' title='bbox 247 467 393 521; x_wconf 82' lang='lat' dir='ltr'>atque</span> <span class='ocrx_word' id='word_1_18' title='bbox 427 453 599 503; x_wconf 64' lang='lat' dir='ltr'>aheni,</span> <span class='ocrx_word' id='word_1_19' title='bbox 631 468 848 516; x_wconf 79' lang='lat' dir='ltr'>mquzens</span> <span class='ocrx_word' id='word_1_20' title='bbox 873 460 963 498; x_wconf 88' lang='lat' dir='ltr'>ete.</span> <span class='ocrx_word' id='word_1_21' title='bbox 1001 453 1103 499; x_wconf 89' lang='lat' dir='ltr'>Vin’</span> <span class='ocrx_word' id='word_1_22' title='bbox 1117 451 1329 537; x_wconf 79' lang='lat' dir='ltr'>plures?</span> <span class='ocrx_word' id='word_1_23' title='bbox 1364 452 1590 514; x_wconf 85' lang='lat' dir='ltr'>Iosephus</span> <span class='ocrx_word' id='word_1_24' title='bbox 1621 449 1879 512; x_wconf 86' lang='lat' dir='ltr'>Bryennius</span> <span class='ocrx_word' id='word_1_25' title='bbox 1912 456 2032 495; x_wconf 90' lang='lat' dir='ltr'>orat.</span> <span class='ocrx_word' id='word_1_26' title='bbox 2060 449 2158 494; x_wconf 86' lang='lat' dir='ltr'>XV.</span> <span class='ocrx_word' id='word_1_27' title='bbox 2188 449 2246 495; x_wconf 90' lang='lat' dir='ltr'>de</span> <span class='ocrx_word' id='word_1_28' title='bbox 2280 450 2513 497; x_wconf 84' lang='lat' dir='ltr'>Trinitate.</span> 
     </span>
     <span class='ocr_line' id='line_1_4' title="bbox 248 514 2506 608; baseline -0.003 -33"><span class='ocrx_word' id='word_1_29' title='bbox 248 521 386 576; x_wconf 74' lang='grc' dir='ltr'>Αὐτὸ</span> <span class='ocrx_word' id='word_1_30' title='bbox 418 543 571 575; x_wconf 73' lang='grc' dir='ltr'><strong><em>τουτο</em></strong></span> <span class='ocrx_word' id='word_1_31' title='bbox 603 519 856 587; x_wconf 75' lang='grc' dir='ltr'>βούλεται</span> <span class='ocrx_word' id='word_1_32' title='bbox 892 519 1023 573; x_wconf 72' lang='grc' dir='ltr'><strong><em>κατὰ</em></strong></span> <span class='ocrx_word' id='word_1_33' title='bbox 1058 518 1247 583; x_wconf 55' lang='lat' dir='ltr'>nativa,</span> <span class='ocrx_word' id='word_1_34' title='bbox 1281 541 1364 573; x_wconf 83' lang='grc' dir='ltr'>και</span> <span class='ocrx_word' id='word_1_35' title='bbox 1403 519 1459 572; x_wconf 78' lang='grc' dir='ltr'>τὸ</span> <span class='ocrx_word' id='word_1_36' title='bbox 1496 541 1586 572; x_wconf 75' lang='grc' dir='ltr'>του</span> <span class='ocrx_word' id='word_1_37' title='bbox 1625 514 2040 589; x_wconf 66' lang='grc' dir='ltr'><em>θαυματουργου</em></span> <span class='ocrx_word' id='word_1_38' title='bbox 2070 519 2390 608; x_wconf 68' lang='grc' dir='ltr'>Γρηγορίου,</span> <span class='ocrx_word' id='word_1_39' title='bbox 2424 539 2506 569; x_wconf 80' lang='grc' dir='ltr'>και</span> 
     </span>
     <span class='ocr_line' id='line_1_5' title="bbox 249 591 2516 669; baseline -0.003 -18"><span class='ocrx_word' id='word_1_40' title='bbox 249 598 322 651; x_wconf 77' lang='grc' dir='ltr'>τὸ</span> <span class='ocrx_word' id='word_1_41' title='bbox 339 621 430 652; x_wconf 75' lang='grc' dir='ltr'>του</span> <span class='ocrx_word' id='word_1_42' title='bbox 464 593 703 660; x_wconf 73' lang='grc' dir='ltr'>Νύσσης,</span> <span class='ocrx_word' id='word_1_43' title='bbox 735 595 820 650; x_wconf 71' lang='lat' dir='ltr'>nai</span> <span class='ocrx_word' id='word_1_44' title='bbox 855 595 913 649; x_wconf 74' lang='grc' dir='ltr'>τὸ</span> <span class='ocrx_word' id='word_1_45' title='bbox 948 619 1037 650; x_wconf 80' lang='grc' dir='ltr'>του</span> <span class='ocrx_word' id='word_1_46' title='bbox 1073 594 1459 669; x_wconf 72' lang='grc' dir='ltr'>ΧρισοσἺόμσυ,</span> <span class='ocrx_word' id='word_1_47' title='bbox 1490 595 1586 649; x_wconf 74' lang='grc' dir='ltr'>τοῦ</span> <span class='ocrx_word' id='word_1_48' title='bbox 1615 592 1707 666; x_wconf 67' lang='grc' dir='ltr'>μὲν</span> <span class='ocrx_word' id='word_1_49' title='bbox 1743 591 1994 653; x_wconf 77' lang='grc' dir='ltr'>λέΓοντος·</span> <span class='ocrx_word' id='word_1_50' title='bbox 2026 591 2288 648; x_wconf 75' lang='grc' dir='ltr'><strong>οἷΓεννητου</strong></span> <span class='ocrx_word' id='word_1_51' title='bbox 2320 614 2412 662; x_wconf 77' lang='grc' dir='ltr'>μεν</span> <span class='ocrx_word' id='word_1_52' title='bbox 2443 591 2516 646; x_wconf 81' lang='grc' dir='ltr'>ὂν-</span> 
     </span>
     <span class='ocr_line' id='line_1_6' title="bbox 251 669 2520 748; baseline -0.001 -22"><span class='ocrx_word' id='word_1_53' title='bbox 251 698 337 735; x_wconf 75' lang='grc' dir='ltr'>τος</span> <span class='ocrx_word' id='word_1_54' title='bbox 371 675 466 728; x_wconf 70' lang='grc' dir='ltr'>τοῦ</span> <span class='ocrx_word' id='word_1_55' title='bbox 496 673 715 748; x_wconf 75' lang='grc' dir='ltr'>πατρὸς,</span> <span class='ocrx_word' id='word_1_56' title='bbox 744 671 1079 747; x_wconf 61' lang='grc' dir='ltr'>γεννηθέντος</span> <span class='ocrx_word' id='word_1_57' title='bbox 1117 670 1170 726; x_wconf 74' lang='grc' dir='ltr'>δὲ</span> <span class='ocrx_word' id='word_1_58' title='bbox 1200 672 1297 726; x_wconf 65' lang='grc' dir='ltr'>«τοῦ</span> <span class='ocrx_word' id='word_1_59' title='bbox 1325 669 1458 725; x_wconf 65' lang='grc' dir='ltr'><em>υἱοῦ·</em></span> <span class='ocrx_word' id='word_1_60' title='bbox 1489 671 1571 725; x_wconf 80' lang='grc' dir='ltr'>καὶ</span> <span class='ocrx_word' id='word_1_61' title='bbox 1607 671 1674 726; x_wconf 76' lang='grc' dir='ltr'>τοὶ</span> <span class='ocrx_word' id='word_1_62' title='bbox 1710 670 1846 743; x_wconf 58' lang='grc' dir='ltr'>ἑξῆς.</span> <span class='ocrx_word' id='word_1_63' title='bbox 1883 680 1986 724; x_wconf 84' lang='lat' dir='ltr'>IIoc</span> <span class='ocrx_word' id='word_1_64' title='bbox 2021 677 2147 723; x_wconf 83' lang='lat' dir='ltr'>idem</span> <span class='ocrx_word' id='word_1_65' title='bbox 2180 678 2275 724; x_wconf 78' lang='lat' dir='ltr'>sibi</span> <span class='ocrx_word' id='word_1_66' title='bbox 2307 680 2403 724; x_wconf 73' lang='lat' dir='ltr'>vult</span> <span class='ocrx_word' id='word_1_67' title='bbox 2433 696 2520 741; x_wconf 80' lang='lat' dir='ltr'>per</span> 
     </span>
     <span class='ocr_line' id='line_1_7' title="bbox 247 753 2516 825; baseline -0.003 -17"><span class='ocrx_word' id='word_1_68' title='bbox 247 777 412 808; x_wconf 82' lang='lat' dir='ltr'>omma</span> <span class='ocrx_word' id='word_1_69' title='bbox 437 773 538 807; x_wconf 87' lang='lat' dir='ltr'>tum</span> <span class='ocrx_word' id='word_1_70' title='bbox 564 759 905 824; x_wconf 63' lang='lat' dir='ltr'>thaumaturgi</span> <span class='ocrx_word' id='word_1_71' title='bbox 929 760 1171 825; x_wconf 79' lang='lat' dir='ltr'><strong><em>Gregorii,</em></strong></span> <span class='ocrx_word' id='word_1_72' title='bbox 1200 772 1303 806; x_wconf 84' lang='lat' dir='ltr'>tum</span> <span class='ocrx_word' id='word_1_73' title='bbox 1328 759 1555 823; x_wconf 78' lang='lat' dir='ltr'>Nysseni,</span> <span class='ocrx_word' id='word_1_74' title='bbox 1586 772 1688 805; x_wconf 82' lang='lat' dir='ltr'>tum</span> <span class='ocrx_word' id='word_1_75' title='bbox 1712 756 1945 822; x_wconf 79' lang='lat' dir='ltr'>sapi‘entzs</span> <span class='ocrx_word' id='word_1_76' title='bbox 1971 753 2294 820; x_wconf 73' lang='lat' dir='ltr'>Chrysostomz</span> <span class='ocrx_word' id='word_1_77' title='bbox 2315 756 2516 802; x_wconf 74' lang='lat' dir='ltr'>cltelum.</span> 
     </span>
     <span class='ocr_line' id='line_1_8' title="bbox 224 832 2520 901; baseline -0.003 -17"><span class='ocrx_word' id='word_1_78' title='bbox 224 837 412 901; x_wconf 1' lang='lat' dir='ltr'>,Pramo</span> <span class='ocrx_word' id='word_1_79' title='bbox 445 837 639 900; x_wconf 70' lang='lat' dir='ltr'>quidem</span> <span class='ocrx_word' id='word_1_80' title='bbox 672 837 880 887; x_wconf 75' lang='lat' dir='ltr'>dccente,</span> <span class='ocrx_word' id='word_1_81' title='bbox 920 854 1000 901; x_wconf 59' lang='lat' dir='ltr'>mg</span> <span class='ocrx_word' id='word_1_82' title='bbox 979 849 1162 884; x_wconf 75' lang='grc' dir='ltr'><strong><em>σεηιιιιε</em></strong></span> <span class='ocrx_word' id='word_1_83' title='bbox 1196 853 1304 882; x_wconf 83' lang='lat' dir='ltr'>cum</span> <span class='ocrx_word' id='word_1_84' title='bbox 1337 837 1400 883; x_wconf 80' lang='lat' dir='ltr'>sic</span> <span class='ocrx_word' id='word_1_85' title='bbox 1434 839 1605 887; x_wconf 75' lang='lat' dir='ltr'>Pater,</span> <span class='ocrx_word' id='word_1_86' title='bbox 1635 847 1827 899; x_wconf 76' lang='lat' dir='ltr'>gemtus</span> <span class='ocrx_word' id='word_1_87' title='bbox 1860 846 2023 880; x_wconf 80' lang='lat' dir='ltr'>autem</span> <span class='ocrx_word' id='word_1_88' title='bbox 2057 832 2211 880; x_wconf 76' lang='lat' dir='ltr'>Fi&#39;llus</span> <span class='ocrx_word' id='word_1_89' title='bbox 2247 842 2334 879; x_wconf 85' lang='lat' dir='ltr'>etc.</span> <span class='ocrx_word' id='word_1_90' title='bbox 2372 835 2427 878; x_wconf 89' lang='lat' dir='ltr'>Et</span> <span class='ocrx_word' id='word_1_91' title='bbox 2464 849 2520 878; x_wconf 86' lang='lat' dir='ltr'>ne</span> 
     </span>
     <span class='ocr_line' id='line_1_9' title="bbox 251 911 2521 976; baseline -0.003 -14"><span class='ocrx_word' id='word_1_92' title='bbox 251 914 575 976; x_wconf 86' lang='lat' dir='ltr'>antiquoribus</span> <span class='ocrx_word' id='word_1_93' title='bbox 611 915 798 962; x_wconf 82' lang='lat' dir='ltr'>destitui</span> <span class='ocrx_word' id='word_1_94' title='bbox 834 916 1104 968; x_wconf 88' lang='lat' dir='ltr'>videamur,</span> <span class='ocrx_word' id='word_1_95' title='bbox 1135 914 1441 961; x_wconf 85' lang='lat' dir='ltr'>accersendus</span> <span class='ocrx_word' id='word_1_96' title='bbox 1471 922 1539 960; x_wconf 85' lang='lat' dir='ltr'>est</span> <span class='ocrx_word' id='word_1_97' title='bbox 1574 915 1842 974; x_wconf 80' lang='lat' dir='ltr'>Anastasius</span> <span class='ocrx_word' id='word_1_98' title='bbox 1875 913 2060 965; x_wconf 89' lang='lat' dir='ltr'>sinaita,</span> <span class='ocrx_word' id='word_1_99' title='bbox 2088 912 2168 973; x_wconf 92' lang='lat' dir='ltr'>qui</span> <span class='ocrx_word' id='word_1_100' title='bbox 2199 927 2255 957; x_wconf 85' lang='lat' dir='ltr'>ex</span> <span class='ocrx_word' id='word_1_101' title='bbox 2288 911 2374 956; x_wconf 88' lang='lat' dir='ltr'>hac</span> <span class='ocrx_word' id='word_1_102' title='bbox 2409 911 2521 956; x_wconf 86' lang='lat' dir='ltr'>Gre-</span> 
     </span>
     <span class='ocr_line' id='line_1_10' title="bbox 247 987 2521 1055; baseline -0.002 -18"><span class='ocrx_word' id='word_1_103' title='bbox 247 992 369 1053; x_wconf 89' lang='lat' dir='ltr'>gorii</span> <span class='ocrx_word' id='word_1_104' title='bbox 396 990 521 1038; x_wconf 88' lang='lat' dir='ltr'>fidei</span> <span class='ocrx_word' id='word_1_105' title='bbox 532 993 844 1054; x_wconf 81' lang='lat' dir='ltr'>expositione,</span> <span class='ocrx_word' id='word_1_106' title='bbox 873 1001 1109 1055; x_wconf 85' lang='lat' dir='ltr'><strong>tamquam</strong></span> <span class='ocrx_word' id='word_1_107' title='bbox 1133 992 1461 1053; x_wconf 88' lang='lat' dir='ltr'>Thaumaturgi</span> <span class='ocrx_word' id='word_1_108' title='bbox 1487 993 1708 1052; x_wconf 88' lang='lat' dir='ltr'>genuina,</span> <span class='ocrx_word' id='word_1_109' title='bbox 1736 990 1914 1036; x_wconf 86' lang='lat' dir='ltr'>dictum</span> <span class='ocrx_word' id='word_1_110' title='bbox 1943 988 2131 1042; x_wconf 89' lang='lat' dir='ltr'>laudat,</span> <span class='ocrx_word' id='word_1_111' title='bbox 2158 996 2203 1034; x_wconf 86' lang='lat' dir='ltr'>et</span> <span class='ocrx_word' id='word_1_112' title='bbox 2228 987 2377 1034; x_wconf 83' lang='lat' dir='ltr'>affert.</span> <span class='ocrx_word' id='word_1_113' title='bbox 2404 987 2521 1034; x_wconf 83' lang='lat' dir='ltr'>Vide</span> 
     </span>
     <span class='ocr_line' id='line_1_11' title="bbox 245 1065 2105 1138; baseline -0.002 -24"><span class='ocrx_word' id='word_1_114' title='bbox 245 1067 484 1130; x_wconf 87' lang='lat' dir='ltr'>Euthymii</span> <span class='ocrx_word' id='word_1_115' title='bbox 515 1068 750 1131; x_wconf 86' lang='lat' dir='ltr'>Zygabeni</span> <span class='ocrx_word' id='word_1_116' title='bbox 787 1070 1097 1138; x_wconf 72' lang='lat' dir='ltr'>dogmaticam</span> <span class='ocrx_word' id='word_1_117' title='bbox 1131 1068 1400 1131; x_wconf 89' lang='lat' dir='ltr'>panopliam</span> <span class='ocrx_word' id='word_1_118' title='bbox 1433 1068 1571 1115; x_wconf 88' lang='lat' dir='ltr'>titulo</span> <span class='ocrx_word' id='word_1_119' title='bbox 1607 1067 1788 1114; x_wconf 89' lang='lat' dir='ltr'>decimo</span> <span class='ocrx_word' id='word_1_120' title='bbox 1821 1067 1987 1128; x_wconf 88' lang='lat' dir='ltr'>quinto</span> <span class='ocrx_word' id='word_1_121' title='bbox 2023 1065 2105 1128; x_wconf 88' lang='lat'>(1).</span> 
     </span>
    </p>

    <p class='ocr_par' dir='ltr' id='par_1_3' title="bbox 216 1141 2541 3522">
     <span class='ocr_line' id='line_1_12' title="bbox 380 1141 2541 1193; baseline -0.003 -3"><span class='ocrx_word' id='word_1_122' title='bbox 380 1146 571 1191; x_wconf 83' lang='lat' dir='ltr'>{nterim</span> <span class='ocrx_word' id='word_1_123' title='bbox 599 1146 935 1192; x_wconf 90' lang='lat' dir='ltr'>consideranda</span> <span class='ocrx_word' id='word_1_124' title='bbox 963 1154 1071 1191; x_wconf 91' lang='lat' dir='ltr'>sunt</span> <span class='ocrx_word' id='word_1_125' title='bbox 1095 1145 1216 1191; x_wconf 85' lang='lat' dir='ltr'>dicta</span> <span class='ocrx_word' id='word_1_126' title='bbox 1243 1145 1428 1190; x_wconf 87' lang='lat' dir='ltr'>Baronii</span> <span class='ocrx_word' id='word_1_127' title='bbox 1456 1145 1516 1190; x_wconf 87' lang='lat' dir='ltr'>ad</span> <span class='ocrx_word' id='word_1_128' title='bbox 1549 1161 1722 1193; x_wconf 88' lang='lat' dir='ltr'>annum</span> <span class='ocrx_word' id='word_1_129' title='bbox 1747 1145 1914 1190; x_wconf 84' lang='lat' dir='ltr'><strong>Christi</strong></span> <span class='ocrx_word' id='word_1_130' title='bbox 1949 1143 2063 1190; x_wconf 81' lang='lat'>233.</span> <span class='ocrx_word' id='word_1_131' title='bbox 2092 1157 2140 1187; x_wconf 89' lang='lat' dir='ltr'>n.</span> <span class='ocrx_word' id='word_1_132' title='bbox 2175 1142 2250 1187; x_wconf 88' lang='lat'>19.</span> <span class='ocrx_word' id='word_1_133' title='bbox 2285 1159 2306 1184; x_wconf 93' lang='lat'>«</span> <span class='ocrx_word' id='word_1_134' title='bbox 2335 1141 2541 1186; x_wconf 79' lang='lat' dir='ltr'>Constat</span> 
     </span>
     <span class='ocr_line' id='line_1_13' title="bbox 253 1218 2520 1299; baseline -0.003 -31"><span class='ocrx_word' id='word_1_135' title='bbox 253 1240 275 1266; x_wconf 92' lang='lat'>»</span> <span class='ocrx_word' id='word_1_136' title='bbox 306 1221 448 1269; x_wconf 83' lang='lat' dir='ltr'>fldem</span> <span class='ocrx_word' id='word_1_137' title='bbox 483 1232 743 1285; x_wconf 77' lang='lat' dir='ltr'>susceptam</span> <span class='ocrx_word' id='word_1_138' title='bbox 778 1239 804 1270; x_wconf 88' lang='lat' dir='ltr'>a</span> <span class='ocrx_word' id='word_1_139' title='bbox 839 1223 972 1270; x_wconf 90' lang='lat' dir='ltr'>beata</span> <span class='ocrx_word' id='word_1_140' title='bbox 1005 1224 1193 1285; x_wconf 86' lang='lat' dir='ltr'>Virgine</span> <span class='ocrx_word' id='word_1_141' title='bbox 1226 1237 1333 1268; x_wconf 90' lang='lat' dir='ltr'>cum</span> <span class='ocrx_word' id='word_1_142' title='bbox 1368 1221 1577 1268; x_wconf 84' lang='lat' dir='ltr'>Iohanne</span> <span class='ocrx_word' id='word_1_143' title='bbox 1610 1222 1919 1299; x_wconf 86' lang='lat' dir='ltr'>evangelista,</span> <span class='ocrx_word' id='word_1_144' title='bbox 1951 1220 2091 1266; x_wconf 89' lang='lat' dir='ltr'>fuisse</span> <span class='ocrx_word' id='word_1_145' title='bbox 2125 1218 2184 1264; x_wconf 88' lang='lat' dir='ltr'>ab</span> <span class='ocrx_word' id='word_1_146' title='bbox 2218 1218 2384 1265; x_wconf 89' lang='lat' dir='ltr'>eodem</span> <span class='ocrx_word' id='word_1_147' title='bbox 2418 1218 2520 1279; x_wconf 90' lang='lat' dir='ltr'>ipso</span> 
     </span>
     <span class='ocr_line' id='line_1_14' title="bbox 234 1292 2521 1362; baseline -0.002 -20"><span class='ocrx_word' id='word_1_148' title='bbox 234 1292 276 1342; x_wconf 50' lang='lat'>¹»</span> <span class='ocrx_word' id='word_1_149' title='bbox 305 1301 530 1362; x_wconf 84' lang='lat' dir='ltr'>Gregorio</span> <span class='ocrx_word' id='word_1_150' title='bbox 559 1301 899 1347; x_wconf 72' lang='lat' dir='ltr'>accuratissime</span> <span class='ocrx_word' id='word_1_151' title='bbox 930 1299 1229 1362; x_wconf 81' lang='lat' dir='ltr'>explicatam,</span> <span class='ocrx_word' id='word_1_152' title='bbox 1258 1300 1474 1360; x_wconf 88' lang='lat' dir='ltr'>apposito</span> <span class='ocrx_word' id='word_1_153' title='bbox 1509 1299 1868 1351; x_wconf 87' lang='lat' dir='ltr'>commentario,</span> <span class='ocrx_word' id='word_1_154' title='bbox 1898 1297 1957 1344; x_wconf 88' lang='lat' dir='ltr'>de</span> <span class='ocrx_word' id='word_1_155' title='bbox 1988 1297 2275 1358; x_wconf 78' lang='lat' dir='ltr'>expositione</span> <span class='ocrx_word' id='word_1_156' title='bbox 2304 1294 2415 1340; x_wconf 89' lang='lat' dir='ltr'>fidei</span> <span class='ocrx_word' id='word_1_157' title='bbox 2449 1295 2521 1338; x_wconf 87' lang='lat' dir='ltr'>in-</span> 
     </span>
     <span class='ocr_line' id='line_1_15' title="bbox 252 1372 2516 1439; baseline -0.004 -16"><span class='ocrx_word' id='word_1_158' title='bbox 252 1395 275 1419; x_wconf 89' lang='lat'>»</span> <span class='ocrx_word' id='word_1_159' title='bbox 305 1378 506 1439; x_wconf 88' lang='lat' dir='ltr'>scripto,</span> <span class='ocrx_word' id='word_1_160' title='bbox 534 1379 616 1439; x_wconf 91' lang='lat' dir='ltr'>qui</span> <span class='ocrx_word' id='word_1_161' title='bbox 640 1379 804 1424; x_wconf 86' lang='lat' dir='ltr'>citatus</span> <span class='ocrx_word' id='word_1_162' title='bbox 829 1378 1062 1439; x_wconf 89' lang='lat' dir='ltr'>reperitur.</span> <span class='ocrx_word' id='word_1_163' title='bbox 1092 1378 1212 1422; x_wconf 90' lang='lat' dir='ltr'>inter</span> <span class='ocrx_word' id='word_1_164' title='bbox 1240 1376 1354 1422; x_wconf 90' lang='lat' dir='ltr'>alios</span> <span class='ocrx_word' id='word_1_165' title='bbox 1379 1392 1405 1422; x_wconf 89' lang='lat' dir='ltr'>a</span> <span class='ocrx_word' id='word_1_166' title='bbox 1426 1376 1596 1422; x_wconf 90' lang='lat' dir='ltr'>Basilio</span> <span class='ocrx_word' id='word_1_167' title='bbox 1622 1391 1793 1437; x_wconf 86' lang='lat' dir='ltr'>magno</span> <span class='ocrx_word' id='word_1_168' title='bbox 1825 1375 1885 1421; x_wconf 92' lang='lat' dir='ltr'>de</span> <span class='ocrx_word' id='word_1_169' title='bbox 1917 1376 2091 1437; x_wconf 86' lang='lat' dir='ltr'>Spiritu</span> <span class='ocrx_word' id='word_1_170' title='bbox 2106 1381 2279 1432; x_wconf 74' lang='lat' dir='ltr'>‚sancto</span> <span class='ocrx_word' id='word_1_171' title='bbox 2299 1387 2406 1434; x_wconf 86' lang='lat' dir='ltr'>cap.</span> <span class='ocrx_word' id='word_1_172' title='bbox 2437 1372 2516 1416; x_wconf 74' lang='lat'>29.</span> 
     </span>
     <span class='ocr_line' id='line_1_16' title="bbox 252 1446 2520 1516; baseline -0.003 -19"><span class='ocrx_word' id='word_1_173' title='bbox 252 1471 275 1496; x_wconf 89' lang='lat'>»</span> <span class='ocrx_word' id='word_1_174' title='bbox 306 1453 385 1516; x_wconf 92' lang='lat' dir='ltr'>(n.</span> <span class='ocrx_word' id='word_1_175' title='bbox 415 1454 495 1499; x_wconf 68' lang='lat'>74.</span> <span class='ocrx_word' id='word_1_176' title='bbox 518 1454 532 1516; x_wconf 92' lang='lat'>)</span> <span class='ocrx_word' id='word_1_177' title='bbox 558 1463 614 1500; x_wconf 89' lang='lat' dir='ltr'>et</span> <span class='ocrx_word' id='word_1_178' title='bbox 649 1454 846 1516; x_wconf 87' lang='lat' dir='ltr'>epistola</span> <span class='ocrx_word' id='word_1_179' title='bbox 881 1453 1078 1516; x_wconf 89' lang='lat' dir='ltr'>(CCX.)</span> <span class='ocrx_word' id='word_1_180' title='bbox 1116 1453 1175 1499; x_wconf 91' lang='lat' dir='ltr'>ad</span> <span class='ocrx_word' id='word_1_181' title='bbox 1211 1455 1644 1506; x_wconf 82' lang='lat' dir='ltr'>NeocaesarienseS,</span> <span class='ocrx_word' id='word_1_182' title='bbox 1677 1461 1721 1499; x_wconf 89' lang='lat' dir='ltr'>et</span> <span class='ocrx_word' id='word_1_183' title='bbox 1757 1468 1782 1499; x_wconf 91' lang='lat' dir='ltr'>a</span> <span class='ocrx_word' id='word_1_184' title='bbox 1815 1452 2008 1498; x_wconf 89' lang='lat' dir='ltr'>Leontio</span> <span class='ocrx_word' id='word_1_185' title='bbox 2043 1450 2395 1511; x_wconf 67' lang='lat' dir='ltr'>scholastico.»</span> <span class='ocrx_word' id='word_1_186' title='bbox 2430 1446 2520 1492; x_wconf 90' lang='lat' dir='ltr'>Sed</span> 
     </span>
     <span class='ocr_line' id='line_1_17' title="bbox 246 1523 2518 1595; baseline -0.003 -20"><span class='ocrx_word' id='word_1_187' title='bbox 246 1531 420 1576; x_wconf 91' lang='lat' dir='ltr'>erroris</span> <span class='ocrx_word' id='word_1_188' title='bbox 451 1532 537 1576; x_wconf 85' lang='lat' dir='ltr'>iste</span> <span class='ocrx_word' id='word_1_189' title='bbox 572 1533 784 1592; x_wconf 80' lang='lat' dir='ltr'>arguitur</span> <span class='ocrx_word' id='word_1_190' title='bbox 817 1530 930 1576; x_wconf 91' lang='lat' dir='ltr'>dum</span> <span class='ocrx_word' id='word_1_191' title='bbox 966 1531 1029 1576; x_wconf 91' lang='lat' dir='ltr'>ait</span> <span class='ocrx_word' id='word_1_192' title='bbox 1055 1530 1320 1595; x_wconf 80' lang='lat' dir='ltr'>dubitatum</span> <span class='ocrx_word' id='word_1_193' title='bbox 1352 1546 1376 1576; x_wconf 91' lang='lat' dir='ltr'>a</span> <span class='ocrx_word' id='word_1_194' title='bbox 1403 1529 1637 1592; x_wconf 84' lang='lat' dir='ltr'>patribus,</span> <span class='ocrx_word' id='word_1_195' title='bbox 1666 1545 1726 1575; x_wconf 91' lang='lat' dir='ltr'>an</span> <span class='ocrx_word' id='word_1_196' title='bbox 1755 1530 1984 1591; x_wconf 83' lang='lat' dir='ltr'>expositio</span> <span class='ocrx_word' id='word_1_197' title='bbox 2017 1527 2126 1573; x_wconf 86' lang='lat' dir='ltr'>fidei</span> <span class='ocrx_word' id='word_1_198' title='bbox 2151 1526 2291 1572; x_wconf 88' lang='lat' dir='ltr'>fuerit</span> <span class='ocrx_word' id='word_1_199' title='bbox 2325 1523 2383 1570; x_wconf 89' lang='lat' dir='ltr'>ab</span> <span class='ocrx_word' id='word_1_200' title='bbox 2415 1525 2518 1585; x_wconf 89' lang='lat' dir='ltr'>ipso</span> 
     </span>
     <span class='ocr_line' id='line_1_18' title="bbox 245 1601 2519 1671; baseline -0.003 -20"><span class='ocrx_word' id='word_1_201' title='bbox 245 1607 472 1671; x_wconf 85' lang='lat' dir='ltr'>Gregorio</span> <span class='ocrx_word' id='word_1_202' title='bbox 501 1608 690 1669; x_wconf 74' lang='lat' dir='ltr'>scripta.</span> <span class='ocrx_word' id='word_1_203' title='bbox 718 1609 836 1654; x_wconf 91' lang='lat' dir='ltr'>Nam</span> <span class='ocrx_word' id='word_1_204' title='bbox 861 1607 1083 1661; x_wconf 70' lang='lat' dir='ltr'>Basilius,</span> <span class='ocrx_word' id='word_1_205' title='bbox 1110 1608 1191 1669; x_wconf 91' lang='lat' dir='ltr'>qui</span> <span class='ocrx_word' id='word_1_206' title='bbox 1219 1609 1377 1654; x_wconf 89' lang='lat' dir='ltr'>omnia</span> <span class='ocrx_word' id='word_1_207' title='bbox 1398 1609 1610 1668; x_wconf 82' lang='lat' dir='ltr'>Gregorii</span> <span class='ocrx_word' id='word_1_208' title='bbox 1635 1615 1845 1653; x_wconf 89' lang='lat' dir='ltr'>accurate</span> <span class='ocrx_word' id='word_1_209' title='bbox 1870 1613 2109 1668; x_wconf 86' lang='lat' dir='ltr'>perspecta</span> <span class='ocrx_word' id='word_1_210' title='bbox 2131 1602 2319 1655; x_wconf 89' lang='lat' dir='ltr'>habuit,</span> <span class='ocrx_word' id='word_1_211' title='bbox 2349 1610 2399 1646; x_wconf 88' lang='lat' dir='ltr'>ut</span> <span class='ocrx_word' id='word_1_212' title='bbox 2422 1601 2519 1646; x_wconf 88' lang='lat' dir='ltr'>eius</span> 
     </span>
     <span class='ocr_line' id='line_1_19' title="bbox 247 1676 2519 1749; baseline -0.003 -20"><span class='ocrx_word' id='word_1_213' title='bbox 247 1697 368 1749; x_wconf 81' lang='lat' dir='ltr'>opus</span> <span class='ocrx_word' id='word_1_214' title='bbox 395 1684 606 1735; x_wconf 85' lang='lat' dir='ltr'>citat‚·et</span> <span class='ocrx_word' id='word_1_215' title='bbox 640 1684 700 1730; x_wconf 90' lang='lat' dir='ltr'>ab</span> <span class='ocrx_word' id='word_1_216' title='bbox 725 1700 783 1732; x_wconf 89' lang='lat' dir='ltr'>eo</span> <span class='ocrx_word' id='word_1_217' title='bbox 809 1685 988 1730; x_wconf 90' lang='lat' dir='ltr'>editum</span> <span class='ocrx_word' id='word_1_218' title='bbox 1017 1684 1157 1731; x_wconf 85' lang='lat' dir='ltr'>fuisse</span> <span class='ocrx_word' id='word_1_219' title='bbox 1182 1700 1277 1731; x_wconf 91' lang='lat' dir='ltr'>non</span> <span class='ocrx_word' id='word_1_220' title='bbox 1303 1684 1511 1738; x_wconf 90' lang='lat' dir='ltr'>dubitat,</span> <span class='ocrx_word' id='word_1_221' title='bbox 1539 1685 1646 1731; x_wconf 92' lang='lat' dir='ltr'>licet</span> <span class='ocrx_word' id='word_1_222' title='bbox 1678 1684 1802 1730; x_wconf 90' lang='lat' dir='ltr'>idem</span> <span class='ocrx_word' id='word_1_223' title='bbox 1829 1683 1895 1729; x_wconf 89' lang='lat' dir='ltr'>ibi</span> <span class='ocrx_word' id='word_1_224' title='bbox 1918 1683 1978 1729; x_wconf 89' lang='lat' dir='ltr'>de</span> <span class='ocrx_word' id='word_1_225' title='bbox 2009 1680 2317 1729; x_wconf 65' lang='lat' dir='ltr'>subsistentiis</span> <span class='ocrx_word' id='word_1_226' title='bbox 2343 1676 2519 1739; x_wconf 90' lang='lat' dir='ltr'>aliquid</span> 
     </span>
     <span class='ocr_line' id='line_1_20' title="bbox 245 1755 2518 1824; baseline -0.003 -18"><span class='ocrx_word' id='word_1_227' title='bbox 245 1761 401 1806; x_wconf 92' lang='lat' dir='ltr'>minus</span> <span class='ocrx_word' id='word_1_228' title='bbox 434 1756 624 1823; x_wconf 86' lang='lat' dir='ltr'>proprie</span> <span class='ocrx_word' id='word_1_229' title='bbox 653 1762 893 1808; x_wconf 90' lang='lat' dir='ltr'>videretur</span> <span class='ocrx_word' id='word_1_230' title='bbox 915 1777 1014 1808; x_wconf 89' lang='lat' dir='ltr'>esse</span> <span class='ocrx_word' id='word_1_231' title='bbox 1044 1762 1251 1809; x_wconf 88' lang='lat' dir='ltr'>locutus:</span> <span class='ocrx_word' id='word_1_232' title='bbox 1279 1764 1398 1810; x_wconf 90' lang='lat' dir='ltr'>sicut</span> <span class='ocrx_word' id='word_1_233' title='bbox 1422 1771 1469 1808; x_wconf 89' lang='lat' dir='ltr'>et</span> <span class='ocrx_word' id='word_1_234' title='bbox 1495 1763 1702 1809; x_wconf 88' lang='lat' dir='ltr'>accidere</span> <span class='ocrx_word' id='word_1_235' title='bbox 1728 1763 1880 1824; x_wconf 89' lang='lat' dir='ltr'>potuit</span> <span class='ocrx_word' id='word_1_236' title='bbox 1900 1776 1956 1806; x_wconf 85' lang='lat' dir='ltr'>ex</span> <span class='ocrx_word' id='word_1_237' title='bbox 1981 1759 2146 1806; x_wconf 91' lang='lat' dir='ltr'>eodem</span> <span class='ocrx_word' id='word_1_238' title='bbox 2174 1766 2300 1819; x_wconf 82' lang='lat' dir='ltr'>textu</span> <span class='ocrx_word' id='word_1_239' title='bbox 2326 1755 2384 1802; x_wconf 89' lang='lat' dir='ltr'>ab</span> <span class='ocrx_word' id='word_1_240' title='bbox 2406 1755 2518 1800; x_wconf 89' lang='lat' dir='ltr'>hae-</span> 
     </span>
     <span class='ocr_line' id='line_1_21' title="bbox 245 1837 2518 1902; baseline -0.003 -19"><span class='ocrx_word' id='word_1_241' title='bbox 245 1838 423 1890; x_wconf 87' lang='lat' dir='ltr'>reticis,</span> <span class='ocrx_word' id='word_1_242' title='bbox 451 1846 502 1884; x_wconf 90' lang='lat' dir='ltr'>ut</span> <span class='ocrx_word' id='word_1_243' title='bbox 528 1839 591 1884; x_wconf 86' lang='lat' dir='ltr'>ait</span> <span class='ocrx_word' id='word_1_244' title='bbox 614 1839 838 1900; x_wconf 90' lang='lat' dir='ltr'>Evagrius</span> <span class='ocrx_word' id='word_1_245' title='bbox 864 1838 948 1885; x_wconf 91' lang='lat' dir='ltr'>lib.</span> <span class='ocrx_word' id='word_1_246' title='bbox 977 1841 1057 1885; x_wconf 87' lang='lat' dir='ltr'>Ill.</span> <span class='ocrx_word' id='word_1_247' title='bbox 1087 1855 1190 1901; x_wconf 88' lang='lat' dir='ltr'>cap.</span> <span class='ocrx_word' id='word_1_248' title='bbox 1219 1840 1306 1892; x_wconf 90' lang='lat'>31,</span> <span class='ocrx_word' id='word_1_249' title='bbox 1334 1839 1614 1902; x_wconf 87' lang='lat' dir='ltr'>depravato,</span> <span class='ocrx_word' id='word_1_250' title='bbox 1643 1848 1722 1885; x_wconf 91' lang='lat' dir='ltr'>aut</span> <span class='ocrx_word' id='word_1_251' title='bbox 1741 1853 1991 1901; x_wconf 84' lang='lat' dir='ltr'>perperam</span> <span class='ocrx_word' id='word_1_252' title='bbox 2014 1837 2240 1899; x_wconf 84' lang='lat' dir='ltr'>exposito.</span> <span class='ocrx_word' id='word_1_253' title='bbox 2266 1837 2382 1880; x_wconf 84' lang='lat' dir='ltr'>Rem</span> <span class='ocrx_word' id='word_1_254' title='bbox 2406 1845 2518 1878; x_wconf 55' lang='lat' dir='ltr'>con*-</span> 
     </span>
     <span class='ocr_line' id='line_1_22' title="bbox 245 1910 2514 1978; baseline -0.002 -20"><span class='ocrx_word' id='word_1_255' title='bbox 245 1913 519 1960; x_wconf 89' lang='lat' dir='ltr'>sideremus.</span> <span class='ocrx_word' id='word_1_256' title='bbox 547 1916 622 1961; x_wconf 88' lang='lat' dir='ltr'>Uti</span> <span class='ocrx_word' id='word_1_257' title='bbox 646 1931 808 1961; x_wconf 85' lang='lat' dir='ltr'>verum</span> <span class='ocrx_word' id='word_1_258' title='bbox 835 1924 904 1962; x_wconf 89' lang='lat' dir='ltr'>est</span> <span class='ocrx_word' id='word_1_259' title='bbox 930 1914 1072 1962; x_wconf 85' lang='lat' dir='ltr'>fidem</span> <span class='ocrx_word' id='word_1_260' title='bbox 1100 1916 1352 1963; x_wconf 81' lang='lat' dir='ltr'>revelatam</span> <span class='ocrx_word' id='word_1_261' title='bbox 1377 1933 1403 1963; x_wconf 84' lang='lat' dir='ltr'>a</span> <span class='ocrx_word' id='word_1_262' title='bbox 1426 1918 1615 1978; x_wconf 85' lang='lat' dir='ltr'>Virgine</span> <span class='ocrx_word' id='word_1_263' title='bbox 1641 1925 1688 1962; x_wconf 89' lang='lat' dir='ltr'>et</span> <span class='ocrx_word' id='word_1_264' title='bbox 1714 1916 1919 1962; x_wconf 89' lang='lat' dir='ltr'>Iohanne</span> <span class='ocrx_word' id='word_1_265' title='bbox 1945 1913 2222 1975; x_wconf 88' lang='lat' dir='ltr'>evangelista</span> <span class='ocrx_word' id='word_1_266' title='bbox 2246 1910 2514 1960; x_wconf 84' lang='lat' dir='ltr'>adnotasse,</span> 
     </span>
     <span class='ocr_line' id='line_1_23' title="bbox 245 1988 2518 2055; baseline -0.002 -20"><span class='ocrx_word' id='word_1_267' title='bbox 245 1988 428 2052; x_wconf 90' lang='lat' dir='ltr'>sibique</span> <span class='ocrx_word' id='word_1_268' title='bbox 455 2001 714 2038; x_wconf 83' lang='lat' dir='ltr'>reservasse</span> <span class='ocrx_word' id='word_1_269' title='bbox 738 1994 1013 2054; x_wconf 85' lang='lat' dir='ltr'>Gregorium</span> <span class='ocrx_word' id='word_1_270' title='bbox 1030 2029 1041 2047; x_wconf 97' lang='lat'>,</span> <span class='ocrx_word' id='word_1_271' title='bbox 1069 1995 1131 2040; x_wconf 90' lang='lat' dir='ltr'>ita</span> <span class='ocrx_word' id='word_1_272' title='bbox 1157 1994 1325 2040; x_wconf 88' lang='lat' dir='ltr'>falsum</span> <span class='ocrx_word' id='word_1_273' title='bbox 1350 2010 1454 2041; x_wconf 88' lang='lat' dir='ltr'>eam</span> <span class='ocrx_word' id='word_1_274' title='bbox 1481 1995 1818 2040; x_wconf 87' lang='lat' dir='ltr'>commentario</span> <span class='ocrx_word' id='word_1_275' title='bbox 1842 1993 2062 2055; x_wconf 52' lang='lat' dir='ltr'>&#39;apposito</span> <span class='ocrx_word' id='word_1_276' title='bbox 2089 1989 2427 2036; x_wconf 86' lang='lat' dir='ltr'>accuratissime</span> <span class='ocrx_word' id='word_1_277' title='bbox 2449 2001 2518 2031; x_wconf 86' lang='lat' dir='ltr'>ex-</span> 
     </span>
     <span class='ocr_line' id='line_1_24' title="bbox 247 2055 2517 2134; baseline 0.001 -22"><span class='ocrx_word' id='word_1_278' title='bbox 247 2066 460 2128; x_wconf 89' lang='lat' dir='ltr'>plicasse.</span> <span class='ocrx_word' id='word_1_279' title='bbox 498 2070 571 2116; x_wconf 90' lang='lat' dir='ltr'>Sic</span> <span class='ocrx_word' id='word_1_280' title='bbox 602 2086 791 2132; x_wconf 90' lang='lat' dir='ltr'>quoque</span> <span class='ocrx_word' id='word_1_281' title='bbox 816 2072 1078 2117; x_wconf 88' lang='lat' dir='ltr'>orationem</span> <span class='ocrx_word' id='word_1_282' title='bbox 1103 2072 1198 2117; x_wconf 79' lang='lat' dir='ltr'>sive</span> <span class='ocrx_word' id='word_1_283' title='bbox 1231 2073 1570 2134; x_wconf 85' lang='lat' dir='ltr'>expositionem</span> <span class='ocrx_word' id='word_1_284' title='bbox 1605 2071 1738 2124; x_wconf 81' lang='lat' dir='ltr'>fidei,</span> <span class='ocrx_word' id='word_1_285' title='bbox 1766 2085 1885 2131; x_wconf 89' lang='lat' dir='ltr'>quae</span> <span class='ocrx_word' id='word_1_286' title='bbox 1916 2070 2078 2131; x_wconf 86' lang='lat' dir='ltr'>incipit</span> <span class='ocrx_word' id='word_1_287' title='bbox 2114 2055 2356 2125; x_wconf 64' lang='grc' dir='ltr'>ἔχθιστοί</span> <span class='ocrx_word' id='word_1_288' title='bbox 2375 2097 2386 2116; x_wconf 74' lang='lat'>‚</span> <span class='ocrx_word' id='word_1_289' title='bbox 2421 2077 2517 2108; x_wconf 82' lang='lat' dir='ltr'>non</span> 
     </span>
     <span class='ocr_line' id='line_1_25' title="bbox 246 2139 2520 2211; baseline -0.003 -20"><span class='ocrx_word' id='word_1_290' title='bbox 246 2159 346 2191; x_wconf 86' lang='lat' dir='ltr'>esse</span> <span class='ocrx_word' id='word_1_291' title='bbox 382 2146 739 2208; x_wconf 86' lang='lat' dir='ltr'>explicationem</span> <span class='ocrx_word' id='word_1_292' title='bbox 773 2147 898 2194; x_wconf 90' lang='lat' dir='ltr'>illius</span> <span class='ocrx_word' id='word_1_293' title='bbox 921 2147 1317 2203; x_wconf 79' lang='lat' dir='ltr'>fidei-revelatae,</span> <span class='ocrx_word' id='word_1_294' title='bbox 1346 2149 1427 2195; x_wconf 85' lang='lat' dir='ltr'>sed</span> <span class='ocrx_word' id='word_1_295' title='bbox 1458 2157 1704 2211; x_wconf 78' lang='lat' dir='ltr'>tractatum</span> <span class='ocrx_word' id='word_1_296' title='bbox 1741 2164 1826 2210; x_wconf 88' lang='lat' dir='ltr'>per</span> <span class='ocrx_word' id='word_1_297' title='bbox 1856 2163 1904 2194; x_wconf 89' lang='lat' dir='ltr'>se</span> <span class='ocrx_word' id='word_1_298' title='bbox 1935 2147 2161 2196; x_wconf 88' lang='lat' dir='ltr'>divisum,</span> <span class='ocrx_word' id='word_1_299' title='bbox 2193 2142 2251 2188; x_wconf 87' lang='lat' dir='ltr'>ab</span> <span class='ocrx_word' id='word_1_300' title='bbox 2281 2156 2424 2202; x_wconf 84' lang='lat' dir='ltr'>eaque</span> <span class='ocrx_word' id='word_1_301' title='bbox 2448 2139 2520 2184; x_wconf 91' lang='lat' dir='ltr'>di-</span> 
     </span>
     <span class='ocr_line' id='line_1_26' title="bbox 245 2214 2518 2288; baseline -0.003 -21"><span class='ocrx_word' id='word_1_302' title='bbox 245 2214 488 2276; x_wconf 86' lang='lat' dir='ltr'>stinctum,</span> <span class='ocrx_word' id='word_1_303' title='bbox 529 2233 578 2270; x_wconf 90' lang='lat' dir='ltr'>ut</span> <span class='ocrx_word' id='word_1_304' title='bbox 611 2225 806 2286; x_wconf 89' lang='lat' dir='ltr'>planum</span> <span class='ocrx_word' id='word_1_305' title='bbox 840 2224 922 2272; x_wconf 87' lang='lat' dir='ltr'>fiet</span> <span class='ocrx_word' id='word_1_306' title='bbox 958 2225 1140 2287; x_wconf 88' lang='lat' dir='ltr'>singula</span> <span class='ocrx_word' id='word_1_307' title='bbox 1173 2226 1449 2273; x_wconf 84' lang='lat' dir='ltr'>conferenti.</span> <span class='ocrx_word' id='word_1_308' title='bbox 1487 2227 1680 2272; x_wconf 87' lang='lat' dir='ltr'>Basilius</span> <span class='ocrx_word' id='word_1_309' title='bbox 1713 2226 1772 2272; x_wconf 91' lang='lat' dir='ltr'>de</span> <span class='ocrx_word' id='word_1_310' title='bbox 1806 2226 1980 2288; x_wconf 88' lang='lat' dir='ltr'>Spiritu</span> <span class='ocrx_word' id='word_1_311' title='bbox 2014 2231 2173 2269; x_wconf 80' lang='lat' dir='ltr'>sancto</span> <span class='ocrx_word' id='word_1_312' title='bbox 2207 2236 2309 2282; x_wconf 88' lang='lat' dir='ltr'>cap.</span> <span class='ocrx_word' id='word_1_313' title='bbox 2345 2219 2424 2263; x_wconf 78' lang='lat'>29.</span> <span class='ocrx_word' id='word_1_314' title='bbox 2461 2231 2518 2261; x_wconf 88' lang='lat' dir='ltr'>ne</span> 
     </span>
     <span class='ocr_line' id='line_1_27' title="bbox 241 2295 2516 2364; baseline -0.002 -21"><span class='ocrx_word' id='word_1_315' title='bbox 241 2297 674 2362; x_wconf 18' lang='lat' dir='ltr'>,verbum‘quidem</span> <span class='ocrx_word' id='word_1_316' title='bbox 709 2301 818 2348; x_wconf 84' lang='lat' dir='ltr'>facit</span> <span class='ocrx_word' id='word_1_317' title='bbox 853 2302 912 2348; x_wconf 93' lang='lat' dir='ltr'>de</span> <span class='ocrx_word' id='word_1_318' title='bbox 946 2304 1235 2364; x_wconf 85' lang='lat' dir='ltr'>expositione</span> <span class='ocrx_word' id='word_1_319' title='bbox 1270 2303 1402 2357; x_wconf 87' lang='lat' dir='ltr'>fidei,</span> <span class='ocrx_word' id='word_1_320' title='bbox 1440 2303 1522 2350; x_wconf 88' lang='lat' dir='ltr'>sed</span> <span class='ocrx_word' id='word_1_321' title='bbox 1559 2303 1887 2361; x_wconf 80' lang='lat' dir='ltr'>tantummodo</span> <span class='ocrx_word' id='word_1_322' title='bbox 1921 2299 2309 2363; x_wconf 84' lang='lat' dir='ltr'>glorificationem</span> <span class='ocrx_word' id='word_1_323' title='bbox 2344 2311 2367 2340; x_wconf 92' lang='lat' dir='ltr'>a</span> <span class='ocrx_word' id='word_1_324' title='bbox 2403 2295 2516 2340; x_wconf 90' lang='lat' dir='ltr'>Gre-</span> 
     </span>
     <span class='ocr_line' id='line_1_28' title="bbox 249 2373 2511 2445; baseline -0.004 -23"><span class='ocrx_word' id='word_1_325' title='bbox 249 2377 384 2436; x_wconf 83' lang='lat' dir='ltr'>gorio</span> <span class='ocrx_word' id='word_1_326' title='bbox 418 2378 617 2433; x_wconf 87' lang='lat' dir='ltr'>editam‚</span> <span class='ocrx_word' id='word_1_327' title='bbox 647 2395 754 2426; x_wconf 90' lang='lat' dir='ltr'>cum</span> <span class='ocrx_word' id='word_1_328' title='bbox 794 2380 894 2426; x_wconf 90' lang='lat' dir='ltr'>aliis</span> <span class='ocrx_word' id='word_1_329' title='bbox 927 2379 985 2426; x_wconf 89' lang='lat' dir='ltr'>ab</span> <span class='ocrx_word' id='word_1_330' title='bbox 1024 2381 1125 2426; x_wconf 91' lang='lat' dir='ltr'>aliis</span> <span class='ocrx_word' id='word_1_331' title='bbox 1158 2381 1500 2442; x_wconf 85' lang='lat' dir='ltr'>antiquioribus</span> <span class='ocrx_word' id='word_1_332' title='bbox 1538 2381 1750 2445; x_wconf 89' lang='lat' dir='ltr'>patribus</span> <span class='ocrx_word' id='word_1_333' title='bbox 1782 2381 1913 2427; x_wconf 84' lang='lat' dir='ltr'>factis</span> <span class='ocrx_word' id='word_1_334' title='bbox 1945 2379 2150 2431; x_wconf 83' lang='lat' dir='ltr'>confert,</span> <span class='ocrx_word' id='word_1_335' title='bbox 2188 2385 2234 2422; x_wconf 88' lang='lat' dir='ltr'>et</span> <span class='ocrx_word' id='word_1_336' title='bbox 2267 2373 2511 2420; x_wconf 78' lang='lat' dir='ltr'>examinat.</span> 
     </span>
     <span class='ocr_line' id='line_1_29' title="bbox 216 2454 2516 2521; baseline -0.003 -22"><span class='ocrx_word' id='word_1_337' title='bbox 216 2488 220 2493; x_wconf 87' lang='lat'>.</span> <span class='ocrx_word' id='word_1_338' title='bbox 248 2454 321 2500; x_wconf 91' lang='lat' dir='ltr'>Sic</span> <span class='ocrx_word' id='word_1_339' title='bbox 347 2463 394 2500; x_wconf 87' lang='lat' dir='ltr'>et</span> <span class='ocrx_word' id='word_1_340' title='bbox 418 2455 466 2501; x_wconf 90' lang='lat' dir='ltr'>in</span> <span class='ocrx_word' id='word_1_341' title='bbox 495 2456 691 2517; x_wconf 86' lang='lat' dir='ltr'>epistola</span> <span class='ocrx_word' id='word_1_342' title='bbox 718 2456 910 2519; x_wconf 86' lang='lat' dir='ltr'>(CCX.)</span> <span class='ocrx_word' id='word_1_343' title='bbox 935 2458 994 2504; x_wconf 92' lang='lat' dir='ltr'>de</span> <span class='ocrx_word' id='word_1_344' title='bbox 1018 2457 1103 2503; x_wconf 87' lang='lat' dir='ltr'>alia</span> <span class='ocrx_word' id='word_1_345' title='bbox 1130 2459 1189 2504; x_wconf 91' lang='lat' dir='ltr'>ad</span> <span class='ocrx_word' id='word_1_346' title='bbox 1216 2459 1460 2504; x_wconf 88' lang='lat' dir='ltr'>Aelianum</span> <span class='ocrx_word' id='word_1_347' title='bbox 1487 2461 1659 2521; x_wconf 84' lang='lat' dir='ltr'>scripta</span> <span class='ocrx_word' id='word_1_348' title='bbox 1685 2473 1948 2504; x_wconf 87' lang='lat' dir='ltr'>sermonem</span> <span class='ocrx_word' id='word_1_349' title='bbox 1969 2455 2135 2507; x_wconf 83' lang='lat' dir='ltr'>habet,</span> <span class='ocrx_word' id='word_1_350' title='bbox 2165 2461 2215 2500; x_wconf 92' lang='lat' dir='ltr'>ut</span> <span class='ocrx_word' id='word_1_351' title='bbox 2240 2466 2378 2513; x_wconf 87' lang='lat' dir='ltr'>supra</span> <span class='ocrx_word' id='word_1_352' title='bbox 2404 2462 2516 2495; x_wconf 82' lang='lat' dir='ltr'>con-</span> 
     </span>
     <span class='ocr_line' id='line_1_30' title="bbox 248 2526 2516 2595; baseline -0.002 -21"><span class='ocrx_word' id='word_1_353' title='bbox 248 2537 319 2576; x_wconf 88' lang='lat' dir='ltr'>tra</span> <span class='ocrx_word' id='word_1_354' title='bbox 347 2531 682 2579; x_wconf 87' lang='lat' dir='ltr'>Bellarminum</span> <span class='ocrx_word' id='word_1_355' title='bbox 706 2533 1024 2595; x_wconf 86' lang='lat' dir='ltr'>probavimus.</span> <span class='ocrx_word' id='word_1_356' title='bbox 1062 2535 1119 2581; x_wconf 88' lang='lat' dir='ltr'>Et</span> <span class='ocrx_word' id='word_1_357' title='bbox 1151 2536 1386 2582; x_wconf 89' lang='lat' dir='ltr'>immerito</span> <span class='ocrx_word' id='word_1_358' title='bbox 1410 2537 1630 2587; x_wconf 88' lang='lat' dir='ltr'>Leontius</span> <span class='ocrx_word' id='word_1_359' title='bbox 1657 2536 1958 2582; x_wconf 88' lang='lat' dir='ltr'>scholasticus</span> <span class='ocrx_word' id='word_1_360' title='bbox 1979 2532 2194 2595; x_wconf 89' lang='lat' dir='ltr'>vapulat,</span> <span class='ocrx_word' id='word_1_361' title='bbox 2221 2529 2301 2590; x_wconf 91' lang='lat' dir='ltr'>qui</span> <span class='ocrx_word' id='word_1_362' title='bbox 2329 2542 2424 2572; x_wconf 90' lang='lat' dir='ltr'>non</span> <span class='ocrx_word' id='word_1_363' title='bbox 2458 2526 2516 2570; x_wconf 91' lang='lat' dir='ltr'>de</span> 
     </span>
     <span class='ocr_line' id='line_1_31' title="bbox 249 2598 2516 2674; baseline -0.002 -23"><span class='ocrx_word' id='word_1_364' title='bbox 249 2607 418 2653; x_wconf 88' lang='lat' dir='ltr'>tradita</span> <span class='ocrx_word' id='word_1_365' title='bbox 443 2625 467 2654; x_wconf 89' lang='lat' dir='ltr'>a</span> <span class='ocrx_word' id='word_1_366' title='bbox 493 2611 544 2655; x_wconf 89' lang='lat' dir='ltr'>B.</span> <span class='ocrx_word' id='word_1_367' title='bbox 570 2611 780 2671; x_wconf 87' lang='lat' dir='ltr'>Virgine,</span> <span class='ocrx_word' id='word_1_368' title='bbox 805 2626 946 2671; x_wconf 90' lang='lat' dir='ltr'>quam</span> <span class='ocrx_word' id='word_1_369' title='bbox 969 2620 1016 2657; x_wconf 87' lang='lat' dir='ltr'>et</span> <span class='ocrx_word' id='word_1_370' title='bbox 1040 2613 1138 2674; x_wconf 90' lang='lat' dir='ltr'>ipse</span> <span class='ocrx_word' id='word_1_371' title='bbox 1162 2621 1207 2659; x_wconf 89' lang='lat' dir='ltr'>et</span> <span class='ocrx_word' id='word_1_372' title='bbox 1233 2614 1310 2658; x_wconf 86' lang='lat' dir='ltr'>alii</span> <span class='ocrx_word' id='word_1_373' title='bbox 1335 2614 1402 2660; x_wconf 90' lang='lat' dir='ltr'>uti</span> <span class='ocrx_word' id='word_1_374' title='bbox 1424 2613 1622 2660; x_wconf 82' lang='lat' dir='ltr'>verbum</span> <span class='ocrx_word' id='word_1_375' title='bbox 1644 2613 1858 2659; x_wconf 89' lang='lat' dir='ltr'>divinum</span> <span class='ocrx_word' id='word_1_376' title='bbox 1885 2611 2088 2658; x_wconf 83' lang='lat' dir='ltr'>venerati</span> <span class='ocrx_word' id='word_1_377' title='bbox 2112 2598 2245 2659; x_wconf 54' lang='lat' dir='ltr'>sunt,</span> <span class='ocrx_word' id='word_1_378' title='bbox 2274 2613 2320 2651; x_wconf 88' lang='lat' dir='ltr'>et</span> <span class='ocrx_word' id='word_1_379' title='bbox 2342 2605 2516 2664; x_wconf 78' lang='lat' dir='ltr'>scripto</span> 
     </span>
     <span class='ocr_line' id='line_1_32' title="bbox 250 2677 2516 2751; baseline -0.002 -21"><span class='ocrx_word' id='word_1_380' title='bbox 250 2686 668 2746; x_wconf 86' lang='lat' dir='ltr'>consignaverunt,</span> <span class='ocrx_word' id='word_1_381' title='bbox 697 2687 778 2733; x_wconf 90' lang='lat' dir='ltr'>sed</span> <span class='ocrx_word' id='word_1_382' title='bbox 806 2688 866 2734; x_wconf 90' lang='lat' dir='ltr'>de</span> <span class='ocrx_word' id='word_1_383' title='bbox 892 2688 979 2734; x_wconf 91' lang='lat' dir='ltr'>hac</span> <span class='ocrx_word' id='word_1_384' title='bbox 1004 2704 1144 2749; x_wconf 87' lang='lat' dir='ltr'>quam</span> <span class='ocrx_word' id='word_1_385' title='bbox 1176 2691 1362 2751; x_wconf 88' lang='lat' dir='ltr'>speciali</span> <span class='ocrx_word' id='word_1_386' title='bbox 1390 2691 1528 2736; x_wconf 91' lang='lat' dir='ltr'>titulo</span> <span class='ocrx_word' id='word_1_387' title='bbox 1560 2681 1656 2733; x_wconf 72' lang='grc' dir='ltr'>τοῦ</span> <span class='ocrx_word' id='word_1_388' title='bbox 1689 2680 1819 2733; x_wconf 71' lang='grc' dir='ltr'><em>κατὰ</em></span> <span class='ocrx_word' id='word_1_389' title='bbox 1854 2677 2008 2750; x_wconf 71' lang='grc' dir='ltr'><em>μέρος</em></span> <span class='ocrx_word' id='word_1_390' title='bbox 2044 2686 2103 2734; x_wconf 89' lang='lat' dir='ltr'>ab</span> <span class='ocrx_word' id='word_1_391' title='bbox 2138 2687 2237 2732; x_wconf 89' lang='lat' dir='ltr'>aliis</span> <span class='ocrx_word' id='word_1_392' title='bbox 2269 2682 2516 2743; x_wconf 83' lang='lat' dir='ltr'>Gregorius</span> 
     </span>
     <span class='ocr_line' id='line_1_33' title="bbox 250 2759 2510 2829; baseline -0.002 -22"><span class='ocrx_word' id='word_1_393' title='bbox 250 2763 502 2824; x_wconf 85' lang='lat' dir='ltr'>separavit,</span> <span class='ocrx_word' id='word_1_394' title='bbox 538 2764 675 2809; x_wconf 84' lang='lat' dir='ltr'>etde</span> <span class='ocrx_word' id='word_1_395' title='bbox 709 2780 802 2826; x_wconf 92' lang='lat' dir='ltr'>qua</span> <span class='ocrx_word' id='word_1_396' title='bbox 836 2764 997 2811; x_wconf 85' lang='lat' dir='ltr'>scribit</span> <span class='ocrx_word' id='word_1_397' title='bbox 1027 2766 1292 2813; x_wconf 85' lang='lat' dir='ltr'>dubitatum</span> <span class='ocrx_word' id='word_1_398' title='bbox 1327 2768 1466 2814; x_wconf 84' lang='lat' dir='ltr'>fuisse</span> <span class='ocrx_word' id='word_1_399' title='bbox 1500 2783 1524 2814; x_wconf 89' lang='lat' dir='ltr'>a</span> <span class='ocrx_word' id='word_1_400' title='bbox 1559 2767 1786 2829; x_wconf 87' lang='lat' dir='ltr'>patribus.</span> <span class='ocrx_word' id='word_1_401' title='bbox 1825 2769 1882 2812; x_wconf 89' lang='lat' dir='ltr'>Et</span> <span class='ocrx_word' id='word_1_402' title='bbox 1915 2766 2022 2812; x_wconf 86' lang='lat' dir='ltr'>licet</span> <span class='ocrx_word' id='word_1_403' title='bbox 2059 2766 2196 2811; x_wconf 82' lang='lat' dir='ltr'>etiam</span> <span class='ocrx_word' id='word_1_404' title='bbox 2229 2776 2394 2807; x_wconf 82' lang='lat' dir='ltr'>verum</span> <span class='ocrx_word' id='word_1_405' title='bbox 2429 2759 2510 2809; x_wconf 87' lang='lat' dir='ltr'>sit,</span> 
     </span>
     <span class='ocr_line' id='line_1_34' title="bbox 249 2835 2515 2906; baseline 0.001 -22"><span class='ocrx_word' id='word_1_406' title='bbox 249 2840 407 2885; x_wconf 90' lang='lat' dir='ltr'>omnia</span> <span class='ocrx_word' id='word_1_407' title='bbox 430 2840 541 2886; x_wconf 86' lang='lat' dir='ltr'>dicti</span> <span class='ocrx_word' id='word_1_408' title='bbox 565 2842 708 2902; x_wconf 87' lang='lat' dir='ltr'>patris</span> <span class='ocrx_word' id='word_1_409' title='bbox 736 2850 976 2903; x_wconf 76' lang='lat' dir='ltr'>perspecta</span> <span class='ocrx_word' id='word_1_410' title='bbox 1001 2842 1216 2890; x_wconf 88' lang='lat' dir='ltr'>habuisse</span> <span class='ocrx_word' id='word_1_411' title='bbox 1239 2845 1482 2896; x_wconf 85' lang='lat' dir='ltr'>Basilium,</span> <span class='ocrx_word' id='word_1_412' title='bbox 1511 2845 1814 2890; x_wconf 88' lang='lat' dir='ltr'>nihilominus</span> <span class='ocrx_word' id='word_1_413' title='bbox 1837 2843 2064 2906; x_wconf 85' lang='lat' dir='ltr'>expositio</span> <span class='ocrx_word' id='word_1_414' title='bbox 2091 2840 2225 2893; x_wconf 71' lang='lat' dir='ltr'>fidei,</span> <span class='ocrx_word' id='word_1_415' title='bbox 2251 2852 2390 2899; x_wconf 82' lang='lat' dir='ltr'>quam</span> <span class='ocrx_word' id='word_1_416' title='bbox 2416 2835 2515 2895; x_wconf 67' lang='lat' dir='ltr'>ipSe</span> 
     </span>
     <span class='ocr_line' id='line_1_35' title="bbox 249 2909 2511 2982; baseline 0 -21"><span class='ocrx_word' id='word_1_417' title='bbox 249 2915 461 2977; x_wconf 87' lang='lat' dir='ltr'>sugillat,</span> <span class='ocrx_word' id='word_1_418' title='bbox 491 2925 535 2963; x_wconf 89' lang='lat' dir='ltr'>et</span> <span class='ocrx_word' id='word_1_419' title='bbox 560 2933 779 2964; x_wconf 79' lang='lat' dir='ltr'>excusare</span> <span class='ocrx_word' id='word_1_420' title='bbox 812 2919 1000 2971; x_wconf 84' lang='lat' dir='ltr'>nititur,</span> <span class='ocrx_word' id='word_1_421' title='bbox 1028 2935 1125 2966; x_wconf 90' lang='lat' dir='ltr'>non</span> <span class='ocrx_word' id='word_1_422' title='bbox 1161 2909 1247 2966; x_wconf 76' lang='lat' dir='ltr'>fuit</span> <span class='ocrx_word' id='word_1_423' title='bbox 1273 2935 1426 2982; x_wconf 90' lang='lat' dir='ltr'>neque</span> <span class='ocrx_word' id='word_1_424' title='bbox 1460 2922 1538 2966; x_wconf 88' lang='lat' dir='ltr'>illa</span> <span class='ocrx_word' id='word_1_425' title='bbox 1568 2921 1737 2966; x_wconf 84' lang='lat' dir='ltr'>dictata</span> <span class='ocrx_word' id='word_1_426' title='bbox 1768 2936 1794 2967; x_wconf 87' lang='lat' dir='ltr'>a</span> <span class='ocrx_word' id='word_1_427' title='bbox 1820 2921 2035 2981; x_wconf 86' lang='lat' dir='ltr'>Virgine,</span> <span class='ocrx_word' id='word_1_428' title='bbox 2063 2932 2214 2978; x_wconf 91' lang='lat' dir='ltr'>neque</span> <span class='ocrx_word' id='word_1_429' title='bbox 2242 2915 2356 2960; x_wconf 89' lang='lat' dir='ltr'>haec</span> <span class='ocrx_word' id='word_1_430' title='bbox 2388 2913 2511 2972; x_wconf 74' lang='lat' dir='ltr'>ipsa,</span> 
     </span>
     <span class='ocr_line' id='line_1_36' title="bbox 249 2981 2515 3054; baseline -0.003 -16"><span class='ocrx_word' id='word_1_431' title='bbox 249 2992 309 3039; x_wconf 92' lang='lat' dir='ltr'>de</span> <span class='ocrx_word' id='word_1_432' title='bbox 333 3007 425 3054; x_wconf 86' lang='lat' dir='ltr'>qua</span> <span class='ocrx_word' id='word_1_433' title='bbox 452 2993 804 3041; x_wconf 64' lang='lat' dir='ltr'>nobisaeexamen</span> <span class='ocrx_word' id='word_1_434' title='bbox 831 2994 1084 3049; x_wconf 86' lang='lat' dir='ltr'>incumbit,</span> <span class='ocrx_word' id='word_1_435' title='bbox 1115 2997 1196 3041; x_wconf 87' lang='lat' dir='ltr'>sed</span> <span class='ocrx_word' id='word_1_436' title='bbox 1225 2996 1312 3042; x_wconf 89' lang='lat' dir='ltr'>alia</span> <span class='ocrx_word' id='word_1_437' title='bbox 1338 2999 1472 3043; x_wconf 87' lang='lat' dir='ltr'>tertia</span> <span class='ocrx_word' id='word_1_438' title='bbox 1497 2997 1555 3043; x_wconf 92' lang='lat' dir='ltr'>ad</span> <span class='ocrx_word' id='word_1_439' title='bbox 1580 2998 1823 3044; x_wconf 87' lang='lat' dir='ltr'>Aelianum</span> <span class='ocrx_word' id='word_1_440' title='bbox 1839 3032 1851 3050; x_wconf 93' lang='lat'>,</span> <span class='ocrx_word' id='word_1_441' title='bbox 1880 2981 1976 3042; x_wconf 83' lang='lat' dir='ltr'>sive</span> <span class='ocrx_word' id='word_1_442' title='bbox 2001 2995 2266 3043; x_wconf 85' lang='lat' dir='ltr'>Gelianum,</span> <span class='ocrx_word' id='word_1_443' title='bbox 2296 3005 2379 3035; x_wconf 88' lang='lat' dir='ltr'>ceu</span> <span class='ocrx_word' id='word_1_444' title='bbox 2403 2987 2515 3033; x_wconf 85' lang='lat' dir='ltr'>scri-</span> 
     </span>
     <span class='ocr_line' id='line_1_37' title="bbox 249 3062 2515 3136; baseline 0.001 -21"><span class='ocrx_word' id='word_1_445' title='bbox 249 3068 320 3116; x_wconf 88' lang='lat' dir='ltr'>bit</span> <span class='ocrx_word' id='word_1_446' title='bbox 354 3071 600 3117; x_wconf 88' lang='lat' dir='ltr'>Facundus</span> <span class='ocrx_word' id='word_1_447' title='bbox 636 3071 970 3118; x_wconf 87' lang='lat' dir='ltr'>hermianensis</span> <span class='ocrx_word' id='word_1_448' title='bbox 1003 3071 1086 3118; x_wconf 89' lang='lat' dir='ltr'>lib.</span> <span class='ocrx_word' id='word_1_449' title='bbox 1116 3074 1173 3118; x_wconf 87' lang='lat' dir='ltr'>X.</span> <span class='ocrx_word' id='word_1_450' title='bbox 1215 3073 1346 3136; x_wconf 90' lang='lat' dir='ltr'>(cap.</span> <span class='ocrx_word' id='word_1_451' title='bbox 1377 3073 1459 3134; x_wconf 88' lang='grc'>6.)</span> <span class='ocrx_word' id='word_1_452' title='bbox 1495 3075 1692 3135; x_wconf 85' lang='lat' dir='ltr'>scripta,</span> <span class='ocrx_word' id='word_1_453' title='bbox 1729 3083 1782 3119; x_wconf 86' lang='lat' dir='ltr'>ut</span> <span class='ocrx_word' id='word_1_454' title='bbox 1814 3088 1954 3135; x_wconf 86' lang='lat' dir='ltr'>supra</span> <span class='ocrx_word' id='word_1_455' title='bbox 1986 3072 2212 3122; x_wconf 86' lang='lat' dir='ltr'>diximus,</span> <span class='ocrx_word' id='word_1_456' title='bbox 2249 3069 2296 3112; x_wconf 88' lang='lat' dir='ltr'>in</span> <span class='ocrx_word' id='word_1_457' title='bbox 2328 3080 2420 3126; x_wconf 79' lang='lat' dir='ltr'>qua</span> <span class='ocrx_word' id='word_1_458' title='bbox 2457 3062 2515 3107; x_wconf 67' lang='lat' dir='ltr'>de</span> 
     </span>
     <span class='ocr_line' id='line_1_38' title="bbox 249 3141 2516 3212; baseline -0.003 -20"><span class='ocrx_word' id='word_1_459' title='bbox 249 3146 560 3194; x_wconf 84' lang='lat' dir='ltr'>subsistentiis</span> <span class='ocrx_word' id='word_1_460' title='bbox 593 3151 776 3195; x_wconf 88' lang='lat' dir='ltr'>nonita</span> <span class='ocrx_word' id='word_1_461' title='bbox 811 3149 1058 3194; x_wconf 88' lang='lat' dir='ltr'>commode</span> <span class='ocrx_word' id='word_1_462' title='bbox 1091 3149 1299 3195; x_wconf 89' lang='lat' dir='ltr'>locutum</span> <span class='ocrx_word' id='word_1_463' title='bbox 1333 3150 1472 3196; x_wconf 89' lang='lat' dir='ltr'>fuisse</span> <span class='ocrx_word' id='word_1_464' title='bbox 1496 3150 1654 3196; x_wconf 87' lang='lat' dir='ltr'>tradit.</span> <span class='ocrx_word' id='word_1_465' title='bbox 1693 3151 1808 3196; x_wconf 89' lang='lat' dir='ltr'>Cum</span> <span class='ocrx_word' id='word_1_466' title='bbox 1841 3151 1890 3195; x_wconf 89' lang='lat' dir='ltr'>in</span> <span class='ocrx_word' id='word_1_467' title='bbox 1913 3151 2027 3212; x_wconf 88' lang='lat' dir='ltr'>hae</span> <span class='ocrx_word' id='word_1_468' title='bbox 2050 3148 2109 3193; x_wconf 87' lang='lat' dir='ltr'>de</span> <span class='ocrx_word' id='word_1_469' title='bbox 2143 3161 2234 3207; x_wconf 80' lang='lat' dir='ltr'>qua</span> <span class='ocrx_word' id='word_1_470' title='bbox 2269 3158 2393 3189; x_wconf 89' lang='lat' dir='ltr'>nunc</span> <span class='ocrx_word' id='word_1_471' title='bbox 2428 3141 2516 3186; x_wconf 80' lang='grc' dir='ltr'>(ὐ-</span> 
     </span>
     <span class='ocr_line' id='line_1_39' title="bbox 251 3221 2514 3289; baseline -0.003 -20"><span class='ocrx_word' id='word_1_472' title='bbox 251 3221 455 3277; x_wconf 90' lang='lat' dir='ltr'>bitatur,</span> <span class='ocrx_word' id='word_1_473' title='bbox 483 3225 597 3270; x_wconf 90' lang='lat' dir='ltr'>nihil</span> <span class='ocrx_word' id='word_1_474' title='bbox 634 3225 692 3270; x_wconf 88' lang='lat' dir='ltr'>sit</span> <span class='ocrx_word' id='word_1_475' title='bbox 721 3240 869 3289; x_wconf 82' lang='lat' dir='ltr'>neque</span> <span class='ocrx_word' id='word_1_476' title='bbox 904 3226 950 3270; x_wconf 92' lang='lat' dir='ltr'>in</span> <span class='ocrx_word' id='word_1_477' title='bbox 975 3226 1198 3286; x_wconf 84' lang='lat' dir='ltr'>mysterio</span> <span class='ocrx_word' id='word_1_478' title='bbox 1231 3226 1486 3279; x_wconf 68' lang='lat' dir='ltr'>Trinitatis,</span> <span class='ocrx_word' id='word_1_479' title='bbox 1515 3241 1667 3287; x_wconf 89' lang='lat' dir='ltr'>neque</span> <span class='ocrx_word' id='word_1_480' title='bbox 1701 3228 1749 3271; x_wconf 90' lang='lat' dir='ltr'>in</span> <span class='ocrx_word' id='word_1_481' title='bbox 1782 3226 2004 3287; x_wconf 81' lang='lat' dir='ltr'>mysterio</span> <span class='ocrx_word' id='word_1_482' title='bbox 2037 3221 2387 3273; x_wconf 89' lang='lat' dir='ltr'>incarnationis,</span> <span class='ocrx_word' id='word_1_483' title='bbox 2421 3233 2514 3263; x_wconf 90' lang='lat' dir='ltr'>non</span> 
     </span>
     <span class='ocr_line' id='line_1_40' title="bbox 250 3298 2514 3364; baseline -0.002 -17"><span class='ocrx_word' id='word_1_484' title='bbox 250 3302 484 3364; x_wconf 88' lang='lat' dir='ltr'>aptissime</span> <span class='ocrx_word' id='word_1_485' title='bbox 519 3303 768 3356; x_wconf 85' lang='lat' dir='ltr'>traditum,</span> <span class='ocrx_word' id='word_1_486' title='bbox 795 3312 839 3348; x_wconf 93' lang='lat' dir='ltr'>et</span> <span class='ocrx_word' id='word_1_487' title='bbox 875 3303 1127 3349; x_wconf 83' lang='lat' dir='ltr'>catholicae</span> <span class='ocrx_word' id='word_1_488' title='bbox 1159 3304 1377 3350; x_wconf 88' lang='lat' dir='ltr'>ecclesiae</span> <span class='ocrx_word' id='word_1_489' title='bbox 1412 3300 1687 3351; x_wconf 87' lang='lat' dir='ltr'>consonum.</span> <span class='ocrx_word' id='word_1_490' title='bbox 1725 3306 1782 3350; x_wconf 89' lang='lat' dir='ltr'>Et</span> <span class='ocrx_word' id='word_1_491' title='bbox 1806 3313 1898 3350; x_wconf 87' lang='lat' dir='ltr'>tres</span> <span class='ocrx_word' id='word_1_492' title='bbox 1923 3300 2244 3349; x_wconf 86' lang='lat' dir='ltr'>huiuscemodi</span> <span class='ocrx_word' id='word_1_493' title='bbox 2268 3298 2514 3360; x_wconf 78' lang='lat' dir='ltr'>expositio-</span> 
     </span>
     <span class='ocr_line' id='line_1_41' title="bbox 251 3375 2515 3428; baseline -0.003 -4"><span class='ocrx_word' id='word_1_494' title='bbox 251 3394 334 3426; x_wconf 85' lang='lat' dir='ltr'>nes</span> <span class='ocrx_word' id='word_1_495' title='bbox 367 3387 473 3425; x_wconf 86' lang='lat' dir='ltr'>ante</span> <span class='ocrx_word' id='word_1_496' title='bbox 505 3395 580 3426; x_wconf 88' lang='lat' dir='ltr'>me</span> <span class='ocrx_word' id='word_1_497' title='bbox 613 3388 856 3426; x_wconf 84' lang='lat' dir='ltr'>notaverat</span> <span class='ocrx_word' id='word_1_498' title='bbox 889 3381 1184 3426; x_wconf 84' lang='lat' dir='ltr'>doctissimus</span> <span class='ocrx_word' id='word_1_499' title='bbox 1219 3380 1413 3428; x_wconf 88' lang='lat' dir='ltr'>lacobus</span> <span class='ocrx_word' id='word_1_500' title='bbox 1449 3382 1724 3428; x_wconf 90' lang='lat' dir='ltr'>Sirmondus</span> <span class='ocrx_word' id='word_1_501' title='bbox 1762 3382 1809 3428; x_wconf 91' lang='lat' dir='ltr'>in</span> <span class='ocrx_word' id='word_1_502' title='bbox 1849 3382 1970 3427; x_wconf 91' lang='lat' dir='ltr'>notis</span> <span class='ocrx_word' id='word_1_503' title='bbox 2004 3380 2062 3426; x_wconf 90' lang='lat' dir='ltr'>ad</span> <span class='ocrx_word' id='word_1_504' title='bbox 2095 3376 2368 3425; x_wconf 87' lang='lat' dir='ltr'>Facundum</span> <span class='ocrx_word' id='word_1_505' title='bbox 2407 3375 2515 3420; x_wconf 86' lang='lat' dir='ltr'>her-</span> 
     </span>
     <span class='ocr_line' id='line_1_42' title="bbox 249 3456 1239 3522; baseline 0.004 -21"><span class='ocrx_word' id='word_1_506' title='bbox 249 3456 551 3502; x_wconf 86' lang='lat' dir='ltr'>mianensem.</span> <span class='ocrx_word' id='word_1_507' title='bbox 1223 3499 1239 3522; x_wconf 57' lang='lat'>0</span> 
     </span>
    </p>

    <p class='ocr_par' dir='ltr' id='par_1_4' title="bbox 251 3528 2515 3674">
     <span class='ocr_line' id='line_1_43' title="bbox 379 3528 2515 3598; baseline -0.003 -20"><span class='ocrx_word' id='word_1_508' title='bbox 379 3532 660 3580; x_wconf 83' lang='lat' dir='ltr'>Dubitarunt</span> <span class='ocrx_word' id='word_1_509' title='bbox 693 3549 806 3596; x_wconf 85' lang='lat' dir='ltr'>ergo</span> <span class='ocrx_word' id='word_1_510' title='bbox 838 3543 991 3597; x_wconf 85' lang='lat' dir='ltr'>patres</span> <span class='ocrx_word' id='word_1_511' title='bbox 1024 3533 1084 3580; x_wconf 91' lang='lat' dir='ltr'>de</span> <span class='ocrx_word' id='word_1_512' title='bbox 1117 3534 1228 3588; x_wconf 89' lang='lat' dir='ltr'>hac,</span> <span class='ocrx_word' id='word_1_513' title='bbox 1262 3535 1392 3596; x_wconf 89' lang='lat' dir='ltr'>quod</span> <span class='ocrx_word' id='word_1_514' title='bbox 1427 3537 1473 3580; x_wconf 91' lang='lat' dir='ltr'>in</span> <span class='ocrx_word' id='word_1_515' title='bbox 1510 3551 1563 3582; x_wconf 91' lang='lat' dir='ltr'>ea</span> <span class='ocrx_word' id='word_1_516' title='bbox 1596 3537 1914 3598; x_wconf 87' lang='lat' dir='ltr'>reperirentur</span> <span class='ocrx_word' id='word_1_517' title='bbox 1947 3533 2201 3585; x_wconf 86' lang='lat' dir='ltr'>nonnulla,</span> <span class='ocrx_word' id='word_1_518' title='bbox 2229 3546 2348 3592; x_wconf 86' lang='lat' dir='ltr'>quae</span> <span class='ocrx_word' id='word_1_519' title='bbox 2381 3528 2515 3574; x_wconf 90' lang='lat' dir='ltr'>scho-</span> 
     </span>
     <span class='ocr_line' id='line_1_44' title="bbox 251 3607 2513 3674; baseline -0.001 -22"><span class='ocrx_word' id='word_1_520' title='bbox 251 3607 345 3654; x_wconf 87' lang='lat' dir='ltr'>lam</span> <span class='ocrx_word' id='word_1_521' title='bbox 374 3610 683 3672; x_wconf 86' lang='lat' dir='ltr'>Apollinaris,</span> <span class='ocrx_word' id='word_1_522' title='bbox 711 3619 758 3658; x_wconf 90' lang='lat' dir='ltr'>et</span> <span class='ocrx_word' id='word_1_523' title='bbox 782 3611 1049 3674; x_wconf 83' lang='lat' dir='ltr'>Eutychetis</span> <span class='ocrx_word' id='word_1_524' title='bbox 1076 3611 1273 3658; x_wconf 89' lang='lat' dir='ltr'>olerent.</span> <span class='ocrx_word' id='word_1_525' title='bbox 1311 3612 1512 3658; x_wconf 86' lang='lat' dir='ltr'>Certum·</span> <span class='ocrx_word' id='word_1_526' title='bbox 1534 3621 1603 3658; x_wconf 90' lang='lat' dir='ltr'>est</span> <span class='ocrx_word' id='word_1_527' title='bbox 1633 3610 1884 3658; x_wconf 89' lang='lat' dir='ltr'>dubitasse.</span> <span class='ocrx_word' id='word_1_528' title='bbox 1916 3613 2245 3658; x_wconf 85' lang='lat' dir='ltr'>Verumtamen</span> <span class='ocrx_word' id='word_1_529' title='bbox 2281 3616 2330 3652; x_wconf 92' lang='lat' dir='ltr'>ut</span> <span class='ocrx_word' id='word_1_530' title='bbox 2355 3621 2410 3652; x_wconf 77' lang='lat' dir='ltr'>ex</span> <span class='ocrx_word' id='word_1_531' title='bbox 2434 3619 2513 3650; x_wconf 89' lang='lat' dir='ltr'>eo-</span> 
     </span>
    </p>
   </div>
   <div class='ocr_carea' id='block_1_3' title="bbox 247 3721 2509 3906">
    <p class='ocr_par' dir='ltr' id='par_1_5' title="bbox 247 3721 2509 3906">
     <span class='ocr_line' id='line_1_45' title="bbox 337 3721 2509 3797; baseline -0.003 -24"><span class='ocrx_word' id='word_1_532' title='bbox 337 3739 386 3780; x_wconf 85' lang='lat'>(1)</span> <span class='ocrx_word' id='word_1_533' title='bbox 410 3737 542 3775; x_wconf 86' lang='lat' dir='ltr'>Latine</span> <span class='ocrx_word' id='word_1_534' title='bbox 573 3738 725 3797; x_wconf 74' lang='lat' dir='ltr'>quidem</span> <span class='ocrx_word' id='word_1_535' title='bbox 755 3739 795 3776; x_wconf 90' lang='lat' dir='ltr'>in</span> <span class='ocrx_word' id='word_1_536' title='bbox 824 3738 1048 3777; x_wconf 85' lang='lat' dir='ltr'>bibliotheca</span> <span class='ocrx_word' id='word_1_537' title='bbox 1080 3738 1239 3786; x_wconf 84' lang='lat' dir='ltr'>lugdun.</span> <span class='ocrx_word' id='word_1_538' title='bbox 1266 3741 1338 3776; x_wconf 90' lang='grc' dir='ltr'>ΡΡ.</span> <span class='ocrx_word' id='word_1_539' title='bbox 1365 3740 1407 3776; x_wconf 89' lang='lat' dir='ltr'>T.</span> <span class='ocrx_word' id='word_1_540' title='bbox 1441 3741 1549 3777; x_wconf 81' lang='lat' dir='ltr'>XIX.</span> <span class='ocrx_word' id='word_1_541' title='bbox 1577 3752 1613 3788; x_wconf 93' lang='lat' dir='ltr'>p.</span> <span class='ocrx_word' id='word_1_542' title='bbox 1644 3745 1725 3777; x_wconf 88' lang='lat'>187.</span> <span class='ocrx_word' id='word_1_543' title='bbox 1755 3738 1894 3779; x_wconf 80' lang='lat' dir='ltr'>Graece</span> <span class='ocrx_word' id='word_1_544' title='bbox 1924 3739 2028 3778; x_wconf 80' lang='lat' dir='ltr'>dabit</span> <span class='ocrx_word' id='word_1_545' title='bbox 2058 3750 2142 3776; x_wconf 89' lang='lat' dir='ltr'>mox</span> <span class='ocrx_word' id='word_1_546' title='bbox 2170 3736 2332 3775; x_wconf 84' lang='lat' dir='ltr'>Allatius</span> <span class='ocrx_word' id='word_1_547' title='bbox 2364 3744 2400 3781; x_wconf 91' lang='lat' dir='ltr'>p.</span> <span class='ocrx_word' id='word_1_548' title='bbox 2424 3721 2509 3769; x_wconf 75' lang='lat' dir='ltr'>&#39;tl2.</span> 
     </span>
     <span class='ocr_line' id='line_1_46' title="bbox 252 3791 2508 3845; baseline -0.002 -15"><span class='ocrx_word' id='word_1_549' title='bbox 252 3795 437 3842; x_wconf 83' lang='lat' dir='ltr'>Zygabeni</span> <span class='ocrx_word' id='word_1_550' title='bbox 461 3797 748 3845; x_wconf 85' lang='lat' dir='ltr'>disputationem</span> <span class='ocrx_word' id='word_1_551' title='bbox 772 3810 859 3836; x_wconf 90' lang='lat' dir='ltr'>cum</span> <span class='ocrx_word' id='word_1_552' title='bbox 883 3799 1066 3837; x_wconf 86' lang='lat' dir='ltr'>Saraceno</span> <span class='ocrx_word' id='word_1_553' title='bbox 1092 3799 1205 3837; x_wconf 81' lang='lat' dir='ltr'>habes</span> <span class='ocrx_word' id='word_1_554' title='bbox 1230 3799 1269 3836; x_wconf 94' lang='lat' dir='ltr'>in</span> <span class='ocrx_word' id='word_1_555' title='bbox 1297 3800 1365 3837; x_wconf 85' lang='lat' dir='ltr'>hac</span> <span class='ocrx_word' id='word_1_556' title='bbox 1389 3806 1519 3838; x_wconf 86' lang='lat' dir='ltr'>nostra</span> <span class='ocrx_word' id='word_1_557' title='bbox 1545 3801 1615 3838; x_wconf 90' lang='grc' dir='ltr'>ΡΡ.</span> <span class='ocrx_word' id='word_1_558' title='bbox 1642 3799 1866 3838; x_wconf 85' lang='lat' dir='ltr'>bibliotheca</span> <span class='ocrx_word' id='word_1_559' title='bbox 1890 3801 1933 3838; x_wconf 91' lang='lat' dir='ltr'>T.</span> <span class='ocrx_word' id='word_1_560' title='bbox 1957 3801 2019 3837; x_wconf 86' lang='lat' dir='ltr'>IV.</span> <span class='ocrx_word' id='word_1_561' title='bbox 2047 3800 2146 3836; x_wconf 82' lang='lat' dir='ltr'>Nova</span> <span class='ocrx_word' id='word_1_562' title='bbox 2172 3802 2208 3834; x_wconf 87' lang='lat' dir='ltr'>et</span> <span class='ocrx_word' id='word_1_563' title='bbox 2223 3794 2410 3842; x_wconf 78' lang='lat' dir='ltr'>‚ampliora</span> <span class='ocrx_word' id='word_1_564' title='bbox 2437 3791 2508 3828; x_wconf 80' lang='lat' dir='ltr'>alia</span> 
     </span>
     <span class='ocr_line' id='line_1_47' title="bbox 247 3853 1072 3906; baseline 0.007 -16"><span class='ocrx_word' id='word_1_565' title='bbox 247 3853 416 3892; x_wconf 74' lang='lat' dir='ltr'>eiusdem</span> <span class='ocrx_word' id='word_1_566' title='bbox 441 3856 578 3904; x_wconf 80' lang='lat' dir='ltr'>‘scripta</span> <span class='ocrx_word' id='word_1_567' title='bbox 603 3857 708 3904; x_wconf 86' lang='lat' dir='ltr'>prelo</span> <span class='ocrx_word' id='word_1_568' title='bbox 734 3868 920 3906; x_wconf 86' lang='lat' dir='ltr'>paramus.</span> <span class='ocrx_word' id='word_1_569' title='bbox 947 3862 992 3896; x_wconf 87' lang='lat' dir='ltr'>A.</span> <span class='ocrx_word' id='word_1_570' title='bbox 1020 3861 1072 3896; x_wconf 92' lang='grc' dir='ltr'>Μ.</span> 
     </span>
    </p>
   </div>
  </div>
 </body>
</html>
