2970 4420
427 282 493 328 64
1377 274 1540 330 moins
1559 297 1737 329 Αιιᾼτιι

562 381 736 430 XLVII.
773 380 1015 431 Philonem
1048 394 1292 447 tyanaeum
1328 381 1389 428 de
1423 383 1556 430 lineis
1591 383 1759 445 genitis
1793 399 1849 430 ex
1881 385 2194 449 implicatione
2226 376 2597 442 πλη-κτοειὸὤν,
2632 398 2678 437 et

434 457 629 505 aliarum
653 460 769 505 varii
792 461 973 523 generis
993 460 1344 523 superficierum
1366 459 1623 521 scripsisse,
1650 461 1858 522 Pappum
1882 462 2057 510 referre
2083 465 2298 511 nonnulli
2321 474 2545 512 asserunt.
2586 467 2680 528 Ego

434 536 575 598 Pappi
609 535 764 583 locum
800 537 1010 583 nondum
1043 537 1139 583 vidi
1175 537 1256 599 (1).

561 614 756 660 XLVIII.
795 614 928 660 Philo
953 614 1238 660 academicus
1259 611 1547 659 Clitomacho
1570 628 1761 676 operam
1787 614 1961 661 multos
1985 631 2130 664 annos
2154 617 2300 664 dedit.
2328 618 2452 680 Sylla
2474 627 2519 665 et
2542 621 2680 665 Pom-

431 691 537 752 peio
571 706 688 737 coss.
718 690 977 737 academiae
1011 691 1224 752 princeps
1258 689 1573 736 mithridatico
1608 690 1738 763 bello
1771 691 1915 738 domo
1947 693 2180 767 profugit,
2213 697 2500 757 Romamque
2526 697 2675 750 venit,

431 766 513 813 ubi
546 768 593 813 in
629 776 850 830 perpetua
884 767 1253 829 peregrinatione
1289 775 1480 812 aetatem
1514 782 1644 813 suam
1684 768 1992 831 philosophus
2026 755 2339 818 nobilissimus
2372 774 2674 834 consumpsit.

431 844 577 891 Semel
613 845 785 906 quippe
817 859 1057 905 egressuS,
1096 858 1353 904 numquam
1387 842 1515 890 domi
1550 859 1761 891 reversus
1793 853 1895 900 est,
1931 820 2328 918 quemadmodum
2365 851 2676 901 Xenocrates,

433 922 648 975 Crantor,
676 921 924 973 Arcesilas,
946 920 1173 981 Lacydes,
1200 920 1492 975 Aristoteles,
1520 921 1884 984 Theophrastus,
1907 924 2054 977 Zeno,
2081 924 2344 978 Cleanthes,
2370 925 2683 987 Chrysippus,

430 1000 695 1060 Antipater,
723 998 1002 1051 Carneades,
1041 998 1305 1050 Panaetius,
1336 997 1672 1061 Clitomachus,
1703 999 1985 1054 AntiochuS‚
2013 1001 2333 1055 Possidonius,
2364 999 2680 1048 innumerabi-

408 1075 590 1137 lesque
626 1075 719 1120 alii.
756 1077 930 1120 Romae
964 1089 1071 1119 eum
1104 1074 1280 1120 Tullius
1312 1073 1580 1136 frequenter
1612 1076 1784 1129 audiit,
1815 1084 1964 1122 totum
1991 1077 2142 1123 illi-se
2178 1078 2386 1130 tradens,
2416 1076 2679 1124 admirabili

431 1152 637 1213 quodam
664 1150 722 1196 ad
746 1149 1091 1212 philosophiam
1117 1150 1272 1197 studio
1298 1152 1578 1206 concitatus,
1606 1167 1631 1198 a
1660 1168 1757 1214 quo
1779 1167 1875 1198 non
1902 1153 2080 1207 minus,
2108 1169 2248 1215 quam
2274 1169 2300 1200 a
2328 1154 2560 1210 Diodoro,
2585 1154 2679 1199 An-

431 1229 613 1282 tiocho,
644 1227 1007 1288 Possidonioque
1040 1228 1276 1274 institutus
1311 1228 1415 1275 fuit.
1452 1230 1648 1276 Maxime
1681 1231 1729 1275 in
1764 1229 1997 1276 academia
2029 1230 2213 1284 floruit,
2242 1232 2315 1277 cui
2347 1231 2542 1277 Philone
2572 1232 2680 1277 vivo

430 1307 619 1352 minime
646 1304 793 1351 defuit
811 1305 1155 1367 patrocinium,
1183 1307 1521 1369 insectatusque
1549 1316 1615 1353 est
1650 1322 1932 1369 magnopere
1955 1308 2220 1370 Epicureos.
2242 1310 2398 1368 'Ferre
2422 1288 2548 1354 enim
2585 1322 2679 1354 non
2750 1313 2752 1315 ’

430 1389 611 1446 poterat
642 1383 918 1444 Epicureos,
947 1382 1113 1428 molles
1146 1398 1198 1429 ac
1220 1382 1437 1430 delicatas
1463 1384 1723 1446 voluptates
1760 1385 2012 1446 aspernari.
2050 1386 2231 1448 Quippe
2255 1387 2335 1448 qui
2370 1400 2549 1431 summa
2580 1399 2680 1430 me-

430 1460 576 1506 moria
610 1457 949 1521 pronunciabat
984 1459 1207 1521 plurimas
1240 1461 1425 1522 Epicuri
1460 1462 1709 1507 sententias
1739 1461 1811 1507 his
1844 1463 1954 1523 ipsis
1987 1461 2168 1516 verbis,
2205 1459 2375 1524 quibus
2408 1470 2540 1508 erant
2569 1461 2681 1521 scri-

420 1545 560 1598 ptae:
588 1536 909 1583 et.Metrodori
939 1537 1127 1598 Epicuri
1163 1538 1412 1600 sapientiae
1444 1538 1650 1599 collegae
1674 1538 1820 1585 multa
1848 1538 2194 1600 impudentiora
2216 1538 2452 1586 recitabat.
2489 1539 2598 1585 Eius
2618 1539 2681 1584 in-

429 1615 641 1659 stitutum
675 1622 800 1667 erat,
838 1614 930 1660 alio
971 1622 1183 1676 tempore
1221 1615 1464 1661 rhetorum
1501 1623 1744 1677 praecepta
1781 1615 1995 1669 tradere,
2034 1615 2126 1662 alio
2164 1616 2584 1678 philosophorum:
2622 1613 2682 1662 ad

429 1706 570 1752 quam
606 1690 988 1738 consuetudinem
1019 1692 1158 1738 etiam
1192 1692 1353 1738 Cicero
1387 1708 1412 1738 a
1444 1691 1748 1738 familiaribus
1783 1691 2033 1747 adductus,
2065 1694 2112 1739 in
2146 1693 2403 1740 Tusculano
2434 1692 2563 1755 quod
2598 1692 2682 1738 da-

427 1761 566 1816 batur
592 1770 816 1831 temporis
843 1769 1160 1817 consumebat.
1197 1770 1367 1817 Multos
1390 1785 1552 1816 versus
1585 1769 1866 1821 admiscebat
1888 1772 2110 1825 orationi,
2139 1772 2384 1834 proprium
2407 1766 2677 1823 numerum,

429 1855 474 1892 et
507 1846 622 1892 lecta
657 1851 897 1908 poemata,
931 1855 977 1892 et
1011 1847 1431 1908 loco‘adiungens,
1461 1847 1595 1893 aliter
1618 1862 1670 1893 ac
1693 1848 1941 1908 Dionysius
1973 1848 2166 1902 stoicus,
2194 1849 2275 1909 qui
2307 1847 2440 1894 nullo
2470 1847 2676 1900 delectu,

430 1923 649 1985 nullaque
672 1923 896 1985 elegantia
921 1923 1140 1970 dictabat.
1169 1925 1338 1972 Contra
1363 1941 1470 1971 eum
1494 1924 1750 1971 Antiochus
1774 1925 2052 1987 discipulus,
2081 1926 2212 1972 aliter
2236 1910 2305 1972 de¹
2321 1925 2552 1972 academia
2575 1939 2681 1970 sen-

429 2002 545 2046 tiens
567 2037 578 2055 ,
611 2001 758 2047 multa
793 1999 993 2047 scribere
1028 1999 1160 2046 libris
1195 2002 1329 2047 editis
1362 2003 1667 2059 nonbveritus
1700 2010 1784 2048 est.
1823 2002 1982 2049 Cicero
2015 2002 2063 2049 in
2096 2003 2240 2048 Bruto
2275 2003 2362 2056 89,
2399 2001 2458 2047 de
2496 2000 2690 2048 oratore*

429 2077 512 2124 lib.
541 2079 620 2124 11⁴1.
650 2079 737 2131 28,
767 2078 972 2124 academ.
1001 2087 1179 2140 quaest.
1209 2078 1293 2124 lib.
1322 2081 1379 2125 ll.
1403 2081 1455 2125 ’6.
1484 2087 1530 2125 et
1554 2080 1628 2125 lV.
1658 2080 1711 2132 lt,
1739 2078 1798 2125 de
1823 2087 1988 2126 natura
2019 2079 2216 2126 deorum
2238 2078 2385 2126 lib..1.
2415 2079 2466 2131 3,
2494 2078 2678 2124 Tuscul.

428 2163 606 2216 quaest.
635 2153 720 2200 lib.
748 2156 807 2200 ΙΙ.
842 2156 916 2200 10.
945 2164 990 2201 et
1013 2157 1067 2201 V.
1098 2157 1176 2202 37.
1214 2157 1280 2202 De
1313 2156 1411 2202 eius
1437 2155 1648 2202 doctrina
1681 2155 1788 2202 vide
1815 2156 2000 2202 Sextum
2032 2142 2306 2218 empiric'um
2338 2155 2566 2218 pyrrhon.
2595 2154 2684 2217 hy-

437 2241 599 2293 potyp.
629 2230 713 2277 lib.
743 2233 779 2276 1.
808 2247 910 2293 cap.
941 2233 1025 2285 33,
1054 2231 1139 2277 lib.
1167 2233 1224 2278 ΙΙ.
1254 2248 1354 2294 cap.
1388 2234 1472 2286 11,
1500 2232 1721 2278 adversus
1750 2233 1929 2294 logicos
1952 2231 2036 2279 lib.
2066 2234 2123 2279 ΙΙ.
2158 2234 2264 2279 113.
2293 2248 2388 2294 seq.
2417 2235 2554 2280 Hunc
2578 2234 2683 2281 Phi-

437 2308 596 2355 lonem
629 2309 823 2354 Romani
858 2324 995 2370 supra
1031 2317 1208 2355 ceteros
1233 2308 1502 2355 Clitomachi
1519 2309 1766 2363 'alumnOS,
1793 2318 1840 2355 et
1871 2309 1934 2355 ob
1967 2309 2152 2356 dicendi
2176 2310 2440 2356 facultatem
2470 2310 2683 2359 admirati

441 2394 572 2439 sunt,
601 2394 646 2431 et
679 2385 940 2432 dilexerunt
963 2385 1027 2431 ob
1054 2399 1238 2432 morum
1263 2387 1549 2432 suavitatem.
1587 2386 1859 2432 Plutarchus
1892 2387 1940 2431 in
1975 2387 2191 2433 Cicerone
2224 2402 2325 2449 cap.
2356 2389 2411 2439 3.
2449 2377 2588 2432 dna>
2592 2388 2685 2432 λα-

440 2463 554 2538 γεὶς
595 2461 647 2516 δὲ
681 2465 778 2519 τ’ὤτ
817 2464 862 2519 ἐν
894 2487 1035 2518 παισι
1078 2462 1357 2538 διατριβων
1391 2468 1621 2526 Φίλωνος
1657 2462 1837 2522 ἤκουσε
1868 2487 1958 2518 του
1968 2465 2062 2560 ἐξ
2094 2463 2471 2537 ἀκαδημίας,
2444 2490 2494 2522 ον
2523 2466 2682 2538 μα’λι-

445 2565 538 2595 στα
568 2541 818 2611 Ῥωμαιοι
852 2565 946 2596 των
979 2540 1350 2612 Κλειτομάχου
1388 2540 1642 2604 συνήθων,
1672 2564 1752 2595 και
1795 2537 1885 2594 δια
1919 2565 2003 2597 τον
2040 2541 2207 2615 λόγον
2245 2540 2563 2614 ἐθαύμασαν,
2595 2567 2678 2599 και

446 2615 532 2671 διὰ
559 2616 644 2672 τὸν
671 2617 852 2692 τρόπον
880 2617 1162 2691 nynia-mav-
1199 2628 1311 2674 Vide
1344 2629 1487 2690 paulo
1519 2628 1711 2674 inferius
1735 2629 1950 2675 Antiochi
1974 2645 2080 2675 cum
2103 2629 2294 2675 Philone
2319 2632 2680 2678 contentionem.

444 2706 725 2766 Augustinus
750 2705 833 2750 lib.
863 2707 943 2750 ΙΙΙ.
971 2707 1050 2750 41.
1078 2714 1237 2751 contra
1262 2706 1561 2752 academicos.
1593 2692 1757 2769 J'gitur
1772 2704 2062 2756 Antiochus,
2091 2717 2143 2751 ut
2169 2706 2470 2752 institueram
2501 2707 2679 2758 dicere,

444 2782 626 2828 auditis
657 2781 856 2828 Philone
889 2781 1185 2833 academico,
1215 2793 1260 2827 et
1288 2781 1567 2828 Mnesarcho
1600 2782 1846 2856 stoz'co,rz‘n
1880 2782 2183 2846 academiam
2209 2794 2405 2829 veterem
2432 2783 2574 2846 quasi
2603 2800 2685 2831 να-

382 2860 394 2875 *
445 2876 586 2905 cuam
622 2859 967 2921 defensoribus,
1003 2871 1047 2905 et
1079 2859 1219 2922 quasi
1251 2860 1382 2905 nullo
1413 2857 1543 2905 hoste
1572 2868 1815 2910 securam,
1851 2859 1996 2907 veluti
2027 2859 2222 2905 adiutor
2252 2860 2367 2906 civis
2401 2861 2679 2926 irrepserat,

446 2937 599 2982 nescio
635 2937 754 2999 quid
788 2937 995 2999 inserens
1026 2937 1148 2983 mali
1177 2938 1234 2982 de
1266 2937 1532 2984 Stoicorum
1566 2937 1804 2983 cineribus
1823 2975 1834 2988 ,
1870 2937 1999 2999 quod
2030 2937 2246 2983 Platonis
2279 2937 2432 3000 adyta
2467 2929 2681 2985 az‘olaret.

446 3014 540 3059 Sed
572 3013 684 3059 huic
717 3015 923 3078 arreptis
956 3014 1127 3060 ilerum
1163 3015 1260 3061 illis
1297 3015 1448 3061 armis
1481 3027 1526 3060 et
1557 3013 1730 3060 Philon
1763 3014 1939 3060 restitit
1973 3014 2118 3059 donec
2139 3026 2421 3065 moreretur,
2451 3027 2496 3060 et
2528 3032 2688 3061 omnes

446 3091 546 3136 eius
569 3091 797 3154 reliquias
823 3091 1000 3137 Tullius
1026 3104 1184 3137 noster
1210 3087 1459 3157 oppressit,
1489 3109 1537 3138 se
1561 3091 1660 3139 vivo
1689 3091 1944 3154 impatiens
1963 3091 2256 3152 labefactari
2274 3091 2346 3138 vel
2365 3091 2691 3137 contaminari

447 3168 682 3230 quidquid
712 3169 982 3215 amavisset.
1017 3169 1161 3215 Iulius
1194 3170 1476 3216 Castellanus
1509 3170 1682 3232 disput.
1716 3169 1936 3216 'adversus
1969 3169 2201 3214 Ciceronis
2234 3167 2514 3214 academicas
2545 3183 2687 3230 quae-

446 3245 613 3290 stiones
648 3261 747 3306 cap.
784 3247 825 3291 1.
854 3245 913 3291 de
947 3246 1206 3292 academiis.
1242 3246 1448 3301 Quintae
1477 3257 1694 3291 auctores.
1725 3244 2080 3297 animadvertm
2110 3244 2154 3289 si
2184 3256 2344 3290 tamen
2377 3260 2408 3289 a
2445 3245 2688 3290 Carneade
2718 3259 2735 3266 ··

448 3319 787 3367 Clitomachum
812 3321 912 3367 eius
945 3322 1199 3385 collegam,
1228 3334 1275 3367 et
1299 3338 1331 3368 a
1363 3321 1561 3368 Philone
1592 3320 1900 3367 Charmidam
1922 3335 2147 3383 separare
2179 3319 2395 3377 volueris.
2435 3321 2564 3374 Quas
2582 3321 2688 3383 'qui-

446 3396 551 3440 dem
576 3396 757 3443 scholas
792 3398 942 3444 miror
972 3414 1003 3443 a
1041 3398 1255 3445 Cicerone
1275 3399 1436 3462 fuisse
1461 3398 1844 3462 praetermissas,
1872 3413 1979 3443 cum
2011 3395 2185 3442 harum
2210 3412 2349 3459 saepe
2371 3396 2687 3443 nominaverit

531 3564 578 3604 (1)
603 3563 699 3598 Ante
723 3573 832 3609 quam
858 3564 903 3600 ab
927 3565 985 3601 his
1012 3566 1235 3603 mechanicis
1259 3566 1602 3613 mathematicisque
1626 3565 1672 3602 ab
1697 3565 1837 3603 Allatio
1861 3564 2063 3601 nominatis
2087 3561 2272 3600 discedam
2287 3589 2296 3607 ‚
2323 3562 2530 3609 philologos
2554 3562 2686 3608 orabo,

448 3626 490 3659 ut
514 3619 672 3657 duorum
698 3621 1016 3668 palimpsestorum
1049 3626 1306 3671 meminerint,
1334 3625 1619 3662 mediolanensis
1648 3625 1772 3672 vgraeei
1802 3624 1868 3663 uhi
1898 3632 2103 3671 anonymus
2133 3621 2390 3665 mechanicus,
2417 3626 2453 3658 et
2476 3623 2687 3666 veronensis

447 3679 555 3716 latini
578 3679 643 3716 ubi
668 3690 872 3728 anonymus
896 3683 1201 3730 mathematicus,
1191 3698 1199 3706 ·
1227 3695 1387 3732 quorum
1411 3684 1542 3732 prioris
1565 3685 1752 3732 specimen
1776 3695 1843 3732 ego
1866 3682 2013 3730 vulgavi
2037 3692 2121 3719 cum
2147 3681 2322 3728 Ulphilae
2354 3681 2520 3728 partibus
2544 3681 2686 3719 Medio-

448 3738 523 3774 lani
550 3748 610 3774 an.
631 3742 744 3783 1819,
770 3740 977 3785 posterioris
1002 3748 1124 3778 autem
1149 3744 1319 3780 notitiam
1337 3755 1424 3781 cum
1447 3744 1518 3782 levi
1542 3749 1653 3791 gustu
1675 3744 1715 3780 in
1741 3741 1965 3791 praefatione
1988 3739 2035 3777 ad
2055 3741 2130 3777 Cic.
2150 3739 2195 3777 de
2219 3751 2295 3788 rep.
2317 3741 2494 3785 Utinam,
2515 3741 2687 3788 inquam,

449 3796 626 3844 philologi
650 3796 708 3834 his
733 3797 977 3845 palimpsestis
1001 3799 1127 3837 oeulos
1152 3801 1367 3847 intendant,
1394 3807 1431 3841 et
1454 3803 1610 3840 maiores
1635 3802 1739 3840 illinc
1763 3806 1885 3876 partes
1909 3799 2131 3846 extundant,
2154 3805 2264 3848 atque
2290 3804 2483 3868 auctorum
2509 3798 2690 3846 denique,

448 3856 480 3893 si
505 3856 582 3894 fieri
606 3862 743 3905 potest,
769 3858 921 3895 nomina
945 3858 1187 3905 patefaciant!
1214 3864 1259 3899 A
1286 3864 1337 3899 Μ.
1893 3866 1896 3878 “
