2970 4420
1433 232 1448 251 l

451 263 542 312 184
709 306 717 309 ..
1388 277 1542 313 m-:oms
1575 262 1752 312 Arma

574 365 747 412 CXVII.
785 365 1003 428 Aequalis
1027 365 1274 413 Theodoro
1301 363 1562 411 Prodromo
1592 363 1680 413 fuit
1711 364 1829 411 alter
1857 365 2128 417 Theodorus
2161 368 2413 431 Styppiota*
2435 369 2706 431 grammati-

443 458 540 490 cus.
577 443 650 489 An
687 442 863 505 aliquid
895 444 1152 506 scripserit,
1177 444 1406 489 incertum
1434 441 1550 487 mihi
1573 449 1658 488 est.
1694 441 1933 504 Leguntur
1961 451 2113 491 tamen
2136 445 2184 491 in
2216 460 2324 492 eum
2353 446 2556 493 carmina
2579 447 2704 492 eius-

444 520 551 567 dem
584 519 846 567 Prodromi.

571 595 763 644 CXVIII.
801 597 1033 644 Theodori
1062 595 1435 658 chartophylacis
1469 603 1514 642 et
1538 595 1893 658 nomophylacis
1925 596 2145 644 ecclesiae
2173 598 2703 661 constantinopolitanae

442 675 614 737 legitur
637 674 861 737 pusillum
893 673 1146 719 admodum
1180 660 1602 735 ἀποσπασμοῖς-ιον
1633 662 1741 736 περὶ
1775 685 1863 724 ‘mc
1894 662 2429 738 τεσσαρακονθκμέρου
2461 662 2700 728 νκσἺείας.

443 754 514 799 De
547 749 964 815 quadragesimali
998 749 1192 796 i'elumo.
1231 743 1289 793 P
1317 740 1380 792 H
1411 737 1936 814 τεσσαρακονθνῖμερος
1970 741 2164 798 νκσΤεία
2193 763 2284 795 του
2314 740 2494 813 πάσχα
2528 765 2701 816 πρωτα

486 819 533 875 ὲν
566 842 664 893 παρ
674 816 804 872 εὸόθ

440 844 478 891 μ
570 895 722 941 CXIX.
760 842 1032 939 Tlileodorus
1067 892 1322 938 Scutariota
1356 891 1496 938 levita
1522 892 1787 954 cyzicenus,
1814 892 1863 938 in
1888 892 2018 938 cuius
2050 907 2240 947 manus,
2268 901 2373 955 post
2403 891 2584 940 obitum
2616 894 2703 941 Mi-

443 973 617 1020 chaelis
650 972 898 1018 Choniatae
933 969 1286 1017 Atheniensium
1324 968 1575 1031 praesulis,
1610 970 1795 1016 Nicetae
1828 959 2079 1016 Choniatae
2114 969 2360 1016 thesaurus
2395 970 2703 1018 orthodoxiae

441 1057 740 1113 pervenerat,
769 1048 972 1111 aliquam
995 1048 1043 1093 in
1066 1061 1123 1093 eo
1146 1044 1475 1100 exscribendo,
1503 1061 1610 1092 cum
1635 1045 1746 1092 dicti
1767 1046 2002 1093 Michaelis
2025 1047 2073 1093 in
2097 1047 2304 1093 Nicetam
2322 1046 2512 1094 fratrem
2535 1063 2703 1094 mono—

440 1127 516 1173 dia
541 1134 731 1189 operam
754 1123 1009 1187 impendit,
1036 1139 1238 1185 namque
1261 1123 1381 1170 duos
1402 1122 1596 1170 ultimos
1618 1122 1788 1178 libros,
1816 1132 1860 1169 et
1886 1122 2123 1170 Michaelis
2151 1123 2423 1171 monodiam
2452 1125 2552 1187 ipse
2575 1133 2704 1171 tran-

443 1205 652 1267 scripsit,
680 1211 732 1249 ut
763 1216 820 1248 ex
851 1201 1107 1264 appendice
1130 1201 1190 1247 ad
1223 1200 1426 1248 indicem
1459 1199 1569 1247 libri
1592 1201 1732 1247 XXV.
1760 1199 1947 1262 collegit
1971 1201 2133 1247 Petrus
2161 1200 2401 1247 Morellius
2428 1201 2476 1247 in
2506 1200 2703 1263 epistola

441 1283 501 1330 de
524 1284 616 1329 vita
641 1280 906 1327 Choniatae.
935 1279 1124 1342 Scripsit
1148 1279 1197 1324 in
1224 1277 1455 1341 quaedam
1474 1277 1578 1325 loca
1597 1279 1784 1340 Nicetae
1806 1277 2004 1330 scholia,
2031 1278 2081 1323 in
2103 1276 2275 1339 quibus
2298 1278 2367 1323 sui
2393 1292 2582 1339 quoque
2607 1278 2704 1323 exi-

383 1356 387 1358 ’
441 1359 491 1405 1ἰί
523 1360 571 1404 in
604 1357 721 1404 urbe
757 1358 1009 1419 Lampsaco
1042 1356 1253 1402 meminit
1285 1354 1369 1402 lib.
1397 1356 1474 1402 lv.
1514 1354 1926 1410 Quemadmodum
1962 1354 2062 1419 ipse
2096 1365 2199 1400 tum
2230 1352 2478 1417 perspexi,
2512 1369 2623 1408 cum
2653 1352 2704 1397 in

440 1436 611 1482 horum
646 1435 877 1481 librorum
907 1433 1154 1480 lectionem
1179 1433 1405 1496 frequens
1435 1432 1727 1484 incidissem,
1756 1449 1848 1495 quo
1880 1444 2089 1496 tempore
2119 1430 2253 1495 apud
2283 1429 2704 1493 hellespontiacum

441 1515 759 1578 Lampsacum
791 1511 1075 1562 exulabam,
1110 1511 1228 1574 quia
1260 1510 1439 1556 scilicet
1472 1511 1796 1575 apostolorum
1823 1500 2114 1573 patrumque
2140 1506 2487 1559 traditionibus
2511 1505 2705 1570 primas

441 1591 700 1652 deferrem,
731 1600 776 1635 et
806 1606 870 1634 ex
906 1588 1103 1635 illarum
1130 1599 1429 1652 praescripto
1462 1604 1535 1634 res
1559 1586 1903 1633 ecclesiasticas
1927 1586 2274 1651 componendas
2308 1596 2354 1634 et
2386 1582 2704 1631 restituendas

440 1685 535 1714 esse
568 1667 799 1718 dicerem,
831 1665 996 1729 potius
1030 1681 1176 1729 quam
1201 1681 1295 1730 pro
1327 1664 1598 1711 haereticae
1626 1663 1833 1710 ataxiae
1862 1680 1943 1710 seu
1976 1662 2272 1724 confusionis
2303 1660 2517 1708 li'ssbcdme
2555 1660 2704 1706 Huius

439 1754 604 1810 putant
628 1745 770 1806 aliqui
798 1745 1021 1806 scriptum
1047 1760 1169 1791 esse*
1197 1744 1255 1789 de
1283 1742 1383 1791 vita
1406 1742 1565 1789 saneti
1586 1740 1760 1792 Pauli,
1802 1731 1874 1793 εἷς
1901 1730 1988 1786 τὸν
2023 1734 2136 1796 βίον
2169 1752 2261 1784 του
2298 1730 2455 1803 ἁγίου
2484 1725 2703 1780 Παύλου

441 1813 537 1868 τοῦ
572 1811 877 1868 ἀποσὛόλου.
912 1815 969 1865 Ρ.
1003 1811 1216 1873 Παυλος
1249 1811 1273 1863 ὁ
1310 1810 1593 1871 ἀπόσΤολος
1628 1809 1840 1883 ἔβραιος
1869 1807 1961 1880 μὲν
1993 1831 2047 1866 nv
2081 1806 2139 1861 τὸ
2174 1804 2353 1882 γένος,
2386 1816 2494 1862 licet
2522 1813 2706 1860 codices

440 1902 686 1949 videantur
719 1899 1004 1983 praeseferre
1041 1884 1364 1961 Θεοδωρίτου
1400 1884 1787 1960 ΣκουὙαριώτου
1824 1885 1896 1946 εἷς
1928 1883 2013 1941 τὸν
2049 1889 2162 1951 βίον
2196 1907 2239 1938 κ.
2269 1904 2313 1936 τ.
2342 1891 2394 1936 λ.
2432 1888 2705 1938 The-odorici

441 1978 744 2023 Scutariotae
777 1977 835 2022 de
868 1975 967 2024 vita
999 1984 1088 2023 etc.

569 2055 704 2101 CXX.
740 2054 1013 2101 Theodorus
1035 2054 1264 2100 coetonita
1292 2052 1363 2116 (id
1386 2061 1456 2100 est
1480 2050 1816 2114 cubicularius)
1840 2060 1886 2098 et
1907 2049 2157 2114 imperialis
2181 2048 2413 2100 notarius,
2439 2060 2585 2107 nepos
2602 2059 2704 2094 me-

441 2132 690 2194 tropolitae
723 2130 1051 2179 Euchaitarum
1075 2130 1317 2184 IohanniS,
1344 2130 1528 2193 scripsit
1559 2129 1764 2191 officium
1798 2146 1848 2174 ιη
1869 2140 2106 2192 patruum
2135 2124 2416 2173 Iohannem.
2454 2116 2512 2166 P
2538 2108 2703 2165 ’Έὸὶι-

445 2201 543 2272 ξας
578 2222 629 2257 κν
668 2196 863 2271 ἕμελες.
899 2206 1103 2254 Canonis
1136 2205 1442 2253 acrostiRchzs
1482 2197 1506 2249 ὁ
1543 2219 1707 2260 «παις,
1744 2196 1769 2249 ὁ
1809 2193 2090 2258 δοῦλος,”
2066 2217 2091 2247 ο
2128 2190 2399 2270 προσήκων
2437 2211 2515 2244 σοι
2535 2184 2701 2243 τάδε

491 2277 591 2329 ,Ὃ
624 2273 1056 2349 πλαστουργνῖσας
1094 2274 1160 2328 ἐπ’
1197 2271 1391 2348 ἒᾛργοις
1425 2282 1696 2331 Habebatur
1726 2283 1776 2329 in
1807 2281 2092 2329 bibliotheca
2125 2279 2344 2343 palatina.
2590 2315 2592 2318 ,

571 2363 725 2409 CXXI.
763 2363 854 2408 His
869 2361 1033 2408 iisdem
1056 2360 1350 2424 temporibus
1374 2360 1561 2408 vivebat
1579 2358 1852 2408 Theodorus
1881 2359 2105 2422 scriptor,
2132 2358 2214 2419 qui
2240 2357 2360 2402 inter
2383 2354 2472 2400 alia
2493 2351 2702 2414 Gregorii

443 2455 631 2502 quoque
646 2440 919 2486 'nazianzeni
953 2439 1186 2485 orationes
1207 2438 1472 2502 exscripsit,
1497 2453 1618 2500 quae
1637 2446 1745 2485 sunt
1766 2438 1816 2483 in
1839 2438 2047 2484 vaticana
2069 2450 2200 2481 num.
2233 2434 2374 2480 1592.
2410 2429 2567 2478 Codici
2590 2426 2703 2480 suh-

445 2519 590 2564 iunxit
623 2518 841 2565 carmina.

907 2597 1144 2671 Θεωριῶν
1181 2595 1410 2664 αβυσσος
1448 2596 1506 2650 οὔ
1541 2595 1839 2669 κενουμένη,

907 2673 1092 2769 Λόγων
1128 2673 1506 2747 ἀνεξάντλκτος
1543 2672 1729 2729 ἐνθέων
1763 2672 1951 2747 χάρις,

910 2749 1015 2813 Οὓς
1050 2774 1316 2825 γρηγορος
1353 2751 1468 2813 νοὸς
1505 2749 1807 2825 ἔξετόξευσε
1843 2748 2042 2844 ποίλαι,

898 2824 1029 2881 Ὠὃε
1064 2828 1350 2903 πρόκεινται
1387 2829 1511 2883 πᾶσι
1549 2850 1750 2888 πιστοις
1789 2825 2015 2888 εἰκότως.

908 2910 1087 2962 Τοίνυν
1121 2904 1363 2980 τρυγάτω
1399 2906 1565 2960 ταῦτα
1598 2905 1695 2966 ποῗς
1725 2927 1803 2966 τις
1841 2902 2094 2974 ἐμπόνως,

908 2985 1003 3045 Ὣς
1038 2980 1099 3037 ἂν
1135 2982 1420 3056 γλυκανθῇ
1454 3005 1567 3037 νουν
1601 3004 1654 3037 τε
1690 3004 1774 3034 και
1812 3003 1900 3038 την
1935 2974 2165 3054 >caedi-ur

1166 3103 1168 3106 >
1437 3056 1632 3115 ’.Ἀλλο

912 3141 1072 3192 Θείων
1108 3136 1354 3211 οἷποῤῥωξ
1388 3134 1609 3206 χειλέων
1649 3139 1936 3207 Γρηγορίου

899 3212 996 3276 Ος
1030 3214 1210 3271 κλκσιν
1248 3213 1523 3271 ἐπλούτησε
1558 3211 1678 3273 τοὺς
1715 3215 1893 3273 θείους
1928 3209 2161 3302 λόγους,

910 3292 1179 3349 ’Eversio-&a
1214 3289 1401 3363 βλύζει
1439 3289 1522 3345 καὶ
1561 3285 1803 3381 κατάρδει
1839 3286 1931 3349 τοὶς
1969 3285 2171 3359 φρένας.

913 3366 1187 3441 Πρόσελθε
1224 3372 1387 3423 τοίνυν
1421 3391 1517 3429 πας
1551 3389 1658 3428 τις,
1695 3363 1925 3429 α’φθονον
1960 3362 2118 3437 χάριν

913 3445 1112 3512 Λαβειν
1115 3444 1387 3541 ἐπἐίγου,
1420 3443 1503 3498 καὶ
1543 3439 1836 3516 >tu-&ciffum
1876 3441 2088 3516 φρένας,

916 3521 1015 3576 Τὸν
1052 3521 1166 3578 νοῦν
1202 3521 1438 3595 ἐρευνων,
1473 3543 1558 3575 και
1597 3519 1826 3614 &emptam
1862 3518 2065 3585 βάθος,

918 3597 1019 3653 Και
1057 3622 1124 3670 μη
1161 3596 1431 3694 παρέργως
1464 3597 1585 3659 τοὺς
1621 3594 1823 3670 λόγους
1858 3590 2209 3666 παρατρέχων.

916 3672 1153 3731 Σπεόὸων
1189 3673 1320 3772 γὰρ
1334 3671 1463 3729 οὕτω
1501 3697 1584 3728 και
1624 3672 1856 3746 γραφεὺς
1891 3670 1985 3725 τοῦ
2018 3671 2236 3735 βιβλίου

917 3748 1093 3805 Ζέοντι
1131 3751 1213 3805 καὶ
1255 3752 1348 3826 νῷ,
1383 3750 1467 3805 καὶ
1505 3749 1676 3823 πόθῳ
1691 3753 1869 3809 θείους
1905 3743 2104 3816 λόγους

915 3825 1089 3879 Atia-ov
1124 3827 1312 3887 συνῆψε
1349 3827 1644 3900 προσφυῶς,
1675 3825 1801 3879 αλλ
1842 3825 1889 3879 ἐν
1926 3820 2065 3875 κόπω

1354 4011 1361 4037 l
