2970 4420
1249 236 1512 269 PRAEFATIO.
2482 244 2495 274 1
2500 243 2530 275 X

262 333 407 382 cavit.
429 330 612 379 Etenim
635 319 964 375 alexandrinae
986 322 1228 379 ecclesiae,
1247 332 1358 387 post
1378 323 1521 371 Marci
1543 322 1855 384 apostolatum
1869 358 1879 376 ‚
1901 339 1979 370 sex
2006 324 2151 372 ferme
2179 326 2366 375 fuerunt
2391 331 2539 393 splen-

265 411 453 458 didiora
478 408 680 455 lumina:
698 399 950 465 'Dionysius
971 401 1278 456 confessione,
1302 398 1561 453 laboribus,
1584 408 1629 446 et
1653 395 1837 462 scriptis
1861 400 2044 448 celeber
2067 402 2129 465 1):
2151 405 2312 451 Petrus
2335 408 2537 468 inclytus

267 499 449 551 martyr
472 487 539 549 2):
560 481 825 532 Alexander
848 481 946 527 Arii
971 481 1151 543 primus
1173 478 1438 526 debellator
1454 485 1506 534 ,et
1530 478 1580 524 in
1605 477 1800 526 nicaeno
1824 478 2024 524 concilio
2047 495 2195 542 prope
2220 483 2535 544 coryphaeus;

261 566 549 614 Athanasius
579 569 765 608 noster:
800 557 1111 620 Theophilus,
1149 565 1288 618 atque
1321 555 1522 618 Cyrillus
1545 552 1611 616 3).
1642 555 1769 600 Inter
1802 553 1889 600 hos
1922 563 2079 601 tamen
2115 558 2381 618 apostolicis
2415 571 2538 607 certe

273 641 558 695 virtutibus,
593 639 763 686 invicta
795 636 1015 699 patientia
1056 643 1104 682 et
1143 634 1428 687 constantia,
1464 639 1649 696 praeter
1685 631 2028 678 adamantinam
2069 632 2309 682 doctrinae
2342 638 2540 684 catholia

266 728 353 768 'cae
387 719 656 766 firmitatem
680 749 693 769 ,
741 714 958 776 princeps
998 709 1346 775 propemodum
1394 709 1674 756 Athanasius
1705 709 1910 755 emicans
1952 708 2161 773 implevit
2204 712 2389 759 meritis
2427 716 2539 761 solie

276 809 535 858 utramque
575 793 788 839 danum.
833 791 932 836 Hae
974 787 1246 850 ceteroquin
1289 787 1514 850 epistolae
1555 802 1651 833 non
1683 795 1780 832 tam
1813 784 2104 849 theologicae
2146 789 2399 853 pleraeque
2432 802 2541 839 sunt

272 888 420 936 quam
453 870 658 919 morales
690 884 744 915 ac
776 867 1045 931 populares.
1081 865 1376 926 Quamquam
1407 865 1532 910 enim
1556 876 1653 910 non
1685 864 1855 910 desunt
1886 864 2170 911 Arianorum
2190 901 2203 919 ,
2239 868 2543 915 Manichaeo-

268 965 376 998 rum
398 985 411 1005 ,
444 949 744 1012 'aliorumque
777 937 1119 993 haereticorum
1142 977 1155 996 ‚
1181 958 1274 989 seu
1314 943 1606 990 diversarum
1643 950 1872 988 sectarum
1894 976 1907 995 ,
1948 956 2113 1004 graves
2150 944 2539 1005 reprehensiones

270 1044 328 1076 >ac
361 1026 665 1075 refutationes
683 1059 696 1078 ,
732 1025 884 1071 maior
915 1019 1475 1070 tamen'adhortationum
1498 1036 1607 1083 pars
1629 1021 1678 1066 in
1708 1019 1928 1066 sanandis
1961 1020 2084 1066 vitiis
2104 1054 2116 1073 ,
2158 1019 2408 1079 suadendis
2441 1024 2539 1068 vir-

270 1105 453 1153 tutibus
475 1139 487 1159 ,
522 1100 830 1164 moribusque
863 1097 1124 1148 formandis
1155 1098 1478 1144 consumitur:
1513 1100 1635 1159 quae
1668 1106 1742 1144 res
1783 1097 1991 1159 loquenti
2031 1096 2310 1145 scribentive
2349 1099 2408 1145 ad
2449 1115 2541 1161 po*

271 1182 439 1247 pulum
471 1183 722 1245 praecipue
754 1177 961 1227 curanda
992 1183 1109 1223 erat.
1146 1176 1272 1236 Ergo
1308 1175 1480 1236 passim
1504 1174 1564 1220 ab
1588 1175 1840 1239 Athanasio
1863 1174 2122 1222 inculcatur
2147 1175 2399 1228 catholicae
2424 1177 2535 1223 fidei

268 1262 489 1308 tenacitas
510 1295 523 1313 ,
559 1273 796 1306 sacrarum
829 1256 1162 1318 scripturarum
1201 1251 1471 1305 meditatio,
1509 1253 1734 1298 orationis
1773 1252 1832 1297 ad
1865 1254 2013 1299 Deum
2054 1252 2289 1306 studium,
2333 1255 2535 1316 agenda-

268 1353 379 1384 rum
404 1339 445 1383 ei
472 1336 728 1398 gratiarum
761 1339 1038 1396 perpetuum
1072 1328 1310 1383 officium,
1337 1337 1477 1390 atque
1500 1336 1551 1374 ut
1575 1329 1676 1374 vult
1700 1329 1922 1390 Origenes
1945 1329 2006 1376 de
2035 1330 2247 1376 oratione
2281 1330 2357 1377 ed.
2394 1332 2536 1377 Ruaei

266 1418 316 1461 Τ.
362 1416 400 1460 1.
439 1429 488 1475 p.
537 1404 651 1464 271,
693 1399 769 1455 ἐπὶ
808 1398 963 1460 πᾶσι,
996 1395 1085 1454 τὴν
1121 1392 1274 1465 εὖχνῖν
1309 1396 1382 1457 εἷς
1418 1392 1726 1470 δρξολοΓίαν
1759 1396 1896 1449 θεοό
1929 1392 2019 1449 διὰ,
2053 1396 2287 1469 Χριστοῦ
2331 1398 2379 1452 ἐν
2415 1397 2532 1469 cislo)

270 1480 514 1552 πνεόμαὙι
549 1476 892 1533 καὛαπαὸσαιε
928 1485 1110 1531 animae
1136 1484 1328 1546 insuper
1357 1498 1444 1545 per
1476 1481 1814 1528 confessionem
1840 1479 2096 1545 purgatio,
2117 1486 2328 1547 corporis
2353 1494 2400 1531 et
2429 1501 2536 1532 san-

266 1568 420 1631 guinis
458 1565 644 1613 Domini
677 1563 819 1625 digna
851 1561 1171 1624 participatio,
1206 1569 1370 1606 mutua
1402 1560 1593 1613 caritas,
1621 1560 1878 1606 carnalium
1909 1560 2250 1608 desideriorum
2285 1563 2530 1616 extinctio,

262 1643 565 1703 voluptatum
599 1640 736 1700 fuga,
773 1651 833 1684 ne
865 1638 1083 1685 videlicet
1107 1637 1272 1684 mundi
1297 1637 1436 1683 huius
1469 1635 1577 1683 tabe
1608 1637 1790 1682 animus
1823 1647 2188 1700 computrescat,
2225 1639 2309 1685 sed
2342 1638 2401 1685 ad
2435 1654 2535 1685 cae-

264 1718 450 1763 lestium
484 1731 645 1778 rerum
678 1715 938 1779 appetitum
972 1723 1211 1777 assurgat:
1248 1729 1451 1776 namque
1484 1715 1666 1761 animae
1702 1730 1869 1768 causa,
1907 1731 2004 1762 non
2038 1717 2277 1779 corporis,
2305 1725 2402 1763 tota
2425 1716 2536 1762 reli-

262 1796 341 1857 gio
375 1794 624 1841 constituta
656 1801 743 1839 est.
777 1794 845 1840 Re
876 1808 987 1839 sane
1019 1808 1130 1839 vera
1164 1793 1245 1854 qui
1279 1792 1341 1838 de
1373 1791 1536 1838 futuro
1570 1791 1758 1838 saeculo
1783 1807 1881 1838 non
1916 1795 2116 1854 cogitat,
2152 1795 2229 1839 vix
2259 1794 2536 1840 christianus

262 1881 366 1919 est:
402 1874 608 1935 quippe,
644 1879 698 1918 ut
731 1871 795 1918 ait
824 1871 1137 1918 Tertullianus
1168 1870 1229 1917 de
1266 1885 1443 1917 resurr.
1482 1871 1632 1916 carnis
1665 1885 1768 1932 cap.
1803 1871 1847 1915 1:
1876 1868 2004 1916 nihil
2033 1887 2129 1916 esse
2152 1882 2261 1934 post
2295 1883 2495 1917 mortem
2517 1909 2528 1921 ,

266 1948 472 2014 Epicuri
501 1947 665 1995 schola
696 1959 783 1994 est.
819 1948 875 1994 In
907 1949 1073 2010 primis
1104 1962 1219 1994 vero
1250 1947 1493 2010 propriam
1525 1946 1929 1993 mansuetudinem
1965 1948 2240 1994 Athanasius
2271 1949 2534 2010 miramque

264 2027 535 2090 patientiam
555 2013 858 2073 ¹demonstrat
877 2060 891 2079 ,
926 2025 1044 2071 dum
1075 2025 1126 2070 in
1158 2026 1288 2071 omni
1322 2025 1418 2091 vita
1451 2039 1534 2070 sua
1569 2032 1814 2085 tantopere
1846 2024 1981 2069 malis
2013 2026 2240 2071 exercitus
2262 2060 2273 2079 ‚
2311 2033 2358 2071 et
2391 2025 2535 2071 furia-

269 2098 396 2150 libus
427 2103 549 2150 odiis
579 2103 835 2165 exagitatus
855 2137 868 2156 ,
904 2110 1044 2164 atque
1076 2101 1136 2148 ad
1160 2117 1321 2148 necem
1346 2103 1485 2147 toties
1515 2101 1754 2162 quaesitus
1783 2099 1844 2146 ab
1870 2115 1924 2147 ea
1948 2102 2258 2163 pessimorum
2289 2103 2535 2149 hominum

266 2182 579 2245 permixtione
598 2215 612 2236 ‚
648 2181 943 2227 ethnicorum
963 2208 978 2234 ,
1014 2178 1291 2226 iudaeorum
1314 2213 1327 2232 ,
1363 2187 1528 2240 totque
1559 2187 1790 2225 sectarum
1813 2178 1903 2225 sub
1927 2179 2180 2226 christiano
2202 2178 2436 2226 vocabulo
2460 2196 2535 2226 er-

261 2262 464 2306 rantium
482 2295 496 2314 ,
524 2267 570 2306 et
603 2257 664 2306 ab
694 2258 782 2305 illo
814 2259 1087 2321 praesertim
1120 2270 1294 2321 magno
1326 2256 1506 2303 diaboli
1531 2258 1702 2319 laqueo
1723 2258 1838 2303 Ario
1862 2257 2055 2320 eiusque
2079 2258 2282 2305 scelestis
2308 2258 2531 2312 adseclis;

253 2338 354 2399 ipse
384 2346 539 2383 tamen
565 2338 644 2398 pie
674 2351 863 2398 semper
893 2335 1144 2398 sedateque
1176 2337 1225 2381 in
1260 2335 1334 2381 his
1371 2335 1579 2397 epistolis
1621 2335 1847 2396 loquitur.
1892 2334 1982 2380 Sed
2026 2336 2135 2397 quia
2178 2335 2374 2396 longum
2420 2336 2534 2381 mihi

260 2422 380 2460 esset
411 2415 483 2460 ire
514 2429 601 2477 per
630 2414 812 2477 singula
830 2449 844 2468 ,
878 2429 979 2460 rem
1014 2420 1101 2476 pe'r
1131 2426 1182 2460 se
1213 2411 1470 2460 lectoribus
1502 2411 1875 2474 cognoscendam
1908 2414 2148 2475 permitto.
2541 2424 2546 2426 ⁷

337 2580 373 2620 1)
399 2576 526 2613 Huius
547 2575 718 2625 Dionysii
743 2573 857 2612 habes
879 2583 974 2611 nova
997 2573 1204 2621 fragmenta
1229 2572 1328 2620 apud
1351 2582 1422 2610 nos
1444 2572 1578 2621 Seript.
1605 2577 1677 2610 ret.
1703 2573 1747 2609 T-.
1771 2573 1854 2609 vn.
1882 2583 1943 2620 pp.
1962 2577 2024 2611 96.
2044 2576 2104 2610 98.
2122 2576 2182 2609 99.
2205 2576 2286 2610 102.
2314 2576 2393 2609 107.
2419 2572 2538 2608 Proli-

257 2636 358 2673 xiora
382 2636 456 2673 alia
486 2636 527 2672 in
551 2636 625 2672 hoc
647 2635 836 2673 volumine
858 2645 922 2683 pp.
949 2637 1032 2671 165.
1052 2637 1134 2671 166.

342 2698 379 2738 2)
405 2696 506 2733 Petri
543 2696 657 2732 vitam
674 2723 685 2740 ,
711 2705 776 2732 seu
803 2694 928 2742 potius
953 2695 1114 2740 genuina
1140 2693 1309 2742 martyrii
1332 2698 1438 2738 acta,
1467 2692 1670 2740 interprete
1701 2693 1899 2730 Anastasio
1927 2692 2230 2738 bibliothecario,
2260 2690 2445 2728 edidimus
2470 2701 2540 2728 nos

283 2752 322 2787 in
351 2753 540 2799 Spicilegii
562 2754 708 2790 romani
731 2759 835 2790 tomo
860 2753 931 2789 111.
956 2753 1180 2799 Fragmenta
1213 2757 1339 2789 autem
1363 2752 1511 2800 egregia
1538 2753 1579 2788 in
1612 2752 1746 2800 Script.
1780 2758 1852 2789 vet.
1882 2753 1926 2789 T.
1956 2753 2040 2789 vll.
2067 2762 2131 2799 pp.
2159 2755 2218 2787 85.
2250 2754 2308 2787 96.
2341 2754 2422 2787 134.
2456 2753 2538 2787 306.

276 2809 495 2856 Υ307.,1“ῖυι](>
516 2819 536 2846 e
563 2811 706 2858 syriaco
729 2816 804 2847 vat.
828 2811 958 2848 codice
983 2810 1158 2849 addimus
1175 2840 1187 2857 ,
1208 2811 1380 2848 videlicet
1398 2822 1442 2848 ex
1471 2810 1592 2848 Severi
1616 2811 1829 2848 antiocheni
1862 2821 1972 2859 opere
2000 2812 2180 2859 inscripto
2202 2810 2422 2852 «φιλαλήθης,
2440 2808 2539 2847 haud

280 2867 411 2914 procul
445 2867 582 2914 initio,
616 2867 723 2904 haec.
763 2883 780 2899 ιι
800 2868 926 2905 Saneti
951 2870 1051 2906 Petri
1085 2870 1352 2917 archiepiscopi
1377 2875 1416 2907 et
1441 2871 1614 2917 martyris
1640 2881 1682 2907 ex
1714 2880 1886 2907 sermone
1918 2870 1995 2914 (vel
2024 2870 2143 2914 libro)
2177 2870 2223 2907 de
2255 2870 2452 2916 theologia.
2478 2869 2539 2905 ln-

261 2942 280 2958 »
313 2927 423 2963 terim
452 2926 675 2975 evangelista
696 2926 854 2964 firmiter
877 2927 954 2963 ait:
978 2927 1133 2964 verbum
1162 2939 1248 2965 caro
1273 2928 1416 2965 factum
1440 2935 1519 2973 est,
1546 2935 1583 2966 et
1610 2929 1792 2966 habitavit
1823 2930 1863 2966 in
1893 2930 2017 2966 nohis.
2053 2930 2107 2966 Ex
2142 2929 2213 2966 hoc
2251 2929 2509 2976 cognoscimus
2526 2956 2537 2973 ,

261 3001 282 3018 υ
309 2985 486 3033 angelum
511 2997 597 3023 cum
626 2985 808 3033 virginem
833 2985 1009 3023 salutavit
1033 2985 1182 3024 dicens:
1210 2986 1331 3033 gaude
1347 3014 1358 3031 ‚
1386 2987 1524 3033 gaudio
1547 2987 1656 3034 plena
1672 3015 1683 3032 ,
1713 2988 1899 3025 Dominus
1926 2992 2075 3032 tecum3
2108 2988 2321 3034 significare
2354 2987 2536 3025 voluisse:

267 3062 286 3077 ι·
313 3044 416 3082 Deus
432 3044 597 3082 Verbum
612 3050 738 3082 tecum
761 3050 838 3082 est:
855 3045 1020 3093 itemque
1045 3044 1249 3089 denotare,
1274 3043 1371 3082 illud
1397 3045 1445 3082 de
1464 3046 1551 3082 sinu
1575 3047 1656 3083 eius
1690 3047 1904 3091 oriturum,
1931 3052 1969 3084 et
1990 3055 2138 3084 carnem
2164 3047 2303 3083 factum
2332 3048 2403 3091 iri,
2428 3053 2542 3095 prout

269 3120 288 3136 n
316 3105 605 3152 scriptumest:
627 3104 789 3152 Spiritus
810 3110 964 3142 sanctus
985 3106 1221 3152 superveniet
1243 3105 1283 3151 in
1307 3110 1368 3150 te,
1391 3110 1430 3141 et
1458 3105 1576 3141 virtus
1599 3105 1782 3142 Altissimi
1816 3106 1855 3142 in
1881 3111 1916 3142 te
1943 3105 2164 3151 descendet;
2191 3106 2348 3154 ideoque
2375 3112 2412 3143 et
2437 3106 2539 3154 quod

260 3178 282 3194 a·
327 3168 503 3201 nascetur
526 3173 569 3200 ex
597 3168 635 3200 te
664 3169 836 3200 sanctum
864 3163 1056 3200 vocabitur
1078 3163 1180 3200 filius
1203 3164 1322 3200 Dei.»
1348 3163 1498 3200 Laudat
1518 3164 1670 3200 Petrum
1696 3163 1908 3201 Alexander
1938 3165 2026 3201 item
2055 3164 2317 3202 alexandrinus
2348 3165 2542 3213 episcopus

275 3222 315 3258 in
347 3221 475 3259 codice
499 3222 662 3270 quodam
688 3223 863 3271 ceptico,
883 3233 995 3270 quem
1029 3233 1099 3260 nos
1122 3234 1331 3260 sermonem
1357 3229 1482 3270 postea
1506 3223 1755 3270 i’ulgabimus.
1782 3224 1910 3271 Imago
1946 3222 2112 3261 eiusdem
2137 3225 2234 3260 Petri
2261 3225 2352 3262 alex.
2379 3224 2541 3262 eburnea

251 3279 392 3318 visitur
411 3282 454 3319 in
477 3279 607 3319 moseo
630 3291 736 3319 sacro
757 3280 1006 3320 bibliothecae
1021 3282 1225 3319 vaticanae.

337 3342 375 3383 ³)
399 3339 603 3377 Alexandri
617 3368 629 3386 ,
655 3339 881 3387 Athanasii,
907 3341 1128 3389 Theophili,
1155 3341 1426 3389 praecipueque
1451 3341 1604 3390 cyrilli,
1621 3350 1714 3378 nova
1741 3341 1878 3390 scripta
1902 3347 1992 3379 sunt
2014 3341 2055 3379 in
2081 3342 2152 3380 hac
2172 3349 2298 3380 nostra
2315 3349 2461 3391 patrum
2480 3343 2538 3380 bi-

267 3398 476 3437 bliotheca.
499 3401 672 3437 Duorum
698 3403 824 3437 autem
849 3400 1017 3438 Dioscuri
1047 3399 1132 3438 labe
1157 3411 1389 3448 aspersorum
1414 3401 1598 3437 Timothei
1626 3402 1678 3445 Il,
1703 3411 1746 3438 ac
1769 3400 1967 3441 Theodosii
1983 3429 1994 3447 ,
2026 3402 2162 3450 scripta
2190 3402 2365 3440 dedimus
2385 3404 2426 3440 in
2454 3403 2538 3450 Spi-

266 3459 403 3508 cilegii
429 3470 525 3497 rom.
554 3464 659 3497 tomo
686 3460 809 3497 tertio.
834 3460 907 3499 Sed
923 3467 962 3499 et
988 3461 1149 3499 aliorum
1169 3460 1416 3500 Alexandriae
1439 3460 1733 3509 patriarcharum
1755 3461 1891 3510 scripta
1921 3461 2058 3500 inedita
2083 3462 2264 3500 hahemus
2289 3462 2327 3500 in
2352 3456 2540 3500 codicibus

275 3518 442 3566 eo'pticis
467 3524 580 3565 atque
603 3518 762 3556 arabicis
780 3525 855 3557 vat.
876 3522 1114 3568 (praesertim
1140 3522 1178 3558 in
1206 3522 1271 3559 illo
1288 3522 1468 3568 inscripto
1486 3521 1585 3566 fides
1599 3523 1788 3567 patrum)
1804 3520 1968 3558 scilicet:
1986 3522 2195 3559 Beniamini
2209 3550 2221 3567 ‚
2236 3522 2408 3566 Cabssae,
2431 3521 2538 3559 Chri-

258 3576 404 3614 stoduli
421 3606 433 3623 ‚
466 3578 747 3628 Christoph'ori,
768 3579 947 3626 cosmae,
970 3581 1100 3630 cyrilli
1123 3581 1258 3619 laclaki
1274 3609 1285 3626 ,
1308 3581 1475 3618 Dioscori
1489 3608 1501 3625 ,
1522 3580 1717 3627 Gregorii,
1733 3581 1905 3626 loacimi,
1924 3581 2126 3627 Iohannis,
2151 3582 2326 3627 macarii,
2350 3581 2466 3618 Marci
2485 3581 2536 3624 lt,

253 3637 437 3680 Mennae,
476 3636 722 3683 michahelis,
747 3638 847 3676 Petri
871 3639 1021 3688 Mongi‚
1044 3639 1254 3685 Philothei,
1277 3637 1471 3685 Senuthii‚
1489 3639 1674 3676 Timothei
1693 3641 1724 3676 l.
1749 3639 1981 3686 (catholici),
2003 3641 2216 3678 Zachariae.
2242 3640 2538 3677 Patriarcharum

251 3700 377 3732 autem
422 3696 594 3733 omnium
617 3697 712 3734 alex.
739 3697 853 3734 series
874 3708 896 3734 a
919 3696 1009 3735 divo
1030 3699 1159 3736 Marco
1180 3708 1302 3747 usque
1325 3699 1373 3736 ad
1397 3698 1636 3736 Gabrihelem
1654 3709 1717 3736 an.
1746 3704 1854 3746 1378,
1882 3705 1981 3737 extat
2008 3701 2047 3737 in
2074 3699 2202 3737 codice
2219 3699 2319 3736 arab.
2349 3705 2421 3735 vat.
2451 3702 2532 3734 152.

251 3753 328 3790 Alii
350 3753 555 3792 breviores
585 3754 801 3794 eorumdem
825 3755 984 3804 oetalogi
1008 3758 1050 3794 in
1073 3757 1268 3796 codicibus
1289 3759 1379 3795 item
1404 3757 1563 3795 arabicis
1585 3763 1657 3796 vat.
1683 3762 1743 3795 92.
1770 3762 1852 3796 159.
1878 3762 2001 3807 Atque
2024 3758 2064 3795 hi
2088 3758 2232 3795 utiliter
2255 3768 2339 3795 cum
2364 3757 2537 3805 Lequinii

251 3810 293 3849 in
310 3823 366 3852 or.
387 3814 448 3852 ch.
466 3814 562 3852 serie
578 3814 829 3853 conferentur.
919 3862 925 3866 ᾖ
980 3828 981 3831 ’
