2970 4420
1364 260 1468 292 vin
1476 278 1487 290 ·
2462 263 2490 292 X
2495 262 2539 292 Vl
2544 261 2566 292 1

294 338 407 381 latus
438 338 575 382 fuerat
605 337 725 392 quasi
758 334 952 379 modicae
987 334 1116 388 fidei,
1151 334 1273 392 quod
1301 334 1513 379 dubitasse
1545 332 1598 377 de
1629 331 1903 389 providentia
1936 330 2079 375 diviua
2115 333 2170 375 sit
2198 334 2336 387 visus,
2370 335 2565 378 inhibitis

296 419 402 464 quas
431 418 562 461 supra
589 406 774 449 diximus
800 406 1179 462 supplicationibus
1208 405 1265 449 ob
1290 405 1484 449 navalem
1513 402 1567 448 de
1596 403 1742 447 Turcis
1768 402 2009 446 victoriam.
2043 404 2108 445 An
2137 406 2443 458 expectandum
2471 411 2562 448 erat

295 476 546 534 (respondit
574 477 670 531 ille)
701 477 805 520 dum
833 477 1018 520 civitatis
1051 477 1215 521 domiui
1229 510 1241 533 ,
1274 476 1567 520 animadversa
1598 475 1895 531 precationum
1931 486 2081 526 causa,
2113 479 2378 518 verterentur
2409 478 2452 518 in
2487 490 2559 519 ra-

295 551 438 605 biem,
470 553 514 592 et
537 548 656 592 illum
688 548 895 604 impetum
926 549 1097 604 pietatis
1126 562 1206 605 pro
1236 548 1528 602 contumacia,
1560 559 1641 603 pro
1675 545 1939 599 defectione,
1970 557 2052 600 pro
2081 549 2210 588 exuto
2241 547 2443 602 principis
2477 548 2560 589 ob-

297 621 448 677 sequio
484 618 897 675 interpretarentur?
929 618 1044 672 Quid
1067 623 1172 662 tunc
1201 618 1299 662 urbi
1328 618 1546 671 futurum,
1579 616 1684 673 quid
1718 616 1907 669 civibus,
1941 615 2047 670 quid
2075 615 2158 672 ipsi
2186 616 2408 671 religioni,
2444 620 2561 660 cuius

298 692 441 748 palam
475 688 730 733 exercendae
763 690 995 745 precariam
1028 689 1271 732 libertatem
1306 688 1545 731 haberent?
1576 687 1809 731 Caelestem
1842 685 2018 742 quidem
2049 698 2202 741 opem,
2235 698 2319 741 qua
2354 687 2399 728 in
2430 687 2562 729 hebe-

297 762 439 806 tandis
459 763 691 804 Turcarum
718 761 869 803 animis
897 761 960 802 usi
990 759 1155 802 tamdiu
1179 763 1345 814 essent,
1373 771 1462 801 nou
1490 771 1538 801 ea
1565 758 1659 813 lege
1680 761 1750 800 tot
1777 769 1912 800 annos
1940 756 2144 810 adfuisse,
2170 761 2218 799 ut
2249 769 2415 812 semper
2439 758 2562 800 ades-

296 836 378 876 set.
410 831 524 886 Quid
555 843 687 887 porro
718 830 1020 885 inconsultius,
1055 842 1182 886 quam
1210 831 1267 872 ita
1298 834 1342 872 te
1373 841 1646 885 comparare,
1678 833 1726 871 ut
1753 829 1789 871 si
1816 829 1930 871 Deus
1956 840 2099 870 rerum
2132 833 2308 870 naturae
2343 830 2429 870 vim
2459 829 2564 872 iufe-

296 903 432 948 reudo
461 906 632 959 praesto
660 901 742 945 tibi
770 915 858 945 non
887 902 943 945 sit
976 903 1079 955 (nec
1109 901 1220 943 enim
1248 899 1367 943 aliud
1395 913 1485 943 esse
1516 900 1792 956 praesentiam
1816 899 1931 942 illam
1959 898 2056 955 opis
2087 898 2280 954 divinae,
2318 911 2446 954 quam
2478 900 2561 941 mi-

295 973 486 1018 raculum
515 972 803 1029 appellamus)
834 972 972 1015 salvus
1002 984 1092 1015 esse
1122 984 1209 1014 non
1240 970 1408 1026 possis?
1438 971 1666 1013 Maximum
1692 971 1783 1013 sine
1812 962 1944 1013 dubio
1974 970 2217 1013 caelestium
2248 970 2294 1012 in
2325 969 2454 1012 ⁴nobis
2483 970 2565 1014 do»

297 1056 452 1088 norum
479 1056 569 1087 esse
597 1047 806 1096 mentem,
829 1043 1062 1095 rationem,
1087 1041 1335 1093 consilium3
1362 1040 1519 1096 quibus
1540 1041 1793 1097 repudiatis,
1821 1041 2159 1084 extraordinaria
2184 1041 2265 1083 Dei
2295 1041 2451 1084 auxilia
2481 1054 2565 1096 per

295 1115 537 1160 socordiam
564 1118 606 1158 et
632 1114 929 1170 negligentiam
961 1117 1204 1168 expectare,
1236 1112 1469 1167 superbum
1499 1116 1544 1155 et
1575 1113 1660 1168 ipsi
1691 1112 1859 1155 divinae
1890 1111 2186 1167 providentiae
2218 1112 2419 1155 iniurium
2452 1125 2556 1155 esse.

296 1190 413 1231 Haec
442 1188 587 1243 itaque
613 1199 657 1229 se
685 1189 978 1242 reputantem,
1003 1184 1142 1227 inutili
1167 1183 1230 1226 illi
1260 1184 1426 1239 pietatis
1454 1183 1691 1226 ostensioni
1714 1183 2041 1239 temperandum
2069 1183 2347 1236 existimasse3
2382 1185 2558 1238 gratiam

294 1258 535 1302 caelestium
573 1257 879 1300 beneficiorum
914 1255 1247 1311 acceptissimam
1281 1256 1447 1310 superis
1483 1253 1671 1297 futuram
1705 1258 1905 1310 sperans,
1943 1267 2072 1311 quam
2111 1255 2192 1298 illis
2226 1256 2336 1298 intra
2370 1257 2557 1298 animum

294 1332 475 1387 quisque
502 1342 627 1372 suum
658 1333 782 1373 caute
813 1333 857 1371 et
885 1328 1092 1383 sapienter
1118 1326 1330 1369 habuerit.

414 1402 487 1444 26.
519 1401 660 1444 Facile
696 1401 761 1443 his
791 1399 1028 1443 rationibus
1055 1398 1235 1441 Allatius
1266 1410 1435 1440 causam
1470 1409 1591 1440 suam
1625 1396 1844 1452 probavit,
1878 1410 2133 1463 omnemque
2165 1410 2190 1440 a
2222 1410 2266 1440 se
2296 1399 2558 1453 criminatio-

293 1486 392 1517 nem
427 1471 768 1516 adversariorum
803 1469 917 1512 haud
956 1469 1084 1512 dubie
1117 1468 1328 1511 discussit.
1362 1467 1495 1510 Multa
1525 1478 1604 1522 ego
1642 1467 1839 1510 omnibus
1878 1468 1941 1511 bis
1975 1468 2028 1511 de
2058 1467 2187 1511 rebus
2217 1468 2272 1511 ab
2312 1481 2364 1511 eo
2399 1470 2558 1523 scripta

292 1545 480 1601 perlegi,
511 1547 606 1586 acta
641 1541 926 1593 iudiciorum,
960 1539 1286 1592 commentaria,
1318 1537 1510 1591 libellos,
1546 1537 1750 1593 epistolas
1787 1538 2037 1594 diligenter,
2075 1540 2275 1595 copiose,
2311 1543 2354 1582 et
2388 1550 2554 1583 summo

292 1629 390 1660 cum
417 1614 568 1658 ordine
598 1617 641 1656 et
667 1609 966 1668 perspicuitate
980 1642 992 1664 ‚
1019 1623 1196 1666 prorsus
1225 1614 1274 1653 ut
1302 1611 1474 1665 ingenio
1500 1609 1629 1652 feraci
1659 1614 1787 1665 atque
1819 1610 1997 1654 robusto
2033 1624 2083 1654 ac
2114 1617 2253 1654 mente
2289 1613 2452 1666 ingenti
2481 1612 2555 1654 lit-

290 1691 475 1730 terarum
499 1683 676 1727 flumine
697 1681 929 1736 inundata,
954 1681 1101 1724 foetus*
1122 1681 1219 1724 illos
1241 1679 1379 1724 editos
1402 1693 1635 1737 agnoscas3
1660 1682 1854 1736 quamvis
1883 1682 1988 1724 nihil
2018 1683 2063 1725 in
2090 1682 2170 1726 illis
2198 1687 2307 1726 esset
2329 1682 2383 1725 ad
2412 1687 2554 1725 osten-

288 1757 495 1800 tationem
518 1754 736 1797 doctrinae
763 1753 1073 1808 compositum,
1106 1751 1212 1794 nihil
1238 1751 1462 1807 putidum,
1495 1751 1603 1794 nihil
1633 1751 1754 1807 quod
1788 1752 2006 1796 lucernam
2033 1754 2190 1807 oleret,
2219 1759 2270 1797 ut
2302 1754 2553 1809 plerumque

291 1827 512 1882 usuvenit,
545 1837 643 1869 cum
676 1824 871 1867 homines
905 1836 930 1867 a
964 1823 1114 1866 studiis
1142 1823 1404 1876 litterarum,
1438 1827 1482 1866 et
1509 1823 1722 1866 librorum
1748 1825 2007 1867 tractatione
2036 1825 2090 1868 ad
2124 1839 2192 1868 res
2221 1825 2426 1880 gerendas
2459 1830 2551 1868 tra-

290 1900 532 1943 ducuntur:
562 1897 639 1940 ubi
666 1897 778 1939 enim
802 1899 846 1938 et
870 1894 1013 1938 verbis
1033 1899 1084 1938 .et
1107 1895 1325 1937 sententiis
1353 1899 1395 1936 et
1420 1898 1516 1937 toto
1543 1906 1700 1950 genere
1727 1894 1928 1938 dictionis
1956 1896 2010 1938 ab
2036 1909 2118 1939 usu
2142 1897 2356 1939 communi
2381 1898 2552 1940 minime

289 1969 620 2015 abhorrentibus
647 1968 852 2012 utendum
887 1972 972 2022 est,
1005 1967 1170 2010 nullum
1198 1966 1327 2010 finem
1359 1967 1521 2010 faciunt
1550 1967 1832 2022 proferendae
1858 1968 2111 2011 eruditionis
2141 1969 2277 2012 alieno
2308 1974 2351 2012 et
2379 1969 2477 2012 loco
2509 1974 2552 2012 et

287 2048 506 2099 tempore,
527 2040 796 2084 horatianam
818 2036 836 2056 *
858 2038 975 2081 illam
995 2050 1240 2093 cupressum
1258 2037 1548 2081 obtrudentes.
1575 2039 1670 2081 Hoc
1689 2043 1830 2081 antem
1848 2039 2026 2085 Allatius
2052 2039 2190 2083 dicere
2206 2041 2363 2097 ¹solitus
2389 2045 2475 2093 est,
2495 2040 2548 2083 ab

287 2115 433 2169 inopia
461 2117 505 2155 et
532 2110 826 2154 mediocritate
852 2108 1068 2165 proficisci
1094 2109 1220 2152 huius
1248 2109 1382 2165 ipsius
1410 2109 1654 2165 doctrinae,
1688 2122 1774 2165 qua
1801 2114 2026 2167 tantopere
2058 2111 2139 2154 sibi
2171 2112 2363 2167 placent;
2395 2113 2437 2154 in
2469 2125 2548 2154 an-

287 2189 414 2242 gusto
439 2182 651 2239 siquidem
682 2185 921 2235 versantes,
954 2180 1126 2235 exiguas
1152 2193 1312 2223 merces
1343 2193 1438 2223 suas
1469 2181 1580 2224 iusto
1608 2182 1789 2238 amplius
1819 2183 2063 2238 aestimant,
2087 2188 2130 2226 et
2158 2184 2366 2239 explicare
2394 2196 2551 2240 prope-

286 2261 385 2301 rant
412 2256 502 2300 sine
530 2254 722 2309 delectu,
755 2252 826 2296 cui
853 2253 976 2295 locus
1004 2253 1050 2295 in
1082 2265 1223 2295 rerum
1257 2252 1470 2308 paucitate
1502 2252 1643 2296 nullus
1680 2257 1769 2308 est.;
1804 2258 1954 2298 contra
1989 2256 2063 2311 qui
2096 2267 2194 2297 vere
2226 2255 2343 2298 docti
2373 2261 2492 2310 sunt,
2526 2269 2551 2298 a

287 2329 414 2384 copia
439 2339 583 2370 rerum
606 2325 987 2382 pulcherrimarum
1017 2337 1123 2379 quas
1149 2323 1292 2366 animo
1321 2324 1708 2380 comprehendunt,
1733 2326 1847 2368 inter
1870 2330 2012 2368 cetera
2041 2326 2125 2368 hoc
2155 2312 2338 2378 liabent,
2360 2330 2409 2370 ut
2435 2328 2552 2382 quasi

286 2400 332 2441 iu
356 2398 530 2454 specula
556 2397 708 2454 positi,
731 2409 782 2441 ex
805 2408 891 2452 qua
914 2396 1000 2438 late
1022 2400 1276 2451 prospectus
1306 2400 1368 2438 est
1390 2396 1436 2439 in
1457 2408 1654 2451 magnam
1675 2398 1918 2452 variamque
1942 2402 2124 2452 segetem
2138 2431 2149 2452 ,
2179 2411 2265 2440 non
2289 2398 2351 2440 illi
2378 2397 2550 2453 quidem
2576 2400 2579 2402 ’

284 2470 447 2523 multa,
482 2468 556 2512 sed
591 2481 615 2510 e
649 2467 794 2510 multis
830 2467 1016 2522 optima,
1049 2466 1242 2522 adeoque
1271 2469 1496 2519 materiae,
1530 2480 1656 2523 quam
1693 2472 1903 2521 tractant,
1942 2469 2267 2512 accommodata
2303 2468 2548 2524 proferant;

286 2554 397 2596 quae
430 2553 530 2583 sane
558 2552 697 2595 pauca
729 2539 869 2582 solent
898 2550 1012 2593 esse,
1045 2538 1260 2581 interdum
1294 2539 1420 2581 etiam
1458 2539 1598 2593 nulla3
1631 2544 1679 2582 ut
1711 2552 1838 2595 saepe
1870 2539 2011 2583 dicere
2047 2541 2314 2596 simpliciter,
2349 2553 2426 2583 nec
2458 2540 2550 2582 ullis

287 2611 509 2656 doctrinae
531 2611 791 2654 ornamentis
815 2611 860 2652 in
884 2609 1112 2652 scribendo
1138 2610 1229 2664 uti,
1255 2621 1389 2664 genus
1411 2610 1466 2652 sit
1488 2611 1693 2658 orationis
1715 2611 1842 2665 longe
1874 2611 2184 2654 doctissimum.
2213 2598 2298 2654 ’Sed
2323 2613 2549 2667 praecipue

285 2686 331 2726 in
357 2684 553 2739 scriptis,
585 2693 696 2738 quae
729 2681 841 2736 dixi,
873 2681 1106 2725 delectatus
1136 2694 1230 2725 sum
1257 2684 1604 2726 commentariolo
1619 2715 1630 2737 ,
1664 2696 1792 2739 quem
1831 2685 2010 2726 Romam
2041 2684 2310 2739 profecturus
2342 2683 2423 2727 sibi
2458 2684 2548 2738 ipse

286 2754 546 2808 confecerat,
579 2764 810 2807 earumque
838 2765 1007 2806 rerum,
1037 2765 1144 2808 quas
1169 2758 1258 2796 erat
1278 2757 1499 2807 gesturuS,
1525 2759 1566 2797 et
1595 2755 1797 2809 rationis,
1821 2768 1930 2810 quae
1959 2755 2041 2798 sibi
2068 2757 2114 2798 iu
2140 2756 2207 2798 his
2234 2755 2428 2809 gerendis
2457 2760 2548 2797 erat

284 2824 526 2881 sequenda,
558 2822 780 2879 quomodo
809 2823 1056 2878 alloquendi
1091 2828 1230 2867 essent
1266 2825 1447 2866 civitatis
1481 2826 1693 2882 principes
1708 2858 1719 2880 ,
1753 2826 1934 2881 qualiter
1965 2838 2114 2870 eorum
2149 2826 2278 2868 animi
2307 2825 2543 2878 tractandi,

285 2909 373 2952 quo
413 2896 602 2948 incessu,
636 2906 724 2949 quo
758 2894 903 2946 vultu,
935 2906 1023 2949 quo
1063 2906 1217 2948 genere
1255 2895 1463 2937 orationis
1496 2895 1705 2950 adeundi,
1737 2902 1788 2940 ut
1820 2896 2033 2940 scribendi
2065 2896 2198 2939 libelli
2233 2896 2464 2951 supplices,
2497 2901 2544 2939 ut

284 2964 629 3022 respondendum
659 2964 929 3018 criminibus,
962 2969 1011 3007 ut
1035 2964 1355 3008 defensionibus
1383 2965 1613 3022 utendum,
1648 2981 1698 3010 ex
1726 2968 1867 3011 medio
1892 2980 2034 3011 rerum
2065 2981 2143 3010 usu
2177 2972 2329 3010 cuncta
2360 2968 2564 3022 probata,

284 3051 333 3081 ac
363 3038 487 3094 plena
516 3036 769 3093 prudentiae
798 3037 1166 3092 consummatique
1191 3034 1354 3079 iudicii.

402 3109 475 3151 27.
508 3109 624 3152 luter
652 3108 776 3151 hasce
804 3104 1129 3163 occupationes,
1165 3119 1422 3163 quamquam
1466 3121 1624 3162 paucae
1662 3109 1758 3151 illae
1792 3109 1965 3164 quidem
1998 3122 2077 3152 uec
2105 3109 2218 3151 leves
2247 3114 2409 3164 esseut,
2442 3111 2541 3153 satis

282 3183 420 3222 tamen
445 3179 521 3221 otii
549 3179 764 3235 seposuit,
791 3178 911 3234 quod
937 3179 1066 3221 animi
1091 3178 1277 3221 culturae
1303 3179 1583 3234 impenderet.
1619 3182 1671 3223 Et
1702 3180 1875 3235 quando
1902 3185 2067 3235 partem
2090 3180 2385 3235 philosophiae
2413 3183 2540 3224 nobi-

283 3250 505 3302 lissimam,
537 3262 646 3305 quae
675 3249 894 3293 medendis
919 3250 1112 3292 humanis
1145 3250 1399 3305 corporibus
1433 3255 1669 3305 occupatur
1694 3251 1832 3293 minus
1861 3252 2083 3305 attigerat,
2112 3252 2199 3294 eius
2227 3253 2348 3295 etiam
2375 3265 2539 3307 cogno-

281 3321 461 3364 scendae
491 3321 635 3364 studio
665 3334 755 3388 non
788 3321 1058 3364 mediocriter
1084 3322 1265 3375 exarsit,
1299 3321 1500 3376 deditque
1533 3334 1580 3364 ea
1615 3323 1750 3376 gratia
1780 3334 1953 3376 operam
1980 3322 2089 3365 Iulio
2122 3320 2291 3366 Caesari
2322 3325 2536 3382 LagaHae,

280 3393 638 3448 praestantissimo
675 3384 765 3435 eius
802 3394 998 3436 scientiae
1032 3394 1233 3447 magistro
1273 3393 1318 3435 in
1355 3405 1530 3435 romana
1569 3392 1780 3435 academia
1796 3423 1807 3445 ,
1842 3405 1969 3447 quam
2004 3394 2260 3449 Sapientiam
2293 3395 2544 3465 appellant
2555 3432 2559 3436 .

282 3475 472 3519 quocum
489 3475 589 3506 seue
610 3464 771 3506 iuvenis
797 3464 1140 3507 coniunctissime
1162 3465 1287 3518 vixit,
1310 3476 1409 3509 cum
1439 3464 1610 3517 ingenio
1635 3464 1715 3505 viri
1740 3467 1867 3518 atque
1892 3462 2114 3518 doctrina,
2138 3468 2229 3507 tum
2254 3463 2420 3510 morum
2443 3480 2539 3509 sua

279 3534 410 3577 vitate
438 3533 617 3578 mirifice
648 3535 894 3578 delectatus.
925 3536 1031 3578 Nam
1061 3540 1104 3577 et
1128 3536 1258 3577 vitam
1292 3536 1378 3577 eius
1405 3534 1595 3578 breviter
1623 3538 1872 3590 conceptam
1899 3535 2014 3590 typis
2042 3534 2183 3589 dedit,
2207 3531 2416 3581 adductus
2442 3550 2539 3592 gra-

281 3606 412 3647 vitate
450 3606 656 3660 rumoris,
690 3607 763 3662 qui
801 3606 854 3649 de
889 3607 965 3649 illo
1005 3606 1248 3648 invidorum
1286 3618 1368 3661 ope
1404 3605 1729 3661 percrebuerat,
1767 3607 1886 3662 quasi
1919 3619 2063 3649 rerum
2101 3608 2353 3652 naturalium
2393 3623 2535 3665 perse-

280 3675 461 3731 quendis
490 3677 627 3719 causis
653 3677 779 3719 nimis
810 3678 975 3720 curiose
1002 3677 1213 3730 intentus,
1244 3688 1395 3731 parum
1425 3676 1622 3730 religiose
1648 3676 1700 3719 de
1726 3676 1998 3733 providentia
2027 3678 2170 3723 diviua
2195 3681 2414 3734 sensisset3
2444 3693 2534 3723 ma-

279 3746 390 3788 xime
423 3758 520 3788 cum
550 3746 762 3790 imbutum
801 3760 849 3789 ea
882 3748 1150 3804 persuasione
1181 3747 1320 3789 virum
1355 3747 1649 3801 gravissimum
1681 3747 1920 3802 Scipionem
1956 3749 2217 3792 cardinalem
2253 3750 2533 3794 Cobellutium

278 3828 331 3858 ex
360 3817 450 3859 eius
477 3815 658 3860 fortuito
692 3830 884 3861 sermone
916 3819 1143 3873 cognovit:
1178 3821 1219 3860 et
1247 3817 1355 3860 falso
1389 3829 1563 3873 prorsus
1597 3818 1696 3862 talia
1727 3817 1780 3861 de
1813 3819 1909 3863 viro
1942 3819 2185 3864 doctissimo
2220 3822 2363 3864 iactari
2391 3827 2533 3865 osten-

2249 3903 2271 3929 C

2578 2050 2595 2067 *
2612 2049 2700 2079 Post.
2721 2057 2750 2078 v.
2773 2054 2815 2078 19.
