2970 4420
453 289 596 327 xxxiv
848 298 850 301 ’
1373 292 1559 339 ιἐιοοωιχ
1580 292 1806 322 ALEMANM

448 371 596 413 (invare.
624 367 840 422 'Quoniam
868 380 968 410 vero
1006 369 1135 409 sancti
1165 372 1304 422 patres
1332 366 1461 408 modo
1491 366 1725 407 natalitium
1754 366 1905 408 Christi
1936 366 2071 420 diem,
2104 368 2234 411 modo
2270 368 2373 411 duas
2405 369 2498 412 illas
2529 369 2713 412 eiusdem

450 439 1173 494 'manifestationes'Epiphaniorum
1203 437 1412 480 vocabulo
1442 441 1672 490 notarunt,
1703 434 1940 480 testimonia
1971 450 2080 493 quae
2104 439 2158 495 ad
2184 432 2365 495 primam
2393 441 2509 483 illam
2535 453 2715 484 nomen-

448 513 661 555 ·claturam
680 511 881 564 -faciunt,
915 510 1102 551 studiose
1138 508 1334 563 aggerat;
1368 519 1475 562 quae
1509 509 1795 561 posteriorem
1815 509 2113 563 comprobare
2147 516 2372 566 poterant,
2405 512 2554 555 callide
2590 512 2715 555 dissi-

406 608 410 611 »
451 583 604 626 mulat.
639 581 763 634 Quod
791 581 825 622 si
854 580 1044 634 patribus
1065 579 1381 633 Theophaniam
1405 581 1446 618 et
1465 570 1764 632 'Epiphaniam
1782 578 1892 620 hanc
1912 575 2198 624 celebritatem
2222 594 2375 625 vocare
2397 572 2548 636 libuit,
2572 587 2615 625 et
2634 596 2714 625 nos

456 654 514 695 ab
539 654 589 695 iis
610 653 668 694 ita
694 663 838 693 sumus
869 650 1033 699 edocti,
1059 661 1195 690 novus
1220 649 1296 689 iste
1324 646 1622 689 nomenclator
1648 648 1751 690 haec
1778 661 1857 690 nos
1878 649 2083 693 vocabula
2107 651 2312 695 dedocere
2338 665 2383 695 se
2411 665 2536 708 posse
2559 653 2714 708 putat?

457 726 560 767 Eam
591 723 810 765 nominum
838 721 1107 763 traditionem
1137 720 1318 761 retinere
1343 718 1619 772 deberemus,
1645 719 1774 760 etiam
1804 720 1838 761 si
1862 720 1927 762 rei
1951 733 2106 764 nomen
2134 723 2237 765 nihil
2271 725 2443 766 omnino
2476 724 2712 779 responde-

453 800 550 848 ret3
583 806 696 836 nunc
726 805 826 833 vero
857 790 1075 845 quomodo
1110 788 1385 843 respondeat,
1419 789 1500 843 ipsi
1532 801 1615 830 nos
1643 794 1784 843 patres
1812 790 1988 843 docent,
2022 792 2327 848 Hieronymus,
2361 795 2710 850 Chrysostomus,

452 864 672 917 Ridorus,
707 876 815 918 quos
845 863 970 905 etiam
1004 860 1274 903 Casauhonus
1301 859 1423 900 vidit.
1454 859 1671 913 Clemens,
1704 861 1792 903 sive
1822 861 2106 916 Hippolytus,
2138 865 2179 905 in
2214 865 2585 907 constitutionibus
2615 865 2713 906 loco

457 948 590 990 supra
619 936 747 983 citato
779 934 888 975 diem
918 931 1145 973 nativitatis
1172 930 1322 972 Christi
1352 934 1479 972 vocat
1509 916 1739 982 γενέθλιον.
1772 933 1893 974 Hanc
1918 944 2021 1008 ver'o
2046 932 2099 975 de
2129 946 2214 1004 qua
2242 934 2458 1011 loquimur
2489 920 2710 990 ἕπιφσῖνιονι.

459 1011 587 1062 atque
621 1006 825 1047 rationem
860 1002 1003 1045 subdit
1032 991 1125 1037 καθ’
1155 1010 1204 1039 ην
1237 1011 1255 1035 o
1286 986 1414 1055 κύριος
1445 1009 1540 1051 ημιν
1576 987 1778 1046 ἀναδειξιν
1805 993 1875 1045 τῆς
1900 1012 2045 1045 οικειας
2076 991 2306 1048 Sebrnm'
2295 992 2530 1055 sucino-arc,
2561 1010 2604 1048 in
2635 1019 2715 1059 qua

461 1091 554 1119 suae
577 1076 686 1118 nobis
709 1076 926 1116 divinatam
955 1075 1205 1113 ostensionem
1227 1071 1341 1123 fecit
1368 1073 1488 1126 Ergo
1512 1072 1660 1126 pati-es
1680 1072 1786 1115 duas
1809 1073 2058 1116 festivitates
2080 1086 2167 1116 uno
2198 1076 2407 1119 vocabulo
2434 1076 2712 1130 denotarunt,

462 1148 579 1205 quod
605 1148 648 1188 in
675 1151 855 1200 utraque
883 1143 1170 1197 multipliciter
1196 1142 1350 1185 Christi
1374 1142 1486 1184 facta
1509 1143 1794 1186 manifestatio
1822 1145 1891 1186 sit.
1926 1145 2113 1198 Graeci,
2123 1146 2240 1200 quod
2271 1146 2352 1188 hae
2368 1143 2447 1189 die
2471 1148 2713 1190 sollemnem

459 1218 657 1273 baptismi
691 1217 801 1259 diem
829 1221 986 1269 agunt,
1020 1227 1110 1256 eam
1136 1213 1234 1255 ideo
1265 1205 1373 1267 φῶτα
1405 1219 1787 1269 nuncupaverunt;
1822 1228 1918 1257 nam
1950 1201 2198 1270 φωτίζεσθαι
2228 1219 2451 1259 illumman·
2480 1222 2567 1271 est,
2598 1217 2713 1260 scili-

462 1295 529 1332 cet
557 1289 775 1345 baptizari.

1433 1359 1571 1411 lmaqo
1602 1361 1739 1400 terma.

578 1426 694 1472 Licet
728 1430 771 1471 in
799 1429 879 1471 hac
913 1429 1093 1483 imagine
1124 1428 1238 1470 nulla
1269 1429 1440 1482 insignis
1464 1429 1518 1470 sit
1547 1432 1678 1483 nota,
1706 1441 1791 1483 qua
1825 1428 2005 1471 discerni
2035 1430 2089 1472 ab
2123 1431 2213 1472 aliis
2245 1435 2398 1486 queat,
2430 1431 2542 1472 illam
2572 1432 2734 1472 tamen‘

456 1502 499 1542 ¹S.
535 1501 681 1542 Felicis
710 1500 851 1542 nolani
880 1500 1115 1556 presbyteri
1144 1505 1233 1541 esse
1262 1491 1401 1542 nemov
1425 1499 1619 1541 dubitare
1657 1504 1820 1555 potest,
1854 1502 1927 1554 qui
1958 1501 2126 1543 noverit
2160 1502 2204 1543 in
2238 1503 2410 1544 vetustis
2437 1500 2712 1554 kalendariis,

460 1574 501 1613 in
530 1571 813 1613 sacramentali
842 1572 883 1613 S.
910 1572 1127 1624 Gregorii,
1148 1571 1196 1612 in
1227 1575 1471 1637 pervetusto
1495 1570 1750 1612 lectionario
1773 1583 1949 1613 romano
1978 1571 2080 1624 cod.
2107 1577 2190 1614 vat.
2223 1574 2352 1614 5729.
2379 1572 2715 1627 zib-Epiphanio-

460 1655 552 1684 rum
575 1643 852 1684 sollemnitate
869 1643 1018 1684 statim
1047 1645 1266 1684 occurrere
1286 1646 1477 1684 sanctum
1500 1642 1684 1684 Felicem
1711 1643 1755 1683 in
1779 1643 1934 1684 Pincis.
1968 1644 2071 1685 Nam
2094 1644 2135 1685 S.
2158 1644 2362 1686 Hilarium
2390 1644 2710 1698 pictaviensem,

460 1715 577 1756 cuius
597 1714 758 1758 festum
795 1713 840 1754 in
878 1713 1057 1755 eundem
1092 1713 1206 1755 hunc
1238 1711 1350 1754 diem
1383 1712 1559 1766 incidit,
1588 1713 1815 1755 infulatum
1853 1718 1911 1755 ut
1934 1714 2040 1756 alios
2074 1714 2144 1756 hic
2178 1714 2286 1756 solet
2320 1715 2544 1769 episcopos
2575 1714 2740 1768 pictor.

459 1768 654 1828 dedisset
690 1765 864 1835 Accedit
895 1784 1015 1839 quod
1042 1786 1083 1827 S.
1110 1784 1257 1826 Hilarii
1287 1784 1481 1838 episcopi
1505 1783 1660 1824 festum
1689 1783 1802 1837 apud
1830 1784 2034 1836 maiores,
2065 1797 2202 1839 neque
2229 1786 2288 1826 ita
2314 1789 2363 1827 ut
2389 1785 2537 1827 Felicis
2567 1783 2715 1834 natalis

458 1857 622 1898 celebre
661 1855 741 1897 fuit
775 1868 910 1910 neque
947 1856 1007 1897 ita
1041 1860 1174 1897 vetus.
1214 1853 1319 1897 Inde
1353 1855 1406 1896 ab
1444 1858 1583 1895 aetate
1618 1855 1658 1895 S.
1699 1853 1864 1895 Paulini
1901 1854 2043 1896 nolani
2083 1855 2285 1909 praesulis
2322 1859 2439 1897 tanta
2476 1855 2714 1909 frequentia

462 1929 501 1969 S.
537 1927 684 1968 Felicis
717 1926 975 1968 sollemnitas
1008 1926 1284 1978 actitabatur,
1317 1929 1365 1966 ut
1398 1929 1490 1966 tota
1526 1923 1614 1965 fere
1651 1925 1774 1966 Italia
1809 1925 1958 1967 Nolam
1995 1926 2249 1980 conflueret,
2283 1931 2325 1968 et
2360 1931 2544 1979 stipatam
2579 1929 2714 1968 multis

461 2005 578 2040 unam
598 2002 708 2039 iuvat
731 1999 896 2038 urbibus
922 1999 1073 2038 urbem.
1109 2020 1130 2027 -
1164 1999 1354 2047 Cernere,
1384 2002 1514 2049 totque
1534 2008 1611 2037 uuo
1634 1998 1833 2048 compulsa
1855 2001 2041 2038 examina
2061 2003 2162 2039 voto.
2183 1998 2383 2052 'Populos
2407 2002 2545 2040 autem
2566 1997 2713 2040 Italiae
2751 2052 2753 2054 Ι

461 2083 512 2112 eo
547 2073 823 2125 properantes
855 2069 1102 2110 nominatim
1142 2072 1329 2110 recenset
1362 2067 1562 2110 Paulinus
1597 2067 1640 2107 in
1672 2067 1797 2108 natal.
1831 2068 1909 2110 Ill.
1944 2069 1984 2109 S.
2018 2068 2182 2111 Felicis.
2215 2070 2397 2122 Romae,
2429 2073 2479 2111 ut
2508 2070 2713 2110 Baronius
2764 2098 2768 2101 -
2815 2100 2818 2102 -

461 2141 612 2191 refert,
636 2139 756 2181 «idem
785 2139 939 2180 festum
970 2140 1010 2179 S.
1046 2140 1246 2180 Damasus
1279 2137 1560 2190 carminibus,
1593 2132 1760 2178 sanctus
1794 2150 1896 2179 vero
1928 2139 2154 2191 Gregorius
2191 2139 2375 2181 homiliis
2412 2139 2466 2182 ad
2503 2139 2712 2194 populum

461 2210 701 2253 celebravit.
737 2209 1020 2261 Quamobrem
1051 2211 1091 2251 S.
1126 2209 1274 2251 Felicis
1304 2208 1507 2266 memoria
1534 2209 1592 2250 ita
1622 2209 1782 2250 Romae
1813 2209 2080 2263 percrebuit,
2113 2214 2161 2252 ut
2191 2210 2414 2265 peculiaris
2439 2210 2610 2264 quidam
2638 2222 2712 2252 ro—

459 2293 684 2324 manorum
715 2285 946 2335 martyrum
975 2281 1044 2322 hic
1074 2281 1187 2322 visus
1216 2274 1292 2338 sit:
1319 2291 1450 2334 quare
1475 2280 1519 2320 in
1547 2279 1854 2334 martyrologio
1883 2280 2191 2334 longobardico
2221 2281 2322 2323 cod.
2343 2284 2431 2323 vat.
2457 2282 2588 2324 5949.
2611 2286 2711 2336 post

459 2353 604 2397 nolani
633 2353 783 2395 Felicis
813 2353 1075 2406 memoriam,
1099 2352 1159 2396 ita
1186 2352 1361 2410 legitur:
1394 2354 1538 2393 Romae
1563 2353 1709 2392 natalis
1737 2355 1861 2392 sancti
1886 2353 2031 2393 Felicis
2058 2354 2102 2393 iu
2129 2355 2279 2393 Pa‘ncz‘s.
2313 2354 2366 2395 Et
2389 2353 2436 2395 iu
2461 2352 2710 2395 kalendario

459 2424 747 2466 beneventano
780 2436 895 2464 num.
920 2424 1050 2464 [1928.
1076 2424 1201 2463 sancti
1230 2424 1375 2463 Felicis
1399 2423 1624 2474 presbyteri
1653 2427 1692 2462 et
1718 2424 1928 2474 martyris,
1956 2429 1993 2463 et
2017 2427 2142 2464 sancti
2163 2425 2306 2464 Felicis
2335 2427 2377 2464 in
2406 2425 2563 2475 Pineis,
2592 2424 2712 2478 quasi

462 2495 546 2540 duo
578 2495 657 2538 hac
687 2495 753 2537 die
781 2496 936 2536 Felices
966 2495 1225 2535 colerentur:
1260 2493 1333 2535 sed
1365 2492 1569 2535 mendum
1600 2497 1684 2545 est,
1717 2505 1812 2534 nam
1844 2493 1995 2534 Pincae
2023 2493 2142 2535 locus
2172 2498 2235 2535 est
2266 2506 2400 2548 prope
2429 2494 2606 2546 Nolam,
2637 2494 2710 2536 ubi

461 2568 598 2609 sancti.
620 2567 767 2608 Felicis
806 2566 1044 2620 presbyteri
1084 2565 1227 2606 nolani
1263 2563 1439 2606 eeclesia
1475 2564 1554 2606 sita
1590 2569 1669 2612 est.
1711 2565 1825 2605 Bene
1865 2563 1995 2605 habet
2031 2569 2156 2606 vetus
2187 2577 2297 2606 rom.
2332 2565 2706 2620 martyrologium:

462 2641 585 2679 Nolae
614 2640 755 2679 Felicis
782 2640 1004 2690 presbyteri
1035 2640 1076 2677 in
1103 2638 1238 2676 Peneis
1267 2637 1429 2687 sepulti.
1465 2637 1516 2677 Et
1546 2635 1642 2677 Ado
1674 2637 1932 2678 viennensis:
1964 2631 2213 2689 sepultusque
2243 2642 2300 2678 est
2326 2639 2444 2679 iuxta
2471 2639 2610 2678 urbem
2631 2640 2712 2679 No-

462 2711 542 2749 lam
571 2712 614 2749 in
643 2710 725 2749 loco
755 2712 823 2760 qui
852 2709 997 2748 dicitur
1026 2708 1176 2747 Piucis.
1210 2708 1259 2747 In
1291 2705 1464 2759 reliquis
1495 2706 1692 2747 omnibus
1721 2706 2036 2760 martyrologiis
2065 2707 2199 2748 sancti
2229 2707 2377 2750 Felicis
2405 2706 2560 2749 festum
2586 2711 2712 2748 nota-

460 2783 549 2820 tum
580 2778 761 2820 habetur
792 2777 858 2819 die
890 2777 1048 2820 decima
1069 2781 1217 2831 quarta
1247 2777 1451 2829 ianuarii3
1477 2777 1519 2817 in
1550 2776 1633 2817 hoc
1664 2781 1802 2818 autem
1818 2776 2023 2831 pugillari
2046 2776 2208 2820 decima
2231 2765 2373 2830 tertia,
2399 2787 2483 2832 qua
2505 2778 2592 2820 dies
2614 2779 2712 2832 Epi-

461 2849 718 2903 phaniorum
753 2854 900 2890 octaxa
930 2850 1159 2902 peragitur.
1194 2847 1272 2888 Vel
1300 2847 1442 2901 lapsus
1471 2846 1664 2888 incisoris
1699 2851 1788 2900 est,
1821 2847 1888 2889 vel
1919 2848 1974 2929 ita
2008 2848 2179 2890 illorum
2214 2848 2372 2920 ferebat
2404 2860 2520 2919 mos,
2554 2848 2711 2903 quihus
2780 2902 2781 2905 Ἰ

460 2921 502 2961 in
533 2932 611 2961 usu
642 2920 724 2961 hoc
755 2919 958 2987 pugillare
988 2918 1083 2960 fuit.

1419 2991 1558 3042 Imaqo
1587 2995 1748 3042 quarta.

581 3062 726 3116 Neque
754 3062 867 3103 hunc
895 3063 1095 3103 sciremus
1126 3062 1218 3115 quis
1243 3064 1374 3111 esset,
1404 3060 1483 3102 nisi
1514 3061 1623 3114 pilus
1650 3060 1740 3112 ille,
1765 3061 1850 3102 sive
1878 3060 2098 3112 flosculuS,
2123 3061 2198 3114 qui
2226 3073 2248 3102 e
2272 3061 2525 3102 camelaucio
2550 3060 2705 3113 surgit,

463 3134 711 3174 monachum
741 3132 960 3188 pmderet.
994 3134 1058 3174 Ita
1085 3133 1270 3186 reliquos
1296 3132 1402 3174 solet
1432 3131 1665 3173 monachos
1695 3131 1820 3175 huius
1849 3132 2004 3179 incisor
2032 3131 2248 3186 pugillaris
2275 3135 2445 3182 notare;
2478 3131 2539 3172 sic
2566 3131 2705 3172 statim

463 3205 503 3244 S.
540 3205 790 3258 Antonium,
818 3210 860 3246 et
892 3205 999 3246 infra
1027 3205 1068 3245 S.
1092 3203 1364 3245 Benedictum
1394 3202 1703 3244 monachorum
1731 3206 1889 3255 patres.
1921 3203 2074 3244 Verum
2106 3202 2182 3243 hac
2211 3200 2351 3243 eadem
2384 3200 2473 3254 die}
2498 3212 2605 3254 quae
2639 3201 2705 3241 ia-

465 3275 599 3323 nuarii
629 3276 775 3328 quinta
809 3275 968 3318 decima
998 3280 1084 3329 est,
1117 3279 1218 3316 tres
1227 3274 1386 3316 habent
1414 3275 1588 3327 antiqua
1615 3273 1921 3328 martyrologia
1953 3272 2137 3313 eiusdem
2172 3272 2352 3313 instituti
2381 3273 2492 3313 viros
2515 3271 2703 3323 sanctos,

463 3344 664 3395 Paulum,
695 3347 767 3398 qui
795 3347 955 3399 primus
970 3347 1114 3387 eremi
1143 3346 1283 3387 cultor
1311 3344 1570 3399 appellatum
1603 3344 1826 3385 Macarium
1856 3344 1895 3384 S.
1928 3343 2117 3384 Antonii
2131 3341 2407 3396 discipulum;
2441 3346 2484 3384 et
2514 3343 2706 3383 Maurum

464 3415 505 3455 S.
531 3413 745 3455 Benedicti
774 3416 1009 3470 alumnum,
1034 3417 1121 3458 vita
1151 3421 1192 3458 et
1212 3416 1422 3458 miraculis
1447 3415 1650 3457 illustres,
1682 3415 1743 3456 Ex
1765 3412 1853 3466 his,
1880 3415 2052 3468 quinam
2079 3415 2345 3468 potissimum
2373 3414 2443 3456 hic
2473 3414 2706 3468 descriptus

465 3484 544 3536 sit,
567 3483 682 3526 haud
715 3484 886 3527 difficile
917 3492 978 3528 est
1003 3488 1238 3541 coniicere3
1262 3500 1357 3529 cum
1387 3486 1439 3528 de
1466 3485 1634 3528 duobus
1662 3485 1745 3545 illis
1772 3485 2078 3531 Thebaidos,et
2106 3485 2289 3540 Aegypti
2315 3484 2589 3527 solitudinum
2617 3485 2707 3527 cul-

464 3554 652 3607 toribus,
678 3554 780 3596 licet
808 3556 853 3596 in
885 3559 1065 3599 romanis
1090 3559 1406 3614 martyrologiis
1433 3558 1574 3612 aliqua
1606 3556 1761 3609 mentio
1789 3557 1867 3609 sit,
1901 3555 2013 3598 nulla
2041 3560 2184 3598 tamen
2215 3559 2324 3597 extet
2354 3557 2396 3598 in
2429 3555 2702 3608 kalendariis,

466 3629 614 3679 utpote
645 3636 825 3678 quorum
863 3625 1013 3668 festum
1045 3628 1091 3669 in
1123 3629 1250 3671 Italia.
1276 3630 1446 3671 minime
1481 3627 1777 3670 celebraretur.
1809 3627 1942 3682 Mauri
1971 3639 2070 3668 vero
2105 3626 2307 3669 memoria
2346 3628 2390 3669 in
2425 3626 2540 3678 fastis
2574 3626 2705 3668 bene-

465 3701 695 3747 v‚entanae
721 3709 772 3738 ac
800 3698 1100 3739 nonnullarum
1124 3700 1267 3742 ltaliae
1296 3700 1564 3743 ecclesiarum
1593 3699 1822 3753 reperiturt
1856 3698 1905 3739 in
1929 3696 2181 3739 kalendariis
2205 3702 2345 3739 autem
2374 3696 2585 3739 Gallorum
2610 3709 2705 3751 pas-

468 3767 546 3807 sim
574 3766 781 3819 habetur3
806 3779 1058 3822 quamquam
1082 3770 1116 3810 V
1121 3771 1267 3812 esontii
1292 3771 1371 3812 hac
1399 3770 1465 3812 die
1484 3771 1526 3812 S.
1555 3769 1784 3812 Iohannem
1812 3767 2046 3850 Calybitam
2072 3771 2343 3819 xenerantur,
2370 3766 2444 3821 qui
2470 3766 2555 3808 sub
2568 3766 2705 3808 Theo

466 3837 588 3880 dosio
621 3837 782 3880 floruit.
2013 3852 2017 3856 -
2620 3850 2623 3853 “
2663 3851 2666 3854 ·
