2970 4420
754 337 861 389 DE
913 335 1413 390 THEODORO
1466 335 2093 390 MELITENIOTA
2455 252 2550 298 449

1230 472 1612 514 MONITUM.

287 588 355 662 Α
383 626 530 667 Nicetis
549 625 605 666 ad
628 625 845 666 Theodoros
867 626 1113 667 redeundum
1141 630 1211 667 est.
1244 626 1346 667 Sane
1369 638 1484 678 quem
1506 625 1620 666 modo
1642 625 1792 666 edituri
1817 623 1951 666 sumus
1976 624 2219 667 Theodorum
2246 627 2544 680 meliteniotam‚

244 683 251 688 ’
286 696 333 736 in
353 701 556 748 postrema
581 697 809 749 qraecitatis
836 701 963 738 aetate
994 698 1197 738 collocavit
1223 697 1398 737 Allatius
1425 696 1591 737 diatrib.
1624 709 1667 736 n.
1700 695 1936 746 CXXXIII,
1972 697 2042 747 qui
2073 707 2161 735 eum
2187 693 2295 745 facit
2321 698 2552 738 scribentem

285 779 388 808 anno
404 767 567 809 Christi
600 767 726 809 1361.
759 769 833 809 sub
866 769 1041 809 Iohanne
1067 769 1107 810 I.
1130 769 1367 820 palaeoloqo
1393 768 1646 820 imperatore.
1679 767 1759 807 Sed
1784 770 1913 807 tamen
1939 779 2018 807 non
2048 766 2180 806 omnia
2208 779 2330 818 nova,
2357 767 2552 809 deteriora

284 843 397 891 sunt,
425 841 533 892 quod
555 843 599 880 in
623 843 772 881 cunctis
793 841 940 893 linquis
963 841 1204 894 populisque
1225 841 1509 892 comperimus;
1532 828 1574 880 'et
1600 841 1685 892 ipse
1707 840 1884 880 Allatius
1911 851 2009 892 opus
2034 839 2246 891 Theodori,
2275 851 2370 879 mox
2392 852 2418 879 a
2444 841 2552 880 nobis

277 915 432 965 partim
460 913 676 964 edendum,
703 914 769 954 vel
790 917 926 966 potius
955 914 1232 964 delibandum,
1259 913 1362 953 dicit·
1385 913 1562 962 doctum,
1591 913 1726 953 divina
1746 913 1926 953 doctrina
1948 911 2159 963 refertum,
2188 916 2229 952 et
2255 913 2419 964 diqnum
2449 914 2554 964 quod

283 984 411 1024 lucem
439 984 587 1025 videat.
620 985 695 1025 Est
714 989 856 1025 'autem
874 984 971 1025 haec
999 996 1234 1036 qraecorum
1256 987 1461 1024 auctorum
1484 987 1601 1024 etiam
1624 985 1750 1026 intimi
1778 986 1866 1024 aevi
1886 984 1973 1024 laus
2000 983 2283 1035 quodammodo
2306 984 2544 1035 sinqularis‚

282 1059 329 1096 ut
362 1055 564 1108 eleqanter
597 1056 874 1108 emendateque
902 1057 1090 1108 plerique
1127 1068 1258 1096 omnes
1294 1058 1546 1108 scripserint,
1589 1056 1838 1108 Blemmydes
1849 1086 1861 1107 ,
1891 1059 2020 1108 puta,
2060 1056 2251 1095 Gemistus
2262 1082 2288 1106 ,-
2313 1054 2517 1095 Planudes
2532 1086 2544 1106 ,

285 1126 419 1178 Gaza,
447 1128 673 1167 Demetrius
701 1127 911 1179 cydonius,
941 1128 1174 1178 Bessarion,
1211 1127 1289 1168 alii
1316 1128 1436 1167 multi
1442 1142 1458 1178 ;
1487 1127 1582 1167 dum
1611 1129 1770 1167 interim
1796 1128 1928 1167 Latini
1956 1127 2082 1167 nostri
2110 1127 2323 1166 ruditatem
2353 1126 2553 1178 quandam

281 1198 478 1238 scribendi
504 1210 605 1250 prae
633 1211 673 1238 se
692 1197 904 1250 serebant:
933 1199 1063 1243 donec,
1077 1200 1203 1250 paulo
1228 1203 1323 1250 post
1347 1199 1495 1250 politis
1515 1201 1658 1238 iterum
1689 1199 1799 1251 apud
1827 1211 1895 1239 nos
1926 1199 2091 1248 litteris,
2126 1201 2257 1238 tantus
2287 1198 2407 1237 rediit
2437 1198 2552 1238 latini

281 1272 470 1310 sermonis
499 1270 632 1322 lepor,
665 1274 713 1310 ut
739 1272 820 1310 iam
852 1270 1014 1310 Graecis
1041 1271 1300 1311 invidendum
1329 1282 1407 1310 non
1428 1269 1574 1321 suerit.

398 1342 535 1392 Iqitur
564 1341 632 1381 hic
662 1341 885 1382 Theodorus
918 1344 1121 1393 exeqetica
1152 1342 1316 1382 scientia
1345 1346 1384 1381 et
1416 1342 1658 1392 eloquentiae
1691 1345 1804 1393 copia
1837 1342 2085 1382 abundanter
2111 1341 2343 1394 praeditus,
2380 1344 2550 1392 quatuor

281 1413 488 1464 evanqelia
507 1414 550 1452 in
571 1424 692 1453 unam
721 1413 910 1463 seriemfa
930 1425 971 1452 se
992 1425 1191 1465 connexa,
1219 1425 1317 1454 novo
1338 1413 1610 1453 commentarii
1636 1425 1780 1464 qenere
1802 1414 2057 1465 explananda
2078 1416 2267 1464 suscepit:
2291 1423 2430 1463 nempe
2451 1423 2550 1463 opus

279 1494 396 1523 suum
424 1485 468 1523 in
496 1484 699 1524 volumina
727 1496 864 1524 novem
892 1485 1076 1536 diqessit,
1111 1496 1279 1536 quorum
1307 1485 1466 1536 sinqula
1498 1484 1656 1524 totidem
1688 1468 1905 1528 διαλέξεις,
1936 1485 1982 1524 id
2004 1489 2063 1524 est
2089 1496 2302 1534 sermones,
2330 1483 2542 1533 habebant,

277 1556 351 1606 qui
374 1565 506 1595 omnes
532 1557 740 1595 immanem
763 1558 882 1594 unius
907 1567 1032 1606 supra
1059 1555 1256 1608 octoqinta
1282 1567 1504 1596 sermonum
1531 1568 1722 1596 summam
1745 1554 1981 1606 efficiebant.
2016 1556 2094 1595 Sed
2114 1558 2217 1595 enim
2244 1567 2297 1594 esc
2323 1565 2460 1594 novem
2487 1553 2549 1593 his

244 1674 247 1679 ,
277 1625 562 1676 voluminibus,
591 1637 716 1666 unum
741 1627 1006 1666 tantummodo
1035 1629 1079 1666 in
1106 1627 1290 1667 vaticana
1318 1627 1495 1666 codicum
1526 1626 1780 1676 bibliotheca,
1801 1626 1880 1682 sub
1907 1637 2067 1665 numero
2089 1624 2172 1665 684
2185 1607 2201 1676 ’,
2225 1625 2415 1674 habetur,
2444 1624 2551 1675 quod

279 1700 338 1737 est
360 1697 480 1737 seriei
501 1697 735 1749 praedictae
764 1693 967 1749 quartum,
996 1697 1192 1749 soliorum
1212 1699 1314 1740 360.
1339 1701 1381 1739 in
1403 1698 1428 1738 4
1446 1727 1458 1750 ,
1482 1699 1705 1750 scripturae
1733 1698 1778 1737 in
1807 1698 1945 1738 charta
1964 1697 2060 1736 satis
2083 1699 2321 1748 perspicuae
2350 1700 2388 1747 et
2418 1707 2549 1735 emen-

278 1767 412 1809 datae.
436 1768 588 1820 Scopus·
602 1771 643 1808 et
663 1771 764 1808 ratio
773 1768 905 1818 'totius
927 1772 1057 1822 operis
1078 1772 1320 1822 proponitur
1339 1770 1384 1810 in
1411 1781 1454 1809 eo
1477 1770 1660 1821 exordio,
1689 1770 1796 1821 quod
1816 1770 1990 1809 Allatius
2013 1771 2055 1808 in
2077 1767 2252 1807 diatriba
2270 1779 2343 1806 sua
2366 1778 2415 1818 p.
2447 1766 2542 1807 191.

280 1839 480 1891 recitavit,
511 1840 692 1892 quodque
721 1832 834 1880 initio
864 1843 999 1893 quarti
1029 1842 1126 1881 tomi
1151 1843 1279 1882 nescio
1309 1841 1500 1893 quomodo
1530 1845 1799 1881 conservatum
1821 1841 1921 1893 ficit.

399 1910 510 1961 Quid
536 1913 725 1963 aqerem?
753 1912 854 1952 Sane
875 1914 1031 1953 animus
1059 1913 1202 1952 avebat
1221 1917 1344 1959 totum
1373 1925 1471 1965 opus
1493 1916 1535 1952 in
1558 1914 1683 1953 lucem
1706 1914 1965 1964 protrahere,
1995 1917 2118 1953 totum
2146 1913 2239 1952 item
2271 1913 2397 1952 latina
2418 1914 2549 1950 trans-

277 1981 424 2023 latione
445 1981 609 2022 donare.
642 1982 723 2023 Sed
748 1994 827 2022 non
848 1985 979 2023 omnia
1005 1995 1211 2035 possumus
1232 1996 1388 2035 omnes,·
1412 1987 1553 2024 etenim
1578 1984 1643 2024 hic
1662 1996 1765 2024 unus
1794 1972 1936 2034 codex,
1965 1984 2003 2023 si
2022 1984 2152 2023 debito
2174 1985 2374 2035 apparatu
2395 1982 2547 2021 instru-

276 2056 383 2104 ctus,
407 2065 548 2105 qraece
573 2054 769 2106 latineque
791 2054 997 2107 ederetur,
1029 2056 1123 2106 plus
1141 2068 1265 2107 aequo
1285 2056 1383 2096 mihi
1403 2060 1554 2107 tempus
1573 2058 1763 2107 eriperet,
1795 2060 1834 2096 et
1852 2057 2019 2107 plenu-m
2036 2055 2323 2107 propemodum
2346 2056 2548 2104 conficeret

275 2135 398 2164 novae
424 2124 544 2164 huius
574 2124 828 2178 bibliothecae
857 2126 1055 2166 volumen.
1092 2126 1411 2167 Contrahendum
1430 2129 1563 2178 itaque
1585 2127 1790 2167 consilium
1807 2125 1920 2177 suit:
1945 2130 1985 2166 et
2004 2126 2188 2177 quoniam
2216 2129 2353 2164 auctor
2371 2124 2547 2175 sinqulos

275 2206 470 2236 sermones
487 2207 597 2247 suos,
623 2207 731 2235 more
757 2196 1043 2248 Chrysostomi‚
1068 2192 1215 2239 morali
1235 2200 1512 2249 peroratione,
1542 2198 1688 2240 diserta
1708 2197 1838 2238 hercle
1859 2202 1899 2238 et
1917 2198 2104 2249 perutili,
2132 2196 2354 2246 concludit,·
2378 2195 2449 2234 has
2473 2206 2542 2234 nos

235 2298 238 2299 γ
275 2269 406 2320 operis
433 2267 602 2307 morales
624 2269 764 2319 partes
791 2268 849 2310 ad
874 2268 1120 2320 vulqandum
1140 2269 1374 2321 deleqimus
1406 2270 1463 2310 Et
1483 2271 1644 2322 priores
1665 2270 1824 2321 quidem
1846 2282 1938 2321 sear,
1968 2281 2107 2339 qraece
2139 2272 2311 2319 tantum,
2343 2268 2543 2307 brevitatis

275 2348 417 2389 causa,
437 2340 650 2390 ponimus;
676 2342 755 2379 tres
772 2350 865 2379 vero
888 2341 1127 2391 posteriores
1152 2345 1392 2393 properante
1414 2341 1563 2381 calam'o
1586 2341 1730 2381 latinas
1752 2343 1867 2380 etiam
1890 2340 2082 2391 fecimus,
2112 2340 2304 2390 praefizis
2323 2338 2468 2389 ubique
2489 2339 2543 2377 ti-

278 2408 394 2460 tulis,
423 2420 519 2460 quos
547 2413 685 2457 auctor
713 2412 796 2460 ipse
825 2412 868 2450 in
891 2413 1058 2462 praevio
1087 2412 1240 2462 syllabo
1269 2414 1451 2463 scripsit,
1476 2424 1712 2464 quamquam
1745 2413 1940 2452 breviores
1968 2413 2183 2452 necessario
2212 2414 2303 2450 sunt
2330 2410 2375 2449 hi
2405 2412 2536 2460 tituli,

277 2489 403 2529 neque
423 2481 518 2518 satis
545 2478 711 2530 diqnum
740 2480 988 2521 disertissimi
1007 2484 1145 2533 scripti
1167 2483 1427 2533 praeludium
1449 2483 1660 2533 praebent.
1693 2483 1826 2534 Iqitur
1851 2485 1945 2522 navi
1973 2482 2212 2533 studiosique
2237 2482 2396 2521 lectores
2418 2481 2541 2520 multo

210 2566 215 2570 ·
276 2560 351 2600 per
371 2561 413 2589 se
435 2550 577 2590 melius
601 2550 796 2591 Theodori
819 2555 943 2592 nostri
972 2553 1251 2604 eloquentiam,
1278 2554 1440 2606 diqnam
1460 2554 1626 2605 aedepol
1645 2555 1872 2595 melioribus
1891 2554 2077 2604 saeculiS,
2103 2555 2309 2593 aestimare
2337 2557 2537 2604 poterunt.

400 2609 676 2662 Verumtamen
706 2622 779 2662 hoc
799 2626 1019 2674 praecipue
1048 2636 1109 2664 me
1132 2628 1351 2676 permovit,
1387 2629 1433 2664 ut
1461 2628 1588 2664 octavi
1616 2626 1820 2677 prolixam
1845 2639 1949 2678 prae
1982 2626 2121 2666 ceteris
2153 2625 2341 2664 sermonis
2371 2635 2540 2675 perora-

279 2693 422 2732 tionem
450 2703 529 2732 non
557 2695 795 2743 omitterem,
827 2695 946 2733 immo
974 2698 1012 2733 et
1040 2695 1166 2734 latina
1196 2697 1516 2747 interpretatione
1549 2699 1780 2748 comitarer,
1812 2700 1907 2749 quia
1938 2698 1995 2736 ibi
2029 2697 2230 2736 luculenta
2262 2699 2303 2735 et
2329 2695 2539 2746 praeclara

275 2764 343 2814 fit
358 2765 551 2815 expositio
567 2763 671 2814 fidei
658 2791 692 2815 ,
721 2775 840 2815 quam
859 2764 908 2804 de
933 2777 987 2805 ss.
1011 2765 1287 2806 Eucharistiae
1310 2767 1494 2818 mysterio
1513 2779 1657 2819 qraeca
1673 2771 1832 2820 pariter
1861 2780 1948 2808 cum
1971 2768 2095 2807 latina
2118 2769 2330 2818 profitetur
2357 2766 2535 2805 ecclesia.

277 2834 434 2875 Scilicet
457 2834 537 2874 duo
564 2837 656 2874 sunt
677 2837 890 2886 praecipui
917 2834 1245 2876 heterodoxorum
1270 2839 1312 2876 in
1338 2837 1531 2883 occidente
1554 2850 1708 2878 errores
1731 2843 1866 2879 contra
1889 2838 2205 2904 Eucharistiam;
2229 2849 2396 2888 quorum
2424 2838 2538 2887 prior

276 2908 400 2956 neqat
429 2893 904 2958 transubstantiationem,
940 2906 989 2946 id
1017 2911 1073 2946 est
1098 2910 1218 2958 panis
1251 2919 1298 2947 ac
1331 2909 1417 2948 vini
1449 2911 1492 2949 in
1526 2908 1673 2950 Christi
1709 2921 1850 2960 corpus
1882 2911 2187 2961 sanquinemque
2223 2909 2534 2957 conversionem,-

278 2975 404 3026 alter,
433 2987 512 3015 non
540 2986 682 3026 corpus
712 2975 880 3027 Christi,
908 2977 979 3016 sed
1000 2979 1084 3017 eius
1103 2981 1238 3028 potius
1265 2982 1402 3031 typum
1429 2981 1493 3020 vel
1505 2982 1686 3032 fiquram
1714 2982 1757 3020 in
1775 2993 1883 3032 pane
1908 2983 2072 3031 vinoque
2098 2982 2317 3019 consecrato
2345 2981 2532 3028 aqnoscit.

281 3047 423 3098 Utique
443 3048 562 3098 prior
587 3058 700 3086 error
715 3049 930 3098 posteriori
955 3050 1060 3088 viam
1082 3052 1245 3089 sternit:
1266 3062 1358 3090 nam
1380 3053 1415 3090 si
1437 3051 1552 3090 nulla
1575 3051 1813 3091 substantiae
1837 3053 2031 3091 conversio
2052 3053 2281 3102 perficitur,
2305 3053 2536 3100 manentque

271 3117 395 3170 panis
422 3129 471 3157 ac
496 3119 657 3168 vinum5
680 3128 822 3169 corpus
854 3118 1024 3170 Christi,
1054 3123 1110 3159 tot
1135 3132 1268 3160 sacrae
1295 3124 1514 3173 scripturae
1534 3126 1775 3174 patrumque
1806 3125 2031 3162 testimoniis
2060 3125 2102 3161 in
2133 3121 2385 3161 Eucharistia
2409 3133 2535 3160 asser-

280 3192 384 3239 tum,
413 3188 575 3228 ubinam
604 3189 690 3227 est?
717 3188 904 3239 Sequitur
933 3200 1047 3240 erqo,
1081 3194 1128 3230 ut
1154 3193 1307 3231 nonnisi
1328 3193 1477 3244 βφπθ-α’
1500 3195 1585 3232 eius
1613 3205 1660 3232 ac
1689 3194 1991 3244 repraesentatio
2019 3193 2063 3233 in
2092 3192 2163 3232 hoc
2188 3191 2417 3244 peraqendo
2448 3203 2536 3242 my-

278 3261 397 3298 sterio
415 3260 512 3309 fiat.
546 3258 817 3310 Perit-itaque
834 3258 1096 3311 funditusque
1125 3261 1280 3302 deletur
1304 3264 1629 3314 pretiosissimum
1657 3265 1830 3304 omnium
1857 3264 2015 3304 (livinae
2045 3276 2140 3315 erqa
2164 3275 2232 3303 nos
2259 3250 2435 3302 caritatis
2463 3261 2536 3301 do-

280 3333 501 3369 cumentum
530 3340 578 3368 ac
605 3329 767 3369 donum.
800 3330 932 3369 Primi
961 3334 1107 3371 erroris
1133 3334 1385 3385 primipilum
1414 3346 1454 3373 se
1484 3335 1764 3386 quodammodo
1794 3335 1887 3374 olim
1916 3334 2016 3386 (an.
2051 3334 2212 3385 1675.)
2242 3335 2436 3373 constituit
2465 3333 2535 3372 Io·

279 3399 427 3443 hannes
459 3400 691 3451 anqlicanus
719 3400 909 3440 Dunelmi
936 3403 1119 3453 praesul,
1155 3403 1259 3444 edito
1291 3405 1393 3444 libro
1425 3417 1511 3445 cum
1543 3405 1615 3445 hoc
1647 3408 1848 3453 invenusto
1878 3406 1993 3446 titulo
2024 3403 2210 3446 Historia
2244 3403 2535 3445 transubstan-

281 3467 472 3511 tiationis
500 3468 688 3524 papalis;
711 3471 826 3522 quasi
851 3470 948 3511 haec
974 3472 1151 3513 doctrina
1176 3475 1332 3515 nonnisi
1352 3476 1516 3527 papalis
1542 3478 1614 3526 sit,
1643 3476 1868 3516 decernente
1895 3478 2128 3527 praesertim
2158 3478 2271 3515 tertio
2290 3473 2531 3515 Innocentio.

282 3542 406 3592 Atqui
438 3543 556 3581 etiam
593 3541 754 3592 Graeci,
789 3543 1093 3595 nominatimque
1127 3549 1255 3593 noster
1291 3546 1534 3598 Theodorus,
1566 3547 1667 3587 hanc
1694 3548 1859 3588 clamose
1893 3548 2111 3587 doctrinam
2142 3560 2210 3588 ore
2240 3548 2425 3599 proprio,
2458 3557 2536 3585 non

281 3615 413 3651 autem
432 3611 599 3663 papali,
630 3613 923 3664 depraedicant.
957 3614 1062 3654 Nam
1090 3605 1196 3666 quod
1221 3616 1366 3657 dicitur
1392 3630 1417 3657 a
1443 3617 1552 3658 nobis
1573 3619 1762 3670 viqilante
1783 3620 1970 3660 vocabulo
1997 3619 2388 3678 transubstantiari,
2408 3627 2455 3666 id
2475 3630 2535 3667 vi-

279 3682 424 3722 delicet
450 3694 476 3721 a
507 3682 727 3735 Theodoro,
761 3696 850 3724 eum
876 3696 1019 3736 qraeca
1048 3687 1229 3738 ecclesia,
1262 3687 1397 3728 eadem
1419 3701 1586 3740 prorsus
1613 3692 1767 3730 notione
1795 3690 1982 3741 deffinitur
2009 3676 2371 3740 μεταβαλλεσθαι,
2405 3706 2532 3745 μετα-

279 3742 508 3798 ποιεῖσθαι,
540 3738 931 3803 μετασκευάζεσὲαι,
964 3742 1276 3805 μεθιστασθαι,
1302 3744 1750 3810 μεταστιχειῶσασθαι,
1777 3751 1983 3798 ποιεῖσθαι
2011 3764 2077 3804 vel
2103 3747 2286 3814 γινεσὲαι
2320 3776 2434 3816 σωμα
2466 3779 2530 3805 και

282 3831 389 3872 αιμα
420 3813 617 3875 Χριστσῧ-
652 3827 757 3866 Haec
784 3828 971 3868 nimirum
1001 3831 1138 3895 cuncta
1166 3828 1355 3870 vocabula
1385 3830 1530 3882 leqenti
1561 3831 1803 3873 Theodorum
1831 3835 1963 3874 statim
1995 3840 2265 3876 occurrent..

1773 3911 1776 3914 ’
2272 3911 2320 3942 57
