2970 4420
448 296 551 327 XLVI
1007 339 1010 342 ἢ
1059 293 1061 295 ’
1362 293 1535 325 NICOLAI
1569 291 1793 323 ALEMANM

1412 369 1551 419 Imaqo
1581 371 1739 419 quarta.
1837 422 1840 425 Α

564 441 784 484 Callistum
817 439 943 487 etiam
975 453 1194 483 romanam
1226 438 1494 495 pontificem,
1520 449 1645 492 quem
1675 437 1759 478 hoe
1787 437 1952 490 signum
1975 441 2282 492 repraesentat,
2309 438 2353 479 in
2386 437 2583 480 omnibus
2606 438 2708 485 Gal,

447 513 587 559 lorum
617 513 733 555 fastis
765 517 959 555 notatum
989 512 1181 566 legimus.

1222 580 1224 583 ’
1412 582 1551 632 Imaqo
1581 583 1732 632 quinta.

563 657 696 698 Lucas
727 655 942 710 apostolus
972 659 1013 696 et
1044 652 1311 707 evangelista.
1643 658 1645 660 ’
2669 664 2708 700 ,μ

1431 724 1567 775 Imaqo
1596 728 1724 763 seoeta.

565 799 711 840 Pictor
741 797 824 839 hoc
854 797 976 850 signo
1009 795 1248 837 coloniense
1280 794 1580 836 coemeterium
1611 793 1667 837 ob
1699 793 1848 835 oculos
1880 795 2108 849 proponit,
2137 794 2183 836 in
2213 806 2299 848 quo
2331 794 2503 836 Ursulae
2534 795 2709 849 eiusque

448 868 660 911 sodalium
691 868 901 921 virginum
932 878 1114 921 corpora
1145 864 1316 906 condita
1344 868 1466 917 sunt3
1493 876 1676 918 quarum
1704 863 1923 911 celebritas
1943 876 1966 905 a
1987 864 2303 906 Coloniensibus
2330 863 2602 919 finitimisque
2630 876 2708 919 po-

450 939 561 994 pulis
592 938 731 993 primo
763 939 826 990 agi
862 938 1027 991 eoepit,
1059 937 1103 977 in
1135 936 1233 977 alias
1264 934 1414 976 deinde
1450 934 1695 990 provincias
1726 935 1930 990 pervasit.
1963 935 2012 976 In
2042 934 2162 976 Italia
2191 934 2435 988 longissimo
2467 940 2566 990 post
2595 939 2706 977 tem-

434 1017 554 1064 pore
585 1012 786 1063 usurpata
814 1007 920 1059 fuit,
954 1006 1072 1061 quod
1103 1019 1190 1048 non
1220 1005 1357 1047 solum
1389 1017 1565 1047 romana
1601 1004 1869 1059 kalendaria,
1903 1004 1976 1047 sed
2007 1005 2134 1047 etiam
2163 1004 2476 1058 beneventana,
2510 1010 2552 1047 et
2581 1017 2706 1049 man-

426 1064 579 1123 stuana
611 1082 833 1122 testantur.
868 1078 1066 1120 Romanis
1088 1077 1207 1118 fastis
1229 1076 1400 1131 quando
1431 1077 1515 1119 boc
1536 1077 1691 1119 festum
1720 1077 1893 1119 inscribi
1916 1077 2101 1131 primum
2127 1077 2343 1131 coeperit,
2376 1077 2518 1119 dicere
2549 1089 2578 1132 q
2599 1077 2746 1119 uidem

450 1151 643 1206 expedite
674 1163 760 1192 non
792 1161 988 1204 possum,
1021 1147 1095 1190 sed
1127 1148 1170 1189 in
1203 1147 1422 1190 breviariis
1457 1148 1576 1190 Pauli
1607 1149 1664 1190 ΙΙ.
1698 1151 1891 1203 tempore
1929 1148 2110 1190 exaratis
2143 1147 2260 1189 nulla
2295 1149 2382 1189 eius
2418 1148 2515 1205 festi
2546 1149 2705 1190 mentio

449 1223 642 1265 liabetur.
675 1223 778 1263 Nam
809 1220 860 1262 de
892 1219 1179 1261 sacramentali
1210 1220 1461 1273 gregoriano
1492 1218 1596 1261 nihil
1625 1220 1777 1261 attinet
1809 1219 1972 1272 dicere,
2006 1231 2142 1273 neque
2173 1218 2225 1261 de
2256 1219 2566 1273 antiquioribus
2595 1221 2704 1266 vati-‚-

449 1296 562 1337 canis
593 1293 841 1335 kalendariis
872 1304 914 1332 n.
946 1291 1075 1332 3548.
1108 1292 1239 1332 3806.
1264 1291 1397 1333 4756.
1427 1292 1559 1334 4770.
1583 1292 1722 1344 4772,
1750 1292 1792 1333 in
1825 1290 1981 1346 quibus
2011 1290 2175 1333 nullum
2204 1289 2496 1332 sollemnitatis
2523 1290 2706 1334 eiusdem

448 1365 671 1420 vestigium
703 1363 974 1418 apparet.„·In
1006 1374 1181 1404 romano
1213 1363 1345 1404 veteri
1377 1362 1684 1418 martyrologio
1717 1375 1740 1404 a
1765 1364 1814 1405 P.
1840 1361 2066 1405 Rosweido
2097 1362 2271 1415 vulgato
2303 1373 2390 1403 non
2419 1366 2549 1404 extat.
2579 1363 2631 1404 In
2654 1375 2705 1405 eo

448 1441 610 1487 autem,
645 1447 731 1489 quo
763 1446 874 1475 nunc
910 1433 1094 1486 utimur,
1127 1437 1169 1474 et
1203 1445 1424 1476 romanum
1464 1433 1750 1488 appellamus,
1784 1437 1896 1475 extat
1929 1432 2127 1488 quidem,
2161 1431 2375 1487 sedillud
2409 1444 2459 1474 ex
2493 1432 2630 1475 Bedae
2665 1438 2707 1485 et

446 1504 646 1557 Usuardi,
672 1504 755 1546 hoc
778 1508 838 1546 est
868 1503 1088 1545 hominum
1119 1503 1480 1558 transalpinorum
1507 1503 1848 1559 martyrologiis,
1876 1502 2105 1545 con-flatum
2132 1507 2209 1545 cst.
2244 1504 2357 1557 Ergo
2384 1504 2533 1563 Ursula
2556 1514 2707 1551 nume·

448 1576 704 1619 rosissimam
724 1574 939 1629 virginum
970 1574 1143 1616 classem
1165 1576 1344 1617 Romam
1377 1575 1568 1630 appulit,
1594 1575 1728 1616 Roma
1747 1586 1847 1615 vero
1880 1574 2097 1616 Coloniam
2127 1574 2275 1628 solvit,
2299 1586 2380 1616 una
2411 1586 2507 1616 cum
2530 1587 2706 1617 romano

446 1645 647 1701 pontifice
679 1646 757 1697 (l),
791 1649 833 1686 et
864 1644 979 1687 nulla
1009 1647 1098 1687 eius
1127 1645 1188 1687 rei
1218 1646 1422 1688 memoria
1452 1645 1493 1687 in
1525 1644 1711 1686 romanis
1741 1644 1913 1686 tabulis.

1398 1719 1536 1769 Imaqo
1566 1720 1746 1769 septima,
1792 1743 1795 1747 ,

561 1788 714 1844 vigilia
746 1793 787 1830 et
817 1789 970 1830 festum
999 1792 1242 1831 sanctorum
1262 1788 1440 1830 Simonis
1459 1792 1502 1830 et
1521 1786 1651 1829 Iudae
1683 1787 2000 1842 apostolorum,
2024 1799 2208 1842 quorum
2239 1787 2343 1829 alter
2365 1788 2547 1830 cultrum
2577 1800 2704 1830 manu

447 1863 606 1914 gestat,
639 1863 687 1901 ut
716 1859 931 1914 hodieque
961 1860 1079 1914 pingi
1109 1859 1233 1901 solet.
1450 1915 1454 1920 Ι
1848 1862 1849 1865 ’
2615 1870 2619 1875 ’

598 1984 606 1991 ,
1188 1931 1201 1938 f
1408 1932 1546 1984 Imaqo
1580 1936 1733 1973 octava.

570 2002 817 2055 Quinctinus
846 2006 1010 2058 martyr
1040 2014 1163 2057 quem
1194 2003 1265 2044 hic
1294 2001 1509 2056 videmus,
1533 2013 1730 2043 romanus
1761 1993 1863 2043 civis
1893 2001 1998 2054 fuit,
2023 2005 2066 2042 et
2096 2002 2161 2043 vir
2192 2000 2353 2042 ordinis
2383 2002 2605 2056 senatorii,
2632 2002 2704 2044 sed

446 2075 490 2116 in
514 2073 658 2115 Galliis
689 2072 804 2127 apud
825 2073 1061 2127 Augustam
1086 2072 1476 2115 Veromanduorum
1499 2073 1665 2115 Christo
1689 2072 1941 2127 martyrium
1970 2072 2092 2125 fecit,
2117 2076 2158 2113 et
2185 2075 2232 2113 ut
2255 2070 2483 2125 Gregorius
2503 2077 2706 2115 turonen·—

446 2145 500 2186 sis
531 2145 587 2185 ait
618 2143 669 2186 de
700 2144 811 2197 glor.
836 2148 1013 2199 martyr.
1041 2156 1137 2198 cap.
1165 2145 1236 2187 72.
1263 2148 1305 2186 et
1329 2145 1400 2186 73.
1426 2143 1659 2197 insignibus
1689 2143 1899 2185 miraculis
1929 2143 2107 2195 claruit,
2132 2142 2286 2197 quibus
2312 2143 2500 2185 omnium
2529 2144 2706 2192 transal-

445 2215 639 2269 pinarum
671 2214 942 2256 ecclesiarum
965 2214 1164 2268 pietatem
1194 2215 1237 2256 in
1261 2227 1303 2256 se
1327 2214 1546 2267 excitavit,
1571 2218 1619 2256 ut
1648 2213 1816 2256 illarum
1847 2226 1987 2256 sacrae
2010 2213 2180 2254 tabulae
2205 2212 2471 2255 confirmant.
2507 2216 2542 2255 A
2566 2213 2705 2269 Belgis

445 2288 485 2326 et
507 2284 636 2325 Gallis
668 2283 895 2325 diaconum
926 2284 1099 2338 depingi
1121 2284 1414 2338 Quinctinum,
1442 2289 1590 2326 auctor
1621 2289 1683 2327 est
1706 2285 1914 2326 Iohannes
1937 2284 2128 2326 Molanus
2157 2283 2232 2325 lib.
2258 2285 2335 2325 Ill.
2361 2283 2419 2326 de
2445 2283 2543 2325 hist.
2570 2284 2702 2337 imag.

445 2355 523 2397 Hic
554 2367 646 2396 eum
680 2355 807 2396 clavis
840 2359 1003 2397 tantum
1033 2355 1246 2397 confixum
1277 2355 1488 2409 videmus;
1522 2355 1690 2398 habitus
1720 2356 1954 2406 communis
1986 2360 2062 2397 est.
2114 2375 2123 2383 ν’

778 2474 918 2504 PRIMA
951 2474 1148 2513 QUINTAE
1176 2475 1400 2504 TABELLAE
1431 2474 1580 2505 FACIES
1609 2475 1830 2505 CONTINET
1862 2452 2040 2504 MENSEM
2073 2474 2365 2530 RJOVEMBREM.

1415 2572 1552 2623 Imaqo
1584 2559 1732 2626 prima.

561 2640 685 2692 Quod
716 2640 828 2682 tituli
864 2645 1055 2682 veterum
1089 2640 1431 2683 kalendariorum
1465 2641 1642 2683 vocibus
1678 2645 1855 2694 sonant,
1890 2640 1936 2683 id
1971 2641 2236 2683 lineamentis
2271 2641 2420 2683 nititur
2456 2641 2528 2683 hic
2561 2642 2704 2696 pictor

443 2717 767 2766 repraesentare.
803 2713 897 2754 Hoc
930 2726 1026 2755 eum
1056 2712 1204 2755 fecisse
1233 2713 1362 2755 tertio
1390 2712 1591 2755 kalendas
1626 2712 1747 2757 iulias
1786 2724 1913 2767 supra
1945 2712 2249 2755 demonstravi.
2284 2712 2401 2754 Idem
2438 2713 2600 2754 curavit
2634 2712 2702 2755 hic

444 2784 595 2836 etiam,
629 2783 703 2824 ubi
733 2783 954 2825 Pantheon
986 2783 1166 2839 Cybelae
1205 2784 1468 2838 deorumque
1506 2784 1693 2826 omnium
1732 2782 1958 2841 delubrum
1996 2783 2123 2826 saeris
2159 2783 2313 2825 ritibus
2343 2796 2367 2825 a
2396 2787 2542 2837 sancto
2571 2783 2703 2834 Boni-

441 2852 553 2895 facio
585 2866 760 2896 romano
793 2854 992 2908 pontifice
1023 2860 1340 2907 consecratum,
1375 2855 1538 2909 Deique
1569 2855 1784 2909 genitricis
1806 2854 1939 2906 titulo
1971 2859 2013 2896 et
2041 2855 2228 2896 omnium
2262 2858 2505 2905 sanctorum
2534 2854 2701 2898 Christo

442 2924 615 2967 domino
649 2924 915 2979 dedicatum,
939 2930 1170 2980 utcumque
1201 2926 1439 2968 delineavit.
1476 2927 1581 2969 Nam
1605 2926 1795 2968 omnium
1816 2930 2055 2968 sanctorum
2078 2926 2231 2967 festum
2252 2925 2371 2980 quod
2399 2924 2591 2968 kalendis
2620 2938 2701 2969 no·-

442 2995 623 3037 vembris
655 2996 937 3050 celebramus,
963 2997 1021 3038 ita
1049 2998 1094 3038 in
1125 3001 1290 3051 vetusto
1321 2996 1569 3039 kalendario
1593 2997 1784 3039 vaticano
1816 3009 1860 3038 n.
1887 2997 2018 3038 3806.
2043 3000 2236 3038 notatum
2263 2996 2464 3038 habetur:
2498 2991 2580 3039 ls'al.
2606 3009 2697 3037 nov.

441 3079 493 3106 eoe
521 3067 698 3107 Pantheo
725 3068 946 3109 dedicatum
970 3072 1027 3108 est
1051 3070 1239 3121 templum
1265 3072 1307 3109 in
1333 3069 1517 3109 honorem
1542 3072 1713 3109 omnium
1737 3073 1974 3109 sanctorum.
2008 3068 2060 3109 Et
2083 3066 2204 3109 alibi:
2233 3069 2315 3108 kal.
2343 3080 2431 3108 nov.
2458 3068 2601 3108 Romae
2627 3067 2698 3107 de-

441 3137 583 3177 dicatio
611 3139 797 3186 basilicae
820 3142 994 3180 omnium
1017 3144 1263 3190 sanctorum‚·
1293 3139 1502 3193 huiusque
1533 3138 1645 3180 diem
1676 3138 1950 3180 dedicationis
1980 3138 2109 3179 recoli
2134 3132 2275 3179 iisdem
2308 3137 2498 3178 kalendis
2527 3137 2570 3178 in
2600 3149 2699 3178 san-

443 3210 608 3247 ctorum
633 3210 821 3250 omnium
846 3210 1114 3262 memoriam,
1139 3208 1278 3261 Beda,
1302 3209 1538 3263 Usuardus,
1564 3208 1606 3251 et
1629 3209 1724 3251 Ado
1749 3209 1940 3263 pluribus
1963 3212 2193 3250 testantur:
2222 3212 2274 3249 ets
2294 3208 2394 3249 olim
2420 3207 2591 3261 quidem
2613 3208 2700 3261 Βοὴ

443 3288 534 3317 mae
565 3281 729 3319 tantum
757 3279 801 3321 id
831 3280 982 3322 festum
1002 3264 1220 3323 actitatum
1242 3281 1370 3325 fuisse
1400 3285 1592 3332 narrant,
1615 3282 1659 3322 in
1690 3281 1837 3323 Gallias
1867 3293 1968 3322 vero
2001 3281 2228 3334 pervasisse
2260 3279 2465 3334 Gregorio
2486 3280 2560 3321 IV.
2587 3291 2699 3333 pon-

442 3346 579 3399 tificc3
614 3347 764 3390 deinde
795 3350 840 3391 in
871 3352 1111 3394 universum
1142 3353 1303 3394 romani
1318 3346 1439 3400 ,ritus
1470 3351 1617 3393 orbem
1649 3351 1934 3393 christianum.
1971 3351 2073 3392 Nam
2105 3351 2268 3391 Graecis
2302 3350 2491 3391 omnium
2520 3353 2695 3391 sancto-—

442 3429 537 3458 rum
569 3413 785 3460 celebritas
815 3421 1103 3475 antiquissima
1135 3422 1306 3477 quidem
1337 3427 1424 3475 est,
1448 3427 1490 3465 et
1520 3422 1724 3476 Gregorio
1757 3425 1883 3475 atque
1911 3421 2130 3462 Bonifacio
2162 3420 2435 3475 pontificibus
2465 3421 2592 3475 longe
2622 3432 2696 3461 ve-

441 3487 617 3540 tustior,
644 3491 691 3529 ut
722 3486 1011 3544 Chrysostonii
1043 3498 1084 3535 et
1115 3493 1295 3536 aliorum
1327 3497 1498 3548 patrum
1529 3493 1582 3535 de
1613 3492 1764 3534 eodem
1788 3492 1897 3534 festo
1928 3504 2139 3534 sermones
2167 3491 2403 3544 declarant3
2427 3496 2469 3533 at
2497 3484 2583 3532 non
2613 3490 2695 3532 fixa

442 3556 517 3599 sed
547 3557 715 3599 mobilis
737 3560 851 3613 apud
881 3560 973 3603 illos
1005 3563 1185 3606 habetur
1208 3577 1255 3606 ea
1277 3564 1558 3607 sollemnitas:
1587 3568 1738 3606 octava
1767 3563 1925 3605 scilicet
1955 3562 2167 3604 dominica
2196 3563 2241 3603 in
2270 3562 2442 3603 tertium
2471 3561 2566 3604 idus
2587 3561 2697 3613 >maii

442 3630 533 3668 tum
562 3628 737 3670 incurrit
768 3642 862 3671 cum
886 3632 1104 3674 Pantheon
1129 3646 1153 3675 a
1183 3633 1403 3676 Bonifacio
1425 3635 1500 3677 IV'.
1523 3632 1724 3689 pontifice
1756 3632 1995 3676 dedicatum
2024 3632 2105 3674 fuit
2128 3633 2178 3685 (2)
2195 3664 2207 3686 ,
2233 3644 2359 3686 quam
2386 3631 2696 3674 dedicationem

536 3707 581 3748 (1)
603 3709 725 3749 Nempe
749 3718 824 3741 cum
850 3709 1041 3751 imaginario
1066 3713 1218 3753 pontifice
1243 3723 1325 3746 rom.
1349 3714 1503 3756 cyriaco,
1527 3714 1568 3747 de
1593 3723 1659 3755 quo
1683 3722 1743 3746 nos
1770 3714 1802 3746 in
1826 3713 1997 3755 spicilegio
2023 3722 2102 3745 rom.
2128 3715 2166 3745 T.
2188 3714 2250 3753 VI,
2274 3712 2330 3744 ubi
2355 3711 2518 3744 edidimus
2540 3710 2698 3744 Bel-nardi

443 3759 603 3793 Guidonis
628 3761 711 3793 vitas
735 3762 939 3794 Pontificum.
964 3764 1082 3796 confer
1107 3765 1151 3797 ibi
1174 3767 1406 3807 praefationem
1432 3770 1576 3800 nostram
1605 3776 1635 3808 p.
1659 3769 1714 3799 lX.
1739 3770 1776 3799 A.
1800 3768 1843 3798 M.

537 3812 581 3853 (¹2)
604 3814 742 3854 Legatur
763 3814 850 3847 Petri
873 3814 982 3847 Lazeri
1011 3815 1045 3848 S.
1066 3817 1093 3847 1.
1118 3817 1321 3858 pereruditus
1344 3818 1492 3859 libellus,
1514 3819 1566 3851 cui
1589 3819 1717 3851 titulus:
1744 3827 1788 3852 an
1818 3820 1850 3851 et
1871 3826 1938 3860 quo
1967 3819 2040 3850 ritu
2062 3816 2266 3857 Bonifacius
2289 3818 2351 3850 IV.
2374 3817 2556 3850 Pantheon
2582 3825 2695 3850 conse-

444 3867 606 3897 craverit.
631 3868 667 3898 A.
692 3868 735 3898 M.

2750 1259 2776 1271 Q
