2970 4420
1205 269 1263 301 nn
1296 269 1443 303 τηου
1450 269 1571 302 oms.
1645 298 1649 302 .
2438 258 2527 304 173

259 346 391 418 μετὰ
423 341 509 403 τῆν
542 342 639 398 τοῦ
670 340 975 417 Σωκράτους
1005 343 1101 398 τοῦ
1135 345 1492 414 σχολαστικοῦ
1525 341 1794 419 διήγησιν,
1825 340 2073 414 ἱστορήσω
2108 342 2233 416 πρός
2267 343 2521 411 ὠφέλειαν

258 424 355 478 τῶν
391 418 818 493 ἐντυγχανόντων.
854 430 1163 494 Haec-porro
1196 430 1246 477 in
1283 413 1518 479 volumine
1549 430 1764 478 carmine
1795 428 2003 476 iambico
2040 430 2303 493 conscripto
2339 434 2517 495 reperi,

258 509 388 573 quod
413 508 615 555 tradunt
641 522 674 554 a
703 518 868 554 sancto
898 519 1041 572 patre
1064 520 1225 555 nostro
1254 508 1537 573 Triphyllio,
1568 509 1703 556 illius
1727 507 1962 571 discipulo
1989 507 2074 570 qui
2096 508 2396 570 postmodum
2420 510 2524 570 suit

260 584 693 632 Callinicessiorum
728 583 885 634 urbis,
924 584 1019 632 sive
1063 585 1387 632 Candidorum
1425 587 1636 641 Deorum
1675 585 1943 650 episcopus,
1970 584 2132 646 fuisse
2167 584 2520 632 concinnatum.

255 664 364 726 Ego
391 678 499 709 vero
533 661 654 707 dicti
685 661 844 707 sancti
872 662 1031 725 patris
1066 661 1322 726 Triphyllii
1350 679 1466 726 opus
1501 679 1595 709 non
1628 679 1748 714 esse,
1778 662 1862 708 sed
1895 661 2095 708 alterius
2129 661 2404 712 cuiusdam,
2441 663 2527 724 qui

254 740 331 786 vel
344 739 509 803 pueris
534 737 670 785 tradi
690 738 856 784 solitas
881 738 1164 803 disciplinas
1178 754 1360 802 parum
1385 739 1744 803 degustaverat,
1773 738 2006 803 suspicor‚·
2033 738 2163 800 quod
2183 738 2278 784 sive
2306 740 2344 783 T
2340 736 2524 802 riplzyl-

251 815 320 861 lio
351 815 553 866 vivente,
583 814 678 861 sive
712 814 860 872 etiam
893 815 992 862 vita
1025 815 1222 876 functo,
1251 831 1316 860 ex
1351 816 1501 862 multo
1534 833 1627 879 quo
1661 831 1780 879 erga
1817 831 1924 861 eum
1945 814 2206 877 ferebatur
2240 830 2426 866 amore,
2466 815 2528 860 li-

251 891 391 938 brum
422 903 592 938 auctor
616 892 693 938 illi
723 892 1034 956 inscripserit.
1071 894 1207 939 Haec
1231 909 1337 940 vero
1367 893 1569 940 inveniet
1599 893 1797 956 quilibet
1827 892 1877 939 in
1907 892 2006 940 vita
2032 891 2225 938 celebris
2251 892 2414 955 patris
2444 909 2525 938 no-

250 969 344 1015 stri
373 968 678 1033 Spyridonis‚
716 969 891 1016 iambis
922 985 1172 1034 expressa,
1204 970 1249 1016 si
1279 970 1418 1016 modo
1453 983 1633 1016 attente
1669 986 1728 1016 ac
1760 970 2019 1034 diligenter
2055 969 2180 1015 illius
2219 969 2384 1033 capita
2410 985 2525 1033 per-

251 1045 478 1092 currerit:
506 1061 630 1108 quae
653 1062 742 1110 ego
769 1047 1025 1110 paululum
1047 1047 1262 1093 dilatata
1293 1047 1499 1111 ewposui
1522 1047 1573 1092 in
1599 1047 1698 1094 bac·
1718 1063 1826 1094 mea
1851 1047 2110 1093 immutata
2145 1046 2367 1092 dictione.
2406 1047 2522 1092 For-

252 1134 378 1168 tasse
411 1122 585 1173 etiam,
615 1115 702 1185 qui
733 1139 792 1169 ea
822 1135 1148 1187 composuerat
1183 1125 1221 1170 T
1217 1122 1473 1187 rtpbyllius
1502 1125 1891 1188 nuncupabatur.
1930 1125 1993 1169 Et
2022 1121 2140 1168 llaec
2164 1123 2355 1186 quidem
2391 1122 2523 1168 dicta

220 1186 347 1244 'sint
383 1198 442 1244 de
474 1199 595 1245 libro
631 1200 846 1246 carmine
877 1183 1083 1247 iambico
1123 1202 1161 1246 T
1157 1199 1377 1264 riplzyllii
1409 1202 1598 1247 nomine
1633 1201 1876 1265 inscripto.
1915 1201 2048 1256 Quae
2078 1217 2183 1247 vero
2217 1200 2314 1264 ipse
2349 1216 2381 1245 a
2415 1199 2521 1262 qui-

252 1274 455 1322 busdam
483 1276 798 1323 narrantibus
822 1276 997 1328 didici,
1027 1275 1138 1323 huic
1163 1293 1296 1322 meae
1322 1277 1574 1340 scriptioni
1601 1277 1825 1342 apposui,
1853 1293 2001 1340 eaque
2020 1288 2130 1341 post
2153 1275 2366 1322 Socratis
2389 1275 2527 1322 scho-

256 1351 420 1398 lastici
448 1352 778 1398 narrationem
810 1353 880 1400 ad
906 1353 1166 1400 utilitatem
1197 1354 1458 1417 legentium
1491 1355 1791 1401 interseram.

381 1430 494 1476 CXI.
531 1430 803 1478 Theodorus
828 1432 1045 1493 magister
1074 1431 1123 1477 in
1156 1432 1391 1494 epitomen
1423 1432 1604 1494 redegit
1636 1448 1778 1494 opera
1812 1432 1908 1478 divi
1933 1432 2149 1478 Iohannis
2179 1431 2514 1492 chrysostomi,

254 1521 374 1568 quae
402 1508 606 1569 epitome
631 1507 815 1554 extabat
839 1510 887 1554 in
907 1507 1190 1555 bibliotheca
1216 1510 1510 1571 imperatoris
1533 1508 1839 1556 Vindobonae
1865 1509 2077 1555 Austriae
2099 1509 2336 1555 scitissime
2359 1522 2522 1569 graece

253 1582 510 1646 descripta,
539 1584 797 1647 litterisque
827 1600 995 1647 magna
1024 1601 1081 1632 ex
1115 1594 1245 1648 parte
1278 1588 1446 1634 aureis.
1483 1588 1823 1649 Epitomatores
1852 1586 2137 1648 gesneriani,
2171 1595 2218 1632 et
2245 1586 2520 1632 Possevinus

254 1659 301 1704 in
328 1669 573 1722 apparatu.
610 1663 859 1723 Reperitur
886 1663 1055 1724 passim
1086 1664 1223 1709 etiam
1255 1664 1303 1709 in
1324 1662 1620 1710 bibliothecis
1644 1664 1824 1709 italicis.
1863 1664 1992 1724 Opus
2018 1663 2064 1708 in
2090 1664 2277 1724 triginta
2301 1671 2393 1708 tres
2421 1676 2519 1707 ser-

253 1751 416 1783 mones
452 1737 740 1785 distinctum.
778 1732 834 1781 P.
869 1729 931 1783 Ei
968 1726 1265 1795 βούλεσθε,
1299 1731 1586 1804 προθῶμεν
1619 1731 1737 1802 ἡμῖν
1773 1730 1844 1790 εἷς
1881 1730 2144 1801 ὑπομονῆς
2178 1727 2516 1802 1τῑῑοιροίκλκσιν

254 1803 532 1876 ἀγαπητοί.

264 1959 266 1961 K
380 1892 515 1938 CXII.
552 1892 853 1939 Theodorum
881 1885 1234 1957 Daphnopatam
1260 1897 1380 1947 inter
1405 1897 1521 1943 alios
1542 1896 1815 1959 byzantinos
1845 1911 1940 1943 non
1965 1883 2116 1943 bonae
2143 1896 2251 1942 fidei
2276 1896 2519 1942 historicos

252 1977 588 2016 commemorat
612 1969 844 2017 Iohannes
870 1972 1062 2033 Scylitza
1086 1974 1133 2018 in
1161 1975 1431 2035 prooemio,
1459 1976 1590 2021 cuius
1613 1973 1753 2021 verba
1780 1973 1900 2020 infra
1926 1974 2234 2025 adducemus:
2262 1982 2307 2020 et
2342 1989 2397 2019 ex
2425 1986 2521 2033 quo

251 2060 334 2093 sua
358 2055 596 2093 mutuatus
623 2055 691 2093 est
717 2047 953 2095 Cedrenus
982 2050 1030 2095 in
1060 2051 1268 2113 synopsi.
1306 2051 1546 2112 Quidquid
1574 2052 1634 2098 de
1656 2053 1847 2098 historia
1873 2053 1956 2106 sit,
1984 2060 2143 2098 extant
2168 2051 2226 2097 ad
2250 2051 2374 2096 hunc
2397 2049 2523 2095 diem

255 2111 510 2184 ἐγκώμιον
546 2113 618 2175 εἷς
652 2110 714 2168 τό
745 2112 972 2182 ’γενέσιον
1006 2117 1103 2170 τοῦ
1133 2122 1306 2189 τιμίου
1341 2116 1654 2192 προδρόμου.
1690 2128 1933 2175 Laudatio
1967 2128 2016 2174 in
2050 2128 2176 2174 diem
2204 2128 2417 2174 natalem
2447 2143 2522 2174 ve-

251 2199 459 2245 nerandi
488 2201 835 2248 Praecursoris.
873 2197 928 2245 P.
966 2191 1028 2246 E}
1063 2192 1154 2264 μὲν
1192 2194 1216 2247 ὁ
1252 2195 1348 2248 τοῦ
1381 2194 1550 2263 λόγου
1587 2196 1750 2270 κῆρυξ
1787 2195 1872 2249 καὶ
1908 2193 2215 2268 (πρόδρομος
2249 2195 2345 2249 τῶν
2379 2191 2514 2248 κοίτω

247 2263 430 2339 λόγων
467 2265 634 2320 ἐδεῖτο
668 2267 790 2340 πρὸς
828 2265 1042 2325 ἔπαινον.
1078 2280 1298 2327 Eiusdem
1331 2282 1380 2328 in
1414 2283 1768 2329 translationem
1803 2298 1969 2329 manus
2002 2283 2146 2329 sancti
2182 2282 2399 2328 Iohannis
2433 2280 2519 2327 ba-

252 2354 418 2414 ptistae
453 2357 775 2401 commentarii
807 2357 1023 2403 meminit
1060 2358 1249 2419 typicon
1289 2361 1658 2422 manuscriptum
1689 2360 1765 2406 die
1805 2361 1852 2406 7.
1894 2361 2106 2406 ianuarii.
2145 2347 2246 2402 Καὶ
2287 2348 2343 2403 τὸ
2383 2346 2517 2401 v‘wo'-

252 2442 424 2491 μνῆμα
459 2418 733 2493 Θεοδώρου
776 2423 872 2476 τοῦ
908 2423 1267 2489 Δαφνοιωοίτου
1305 2425 1375 2487 εἷς
1409 2426 1496 2483 τὴν
1532 2425 1842 2498 ἀνακομιδὴν
1875 2427 1964 2488 τῆς
1999 2431 2174 2497 τιμίας
2215 2424 2388 2498 χειρὸς
2423 2425 2519 2477 τοῦ

251 2494 587 2570 ωροδρόμουχ
612 2510 676 2554 Et
711 2509 1080 2556 commentarius
1119 2510 1349 2558 Theodori
1382 2512 1735 2577 Daphnopatae
1773 2513 1830 2559 de
1864 2512 2180 2559 translatione
2222 2511 2517 2559 venerandae

252 2597 424 2628 manus
458 2585 807 2631 Praecursoris.
840 2575 1131 2652 Ἔγκῶμιον
1166 2589 1277 2634 item
1314 2579 1385 2640 εἷς
1420 2579 1506 2635 τὸν
1541 2578 1693 2654 ἅγιον
1725 2581 1936 2635 Παῦλον
1970 2577 2056 2634 τόν
2088 2577 2377 2633 ἀπόστολον
2415 2574 2516 2632 dm*

254 2645 514 2722 διαφόρων
541 2649 720 2723 λόγων
750 2651 985 2707 Ἰωοίννου
1020 2654 1117 2707 τοῦ
1148 2655 1525 2729 χρυσοστόμου.
1561 2666 1804 2713 Laudatio
1829 2666 1976 2712 Pauli
1998 2666 2206 2729 apostoli
2229 2683 2292 2710 ex
2312 2660 2515 2712 'diversis

251 2735 550 2783 orationibus
581 2736 815 2784 Iohannis
844 2737 1158 2802 chrysostomi
1187 2742 1399 2788 collecta.
1439 2738 1493 2786 P.
1531 2735 1632 2795 Τῆς
1662 2732 1753 2803 μὲν
1792 2733 2079 2807 ἐπιγραφῆς
2111 2732 2207 2787 τῶν
2240 2733 2514 2786 ἀποστολι-

251 2802 348 2857 κῶν
384 2802 632 2875 πράξεων.
667 2815 750 2861 Cui
773 2831 878 2861 cum
903 2817 1102 2863 addatur
1131 2818 1293 2864 titulus
1324 2811 1642 2881 μαγίσὙρου,
1677 2819 1927 2883 magistri,
1958 2834 2054 2865 non
2079 2818 2376 2865 inverisimile
2412 2817 2514 2863 fue-

251 2890 339 2943 rit,
366 2889 558 2936 huiusce
587 2906 776 2953 quoque
803 2907 901 2939 esse
931 2894 1115 2955 eclogas
1139 2895 1325 2956 triginta
1355 2904 1448 2942 tres
1480 2896 1540 2942 de
1571 2896 1820 2943 virtutibus
1850 2905 1897 2942 et
1926 2897 2071 2948 vitiis,
2101 2911 2156 2941 ex
2190 2895 2383 2940 diversis
2416 2909 2512 2940 ser-

250 2965 470 3013 monibus
503 2967 846 3030 Chrysostomi‚
881 2986 986 3016 cum
1019 2971 1316 3017 Theodorum
1352 2974 1624 3034 magistrum
1657 2973 1986 3036 praeseferant.
2026 2974 2082 3018 Et
2114 2972 2233 3018 forte
2264 2986 2359 3017 non
2394 2970 2512 3017 alius

250 3050 318 3088 est
351 3058 377 3090 a
409 3046 670 3106 superiore,
697 3047 851 3108 quiin
886 3048 1124 3110 epitomen
1157 3048 1332 3110 redegit
1365 3064 1509 3111 opera
1543 3050 1878 3110 Chrysostomi.
1917 3050 2124 3095 Meminit
2151 3063 2340 3109 quoque
2362 3047 2510 3093 Theo-

249 3118 353 3166 dori
389 3123 594 3183 magistri
631 3123 793 3169 Suidas
827 3139 931 3170 voc.
969 3118 1238 3188 μαγίστερ.
1272 3114 1650 3187 Προβᾶλλεται
1688 3116 1771 3169 καὶ
1816 3113 2080 3190 Θεόδωρον
2115 3116 2177 3185 τῇ
2207 3114 2506 3188 pastea-epla

249 3185 390 3259 ἀρχῇ
414 3187 548 3261 παρὰ
571 3189 846 3260 Ῥωμαίοις
873 3189 1155 3262 τιμώμενόν
1184 3213 1235 3244 τε
1267 3190 1348 3244 καὶ
1382 3190 1767 3266 γῆραιρόμενον.
1805 3204 2046 3248 Promovet
2070 3213 2115 3247 et
2144 3200 2432 3247 Theodorum
2459 3202 2509 3247 in

249 3273 523 3337 magisterii
543 3291 736 3327 munus,
766 3276 852 3339 qni
879 3277 1014 3339 apud
1038 3279 1275 3324 Romanos
1301 3279 1410 3340 (seu
1441 3280 1594 3341 potius
1620 3278 1845 3341 Graecos)
1879 3279 2099 3324 maximo
2128 3279 2178 3324 in
2203 3277 2376 3324 bonore
2404 3289 2509 3323 erat

248 3360 294 3394 et
324 3351 629 3399 auctoritate.
668 3355 832 3401 Utrum
863 3354 920 3400 sit
951 3370 1070 3401 unus
1102 3370 1156 3401 ex
1185 3355 1320 3401 dictis
1355 3370 1413 3401 an
1448 3355 1564 3401 alius
1599 3357 1785 3409 tertius,
1816 3357 1920 3417 quis
1951 3356 2162 3402 divinet?

377 3427 534 3475 CXIII.
570 3425 803 3477 Theodori
829 3431 1023 3477 sidensis
1050 3432 1262 3477 antistitis
1285 3430 1514 3477 historiae
1539 3433 1795 3478 meminere
1818 3434 2041 3494 Georgius
2067 3432 2327 3486 Cedrenus‚
2356 3441 2402 3479 et
2432 3434 2506 3478 Io-

248 3501 425 3550 hannes
459 3505 674 3566 Scylitza,
701 3508 782 3568 qui
816 3506 942 3553 haud
976 3506 1112 3553 valde
1142 3522 1244 3553 eam
1276 3507 1468 3554 laudare
1501 3509 1720 3554 videntur
1752 3510 1800 3554 in
1836 3504 2095 3571 prooemio.

375 3577 527 3627 CXIV.
549 3581 837 3629 'Theodorus
865 3582 1132 3629 sebastenus
1155 3584 1406 3645 superioris
1433 3584 1665 3631 Theodori
1696 3584 1889 3631 sidensis
1919 3600 2090 3647 nepOS‚
2121 3587 2299 3648 scripsit
2332 3587 2505 3648 pariter

249 3652 517 3704 historiam.
555 3659 729 3705 Mentio
756 3659 880 3706 illius
911 3659 1109 3706 habetur
1141 3660 1189 3705 in
1214 3661 1459 3721 prooemio
1491 3661 1708 3707 Iohannis
1734 3662 1968 3724 Scylitzae.
2001 3652 2066 3705 ‘O
2098 3651 2198 3727 γὰρ
2237 3650 2504 3717 Δαφνοπά-

249 3743 335 3782 της
371 3721 664 3802 Θεόᾷωρος,
700 3725 926 3788 Νικήτας
964 3727 987 3779 ὁ
1025 3725 1347 3798 παφλαγῶν,
1378 3723 1561 3792 ’Iovio
1596 3725 1850 3792 Γενέσιος,
1888 3727 1968 3782 καὶ
2008 3728 2292 3800 Μανουὴλ,
2328 3729 2375 3781 οἱ
2413 3734 2502 3793 βυ-

249 3795 475 3868 ζοίντιοι,
503 3800 794 3875 Νικηφόρος
830 3800 1061 3865 διάκονος
1098 3802 1121 3856 ὁ
1160 3802 1325 3877 φρυξ,
1357 3803 1381 3857 ὁ
1421 3802 1629 3866 οἰσιανός
1659 3803 1826 3870 Λέων,
1859 3802 2127 3879 Θεόδωρος
2163 3806 2186 3860 ὁ
2220 3806 2308 3867 τῆς
2344 3802 2499 3865 Zia-ac
