2970 4420
402 256 503 284 XXX
1246 275 1248 277 ·
1320 252 1492 284 NICOLAI
1527 252 1751 282 ALEMANNI

402 329 517 371 tandi
552 329 759 382 rationes,
793 329 922 384 idque
951 341 1090 384 genus·
1116 330 1219 380 alia,
1253 341 1362 388 quae
1394 327 1535 368 omnia
1565 325 1808 379 singillatim
1843 325 2027 380 probare
2056 328 2100 368 in
2133 339 2200 368 me
2233 328 2420 382 recipio,
2453 341 2550 370 cum
2580 329 2669 370 sin-

405 400 524 453 gulas
549 399 785 455 expendere
808 400 982 443 tabellas
1005 412 1204 455 coepero.
1232 399 1403 441 Interim
1428 398 1462 439 si
1487 398 1589 439 haec
1614 397 1674 438 ita
1695 401 1743 438 ut
1765 397 1938 451 quidem
1962 402 2060 440 sunt
2084 411 2172 440 esse
2197 399 2500 454 concedamus,
2527 400 2669 455 aptius

404 471 632 530 veriusque
663 484 817 513 nomen
847 472 946 513 huic
976 471 1114 513 buxeo
1143 470 1337 525 pugillari
1367 470 1585 522 imponere
1614 466 1783 521 licebit;
1818 480 1911 509 nam
1942 469 1977 509 si
2001 467 2204 512 kalendas
2235 474 2278 511 et
2306 470 2438 513 fastos
2471 484 2520 513 ac
2550 470 2670 512 nefa-

407 547 495 584 stos
522 542 608 584 dies
629 543 952 598 complectitur,
979 541 1266 584 kalendarium
1290 540 1499 595 pugillare
1522 538 1661 580 dicere
1682 551 1807 580 nemo
1831 538 2053 593 prohihet:
2080 541 2113 582 si
2140 553 2303 583 annuos
2324 554 2372 583 ae
2397 541 2673 584 menstruales

406 614 531 656 lunae
563 614 747 668 solisque
777 620 941 665 motus,
971 627 1104 656 annos
1131 613 1418 665 intercalares,
1445 615 1488 653 et
1516 611 1730 665 paschatis
1758 612 1966 664 rationes,
1991 613 2184 654 annalem
2213 613 2406 655 libellum
2433 626 2531 655 cum
2558 612 2672 655 Beda

407 688 579 739 parest
610 683 837 740 appellare.
874 684 1088 726 Alterutro
1122 684 1187 725 vel
1218 688 1400 737 utroque
1432 682 1516 723 hoc
1545 674 1578 722 si
1607 686 1776 724 utamur
1811 682 2046 735 vocabulo,
2081 687 2122 724 et
2155 695 2203 725 ea
2233 685 2353 738 quasi
2382 684 2495 726 faces
2528 684 2572 725 in
2605 683 2672 725 his

407 756 593 797 tenebris
617 756 926 810 praeferamus,
951 756 1092 797 statim
1117 754 1323 795 mensium
1348 753 1498 805 serieS,
1526 752 1691 794 dierum
1720 753 1964 795 distributio
1998 766 2047 795 ac
2075 740 2273 797 numerus
2299 753 2546 806 occurrent,
2569 754 2674 796 ima-

410 828 528 881 gines
558 839 667 881 quae
697 828 849 881 cuique
877 831 1120 868 sanctorum
1150 823 1400 866 tribuendae
1428 824 1534 876 sint,
1556 823 1721 878 liquido
1752 824 1992 879 apparebit.
2026 823 2106 866 Sed
2139 825 2191 867 de
2222 826 2287 868 his
2313 826 2452 868 statim
2483 825 2671 867 uberius.

410 901 531 941 Nunc
568 912 668 941 vero
705 898 864 940 nemini
899 898 1001 939 haec
1038 897 1178 938 fornia
1212 895 1556 938 kalendariorum
1589 908 1698 938 nova
1731 895 1952 948 videatur,
1987 908 2086 938 cum
2123 901 2165 938 et
2199 909 2270 950 ca,
2307 902 2349 939 et
2386 895 2677 938 huiuscemodi

411 971 542 1022 aliae,
566 974 614 1011 ut
645 970 834 1024 apprime
862 968 1146 1020 necessariae,
1170 968 1229 1008 ita
1259 979 1426 1021 semper
1455 966 1615 1008 fuerint
1638 966 1868 1009 maioribus
1898 971 2140 1009 consuetae.
2177 969 2319 1011 Primo
2344 967 2518 1022 quidem
2541 965 2679 1008 eecle-

411 1043 493 1084 siae
528 1046 721 1096 tempore
752 1053 892 1082 rarum
923 1039 1005 1081 fuit
1038 1039 1180 1081 album
1210 1038 1580 1092 kalendariorum,
1614 1038 1659 1080 id
1689 1040 1798 1080 enim
1827 1039 1929 1080 olim
1958 1038 2161 1093 implebat
2188 1039 2341 1081 Christi
2369 1039 2590 1092 nativitas,
2622 1038 2679 1079 ie-

411 1114 627 1154 iuniorum
659 1112 942 1164 sollemnitas,
977 1095 1107 1151 παὲσς
1140 1122 1249 1164 quae
1278 1114 1341 1151 est
1370 1109 1678 1164 redemptionis
1706 1113 1876 1152 nostrae
1909 1109 2023 1164 dies,
2056 1109 2234 1165 pascha,
2258 1113 2528 1164 pentecoste,
2558 1121 2679 1164 para-

413 1178 555 1236 seevc,
584 1183 785 1236 sabbata,
810 1182 1013 1224 dominici
1044 1181 1157 1232 dies,
1183 1185 1225 1222 et
1255 1185 1424 1235 praeter
1454 1181 1558 1223 haec
1586 1182 1664 1223 alia
1694 1181 1899 1236 nonnulla
1928 1181 2048 1223 festa.
2083 1182 2140 1222 At
2166 1180 2352 1222 secunda
2380 1181 2520 1222 statim
2544 1183 2681 1222 aetate

414 1255 706 1309 apostolorum
738 1253 932 1307 discipuli
959 1258 1000 1294 et
1028 1253 1103 1307 qui
1132 1253 1212 1294 hos
1239 1252 1486 1304 audierunt,
1521 1265 1608 1294 non
1639 1252 1777 1295 solum
1811 1251 2004 1306 exemplo
2037 1256 2078 1293 et
2110 1252 2372 1306 praescripto
2401 1250 2569 1292 illorum
2601 1251 2683 1292 alia

414 1326 666 1368 kalendariis
694 1325 798 1367 festa
830 1324 1110 1376 addiderunt,
1134 1323 1209 1366 sed
1240 1325 1367 1365 etiam
1395 1328 1489 1365 orta
1515 1324 1629 1366 inter
1656 1324 1819 1365 asianos
1847 1327 1892 1364 et
1919 1335 2156 1378 europaeos
2180 1322 2384 1364 antistites
2409 1321 2462 1364 de
2487 1320 2685 1375 paschate

415 1397 724 1448 controversia,
758 1395 944 1437 diversas
979 1396 1067 1436 eius
1098 1394 1181 1437 diei
1214 1394 1425 1437 statuendi
1455 1394 1722 1452 tradiderunt
1754 1395 1963 1446 rationes,
1998 1399 2040 1436 et
2066 1393 2326 1437 kalendariis
2352 1394 2683 1447 inscripserunt3.

418 1480 524 1522 quae
553 1473 600 1510 ut
631 1466 828 1509 omnibus
855 1472 982 1508 notae
1005 1471 1162 1519 essent,
1188 1471 1230 1509 et
1260 1479 1424 1509 summa
1452 1466 1657 1520 religione
1682 1466 2031 1520 observarentur,
2057 1478 2125 1508 eas
2151 1464 2282 1507 modo
2310 1465 2356 1506 in
2384 1464 2685 1519 episcoporum

417 1540 552 1591 sellis,
585 1539 716 1580 modo
750 1540 792 1580 in
822 1538 1076 1592 breviculis,
1110 1537 1242 1580 modo
1274 1539 1314 1579 in
1346 1538 1506 1590 anulis,
1538 1536 1669 1579 modo
1701 1538 1747 1578 in
1777 1536 2030 1591 parietibus,
2064 1536 2195 1578 modo
2227 1537 2270 1577 in
2299 1535 2444 1588 libris,
2476 1535 2608 1577 modo
2638 1535 2686 1576 in

418 1611 696 1668 pugillaribus
729 1609 1040 1652 describebant.
1076 1608 1181 1651 Inde
1216 1613 1283 1651 tot
1319 1620 1473 1663 genera
1506 1607 1873 1661 kalendariorum,
1908 1620 2017 1662 quae
2052 1607 2139 1649 suis
2174 1607 2417 1648 nominibus
2454 1607 2580 1648 liceat
2611 1619 2690 1647 vo-

418 1694 512 1723 care
549 1682 737 1734 sellaria,
770 1669 1077 1734 brevicularia,
1114 1679 1324 1732 anularia,
1359 1680 1608 1734 parietaria,
1641 1678 1895 1731 domestica,
1930 1683 1971 1720 et
2008 1678 2113 1720 haec
2151 1679 2244 1733 ipsa
2279 1690 2385 1732 quae
2424 1677 2478 1719 ad
2515 1690 2688 1719 manum

418 1759 516 1796 sunt
547 1753 784 1807 pugillaria.
2172 1778 2173 1781 η

537 1825 711 1867 Sellares
745 1837 847 1880 ergo
879 1824 976 1866 fasti
1000 1828 1098 1866 sunt
1121 1835 1231 1879 quos
1260 1825 1302 1865 in
1335 1823 1635 1878 episcoporum
1658 1822 1875 1865 sellis‘aut
1905 1821 2115 1864 cathedris
2145 1820 2414 1872 incidebant,
2440 1825 2488 1862 ut
2512 1821 2581 1863 vel
2611 1820 2691 1863 ab·

422 1901 537 1938 sente
567 1908 787 1938 sacrorum
818 1896 1030 1949 antistite,
1061 1907 1111 1937 ex
1143 1895 1232 1937 eius
1265 1894 1362 1936 sede
1397 1894 1656 1948 quicumque
1685 1893 1813 1935 vellet
1834 1893 2041 1935 festorum
2071 1892 2264 1933 notitiam
2292 1894 2519 1945 repeteret.
2552 1891 2690 1933 Huius
2744 1902 2746 1905 ·

423 1970 585 2022 generis
614 1968 747 2010 fastos
778 1967 969 2009 videmus
998 1968 1044 2008 iu
1074 1966 1300 2022 Hippolyti
1332 1965 1524 2021 episcopi
1553 1966 1798 2007 Portuensis
1827 1969 1967 2006 statua
1996 1963 2153 2015 sessili,
2181 1962 2395 2016 utrimque
2425 1962 2589 2016 graecis
2618 1963 2693 2004 lit-

423 2042 522 2082 teris
553 2040 778 2094 inscripta3
813 2051 942 2093 quam
975 2038 1176 2093 peculiari
1206 2038 1510 2079 commentario
1546 2036 1801 2090 explicamus
1833 2038 1902 2087 (1).
1939 2036 1987 2076 ln
2018 2047 2067 2076 ea
2096 2042 2182 2076 non
2221 2034 2359 2076 solum
2391 2034 2547 2075 Christi
2582 2035 2692 2075 nati-

423 2112 527 2153 vitas
558 2111 724 2166 passio,
750 2115 792 2151 et
824 2110 1079 2151 resurrectio
1110 2114 1328 2164 tamquam
1357 2107 1539 2150 aliorum
1562 2108 1770 2149 festorum
1798 2106 1970 2160 regulae
2000 2107 2046 2148 ae
2076 2117 2248 2147 normae
2268 2109 2595 2159 proponuntur,
2620 2104 2694 2146 sed

429 2182 552 2223 etiam
580 2182 784 2223 lectiones
815 2193 921 2235 quas
953 2194 1002 2222 ex
1035 2181 1162 2222 sacris
1197 2179 1317 2221 libris
1350 2191 1428 2233 pro
1460 2178 1667 2220 festorum
1697 2174 1896 2220 varietate
1930 2177 2034 2219 olim
2070 2178 2114 2218 in
2152 2175 2478 2217 christianorum
2509 2175 2696 2216 ecclesiis

426 2266 507 2307 pro
540 2254 720 2295 ambone
747 2253 927 2294 lectores
956 2257 997 2294 et
1021 2252 1189 2294 diaconi
1217 2252 1262 2293 in
1293 2250 1504 2292 audientia
1536 2249 1726 2291 fidelium
1755 2248 2112 2303 pronunciabant.
2147 2247 2436 2289 Breviculares
2461 2259 2565 2287 vero
2594 2245 2696 2288 dicti

427 2329 525 2365 sunt
557 2325 671 2376 festi,
700 2324 818 2378 quod
846 2327 945 2378 post
972 2324 1088 2364 illam
1119 2323 1170 2365 de
1202 2322 1398 2377 paschate
1428 2321 1764 2362 controversiam
1793 2321 1978 2364 universi
2007 2319 2274 2361 ecclesiarum
2306 2319 2497 2372 episcopi
2527 2329 2696 2359 omnem

429 2410 574 2438 curam
599 2396 943 2450 diligentiamque
969 2399 1204 2447 navarunt,
1232 2399 1279 2436 ut
1304 2406 1352 2435 ea
1373 2392 1657 2443 sollemnitas,
1685 2404 1708 2433 a
1729 2404 1812 2446 qua
1834 2392 2156 2446 praecipuarum
2180 2389 2471 2432 celebritatum
2496 2401 2545 2430 ac
2566 2389 2699 2431 totius

429 2469 526 2510 anni
556 2468 664 2509 ritus
695 2467 1010 2520 religionesque
1042 2465 1301 2520 penderent,
1336 2477 1465 2519 quam
1496 2463 1725 2505 certissime
1755 2462 1808 2504 ab
1838 2462 2036 2504 omnibus
2063 2465 2302 2514 teneretur,
2332 2464 2375 2502 et
2401 2462 2444 2501 in
2471 2459 2702 2501 breviculis

435 2541 580 2590 (erant
603 2539 681 2581 hae
712 2550 867 2592 parvae
895 2536 1185 2588 membranae,
1219 2549 1325 2591 quas
1349 2535 1406 2577 ob
1435 2534 1481 2576 id
1507 2539 1650 2576 tomos
1680 2533 1905 2587 dixerunt)
1938 2534 2186 2587 consignata
2218 2533 2273 2574 ad
2303 2544 2451 2574 omnes
2483 2530 2701 2573 christiani

433 2610 548 2652 orbis
569 2610 756 2665 populos
779 2609 1039 2662 mitteretur,
1066 2608 1187 2663 quod
1211 2608 1386 2662 publico
1413 2606 1585 2649 decreto
1615 2605 1736 2660 primi
1760 2609 1990 2647 sanxerunt
2012 2606 2210 2646 nicaenae
2230 2602 2386 2658 synodi
2405 2606 2566 2658 patres,
2592 2613 2705 2643 eam-

432 2695 514 2737 que
543 2673 684 2723 cnram
713 2674 987 2722 Alexandriae
1017 2680 1229 2734 episcopis
1259 2678 1594 2730 demandarunt,
1627 2676 1746 2731 quod
1774 2677 1819 2718 in
1847 2689 1897 2718 ea
1924 2675 2030 2717 urbe
2058 2675 2353 2734 florentissima
2384 2685 2550 2727 sem-per
2577 2671 2706 2714 fuerit

433 2753 758 2795 christianorum
793 2750 1029 2803 academia,
1060 2763 1194 2805 eaque
1223 2762 1327 2804 gens
1354 2749 1481 2802 longe
1511 2749 1672 2803 optime
1700 2747 1870 2789 calleret
1899 2746 2069 2788 orbium
2100 2745 2340 2788 caelestium
2369 2749 2538 2796 motus,
2563 2747 2605 2784 et
2631 2754 2703 2784 ar-

431 2830 516 2866 tem
547 2823 813 2865 numerandi.
847 2822 964 2864 Idem
993 2834 1158 2863 summo
1187 2820 1330 2862 studio
1354 2824 1556 2861 curarunt
1585 2819 1788 2860 antistites
1812 2817 1985 2860 africani
2014 2817 2211 2866 concilii,
2237 2816 2307 2858 cui
2333 2814 2531 2857 Aurelius
2557 2815 2707 2868 Augu-‘-

435 2897 594 2948 stinus,
622 2894 814 2936 interfuit
843 2893 959 2935 ut'ex
982 2893 1332 2948 quinquagesimo
1359 2893 1497 2946 primo
1527 2903 1690 2933 canone
1712 2893 1893 2932 constat.
1918 2891 1970 2931 Et
1999 2902 2051 2931 ne
2074 2889 2214 2943 prisca
2232 2888 2337 2929 haec
2358 2886 2582 2941 disciplina
2608 2898 2709 2927 exo-

436 2968 565 3021 leret,
590 2966 765 3009 secundi
794 2965 1081 3008 braccarensis
1111 2964 1277 3006 concilii
1308 2967 1448 3017 patres
1475 2963 1535 3004 ita
1563 2963 1800 3015 iusserunt,
1827 2966 1875 3003 ut
1901 2960 2200 3016 superventuri
2228 2959 2361 3014 ipsius
2391 2959 2490 3000 anni
2521 2957 2706 3011 pascha,

440 3051 525 3092 quo
556 3037 835 3080 kalendarum
870 3037 960 3090 die,
994 3036 1060 3078 vel
1095 3040 1228 3090 quota
1260 3035 1362 3076 luna
1396 3034 1549 3076 debeat
1586 3034 1766 3087 suscipi,
1800 3046 1825 3074 a
1855 3032 2189 3086 metropolitano
2224 3030 2427 3084 episcopo
2462 3028 2706 3080 intimetur3

440 3110 555 3163 quod
587 3111 715 3151 ceteri
742 3110 934 3164 episcopi
960 3109 1028 3149 vel
1053 3108 1242 3162 reliquus
1267 3106 1404 3148 clerus
1431 3105 1649 3147 breviculo
1675 3104 1978 3154 subnotantes,
2007 3102 2300 3155 unusquisque
2327 3100 2373 3141 in
2396 3111 2473 3141 sua
2503 3099 2680 3140 ecclesia
2696 3129 2707 3150 ‚

444 3180 689 3222 adveniente
719 3181 869 3223 natalis
900 3179 1073 3221 Domini
1108 3178 1200 3230 die,
1231 3183 1331 3233 post
1363 3176 1647 3231 evangelicam
1681 3175 1907 3217 lectionem
1939 3174 2103 3228 populo
2135 3172 2412 3214 annuncient:
2453 3169 2571 3223 quod
2592 3169 2711 3211 ¹olim

446 3251 703 3293 sanctissime
733 3252 1003 3294 observatum
1035 3250 1227 3292 videmus
1255 3251 1300 3291 in
1329 3249 1381 3290 iis
1409 3247 1633 3302 Theophili
1665 3251 1708 3288 et
1735 3245 1908 3301 Cyrilli,
1938 3243 2309 3285 alexandrinorum
2339 3240 2572 3294 antistitum
2604 3244 2713 3294 quac

445 3321 583 3363 adhuc
613 3327 754 3364 extant
786 3322 973 3376 epistolis
1007 3326 1049 3363 et
1077 3305 1288 3374 homiliis,
1322 3331 1426 3374 quas
1457 3304 1736 3373 ἕορταστικᾶς,
1760 3315 1949 3369 sestales,
1981 3324 2274 3375 nuncupamus
2305 3312 2376 3363 (2).

563 3391 769 3433 Anulares
800 3392 899 3433 fasti
930 3397 1052 3444 sunt,
1080 3404 1189 3446 quos
1210 3391 1291 3433 sibi
1323 3390 1505 3444 quisque
1536 3389 1581 3430 in
1607 3387 1742 3429 anulis
1767 3384 2007 3427 incidebat·
2041 3395 2140 3424 nam
2171 3386 2268 3437 post
2301 3388 2418 3434 eam,
2447 3392 2575 3434 quam
2603 3379 2712 3431 dixi,

452 3462 505 3525 de
541 3463 739 3517 paschate
776 3465 1137 3516 controversiam,
1168 3461 1408 3527 complures
1432 3455 1704 3512 excogitatae
1736 3455 1910 3498 fuerunt
1947 3467 1972 3496 a
2000 3454 2101 3495 viris
2137 3451 2272 3494 doctis
2307 3450 2450 3492 latinis
2483 3454 2525 3492 et
2556 3451 2717 3503 graecis

447 3533 726 3588 computandi
764 3533 970 3587 paschatis
1002 3536 1212 3586 rationes,
1249 3530 1607 3587 quemadmodum
1648 3528 1908 3571 Christianus
1941 3527 2025 3579 ait,
2060 3525 2133 3579 qui
2166 3524 2421 3577 imperatore
2458 3522 2625 3563 Iustino·
2652 3518 2716 3577 (3)

546 3672 590 3713 (1)
611 3671 841 3704 Animadverte
866 3673 1033 3704 Alemanni
1060 3674 1194 3706 alteram
1220 3674 1303 3705 hanc
1329 3671 1601 3704 lucubrationem.
1626 3672 1664 3701 A.
1689 3670 1733 3700 M.

546 3726 592 3767 (2)
613 3725 705 3758 Adde
730 3726 774 3758 sis
800 3733 886 3757 nunc
912 3726 1011 3758 etiam
1038 3726 1268 3764 Athanasium,
1291 3726 1385 3758 cuius
1411 3733 1472 3757 nos
1496 3723 1627 3756 festales
1652 3720 1807 3763 epistolas
1832 3721 1866 3752 in
1890 3719 1953 3751 hoc
1977 3719 2131 3751 volumen
2157 3716 2338 3748 intulimus.
2364 3718 2402 3746 A
2425 3716 2469 3746 M.

550 3780 595 3820 (8)
617 3779 814 3811 Alemannus
835 3780 944 3811 noster
962 3779 997 3810 in
1020 3789 1118 3837 opere
1137 3781 1178 3813 de
1197 3781 1289 3813 later.
1312 3778 1428 3819 pariet.
1450 3786 1482 3819 p.
1504 3780 1563 3818 85,
1585 3775 1699 3808 scribit
1719 3782 1822 3815 aeque
1845 3772 2085 3806 Christianum
2106 3770 2158 3802 vel
2182 3769 2409 3803 cuhristinum.
2434 3767 2572 3799 Fallitur
2588 3768 2714 3807 tamen,

453 3833 655 3866 confundens
683 3831 816 3865 titulum
836 3827 1059 3869 χριστιανικη
1091 3824 1327 3871 τοπογραφιᾋα
1353 3829 1583 3873 topoyraphia
1606 3828 1821 3867 christiana,
1844 3825 1918 3859 eum
1944 3823 2135 3865 imaginario
2162 3822 2294 3855 nomine
2322 3820 2514 3854 Christiani
2543 3820 2595 3853 vel
2623 3820 2719 3854 Chri-
