2970 4420
15 3431 45 3726 *mxxv-*-
16 3366 26 3373 f
25 3340 30 3347 ·

1227 296 1284 330 nr.
1316 297 1578 330 1113000105.
1890 297 1892 300 ’
2445 286 2532 333 133

817 380 928 427 Tibi
961 372 1264 447 disciplinas,
1294 383 1606 448 dignitatem,
1635 381 1842 433 litteras,

914 459 1156 524 Linguae,
1187 473 1349 525 togae,
1377 461 1556 523 famae
1588 460 1749 511 decus,

821 525 1094 588 Provectus,
1125 538 1276 589 altus,
1309 538 1554 584 institutus
1583 537 1724 583 debeo

916 615 1150 665 Patrone,
1176 626 1484 679 praeceptor,
1513 626 1673 678 pater.

265 687 680 744 Quemadmodum
713 677 880 734 παῖδα
911 692 1229 747 Timotheum,
1259 692 1316 738 ad
1341 707 1482 753 quem
1506 691 1753 752 Dionysius
1775 688 2068 752 areopagita,
2095 697 2247 735 vocat.
2279 687 2367 735 Sed
2391 689 2537 751 Chry-s

273 774 508 813 sostomus
543 767 592 812 in
633 767 822 813 exilium
864 767 1194 830 proficiscens,
1231 769 1454 830 singulari
1494 769 1696 815 caritatis
1733 766 2080 818 declaratione,
2117 780 2236 827 quos
2276 767 2415 812 etiam
2452 782 2538 829 per

267 842 563 903 evangelium
600 852 821 904 genuerat
854 845 1037 891 Christo
1067 844 1407 908 filios,*patres
1436 845 1564 892 dicit.
1591 832 1680 890 ιἛν
1717 835 1866 903 σῶμα
1900 831 2078 904 ἐσμὲν,
2116 832 2172 885 οὗ
2212 832 2358 902 σῶμα
2393 849 2539 898 κεφα-

270 908 397 971 λῆς,
434 910 491 962 οὔ
530 909 737 974 necao&
765 909 998 982 σώματος
1032 911 1328 984 χωρίζεται·
1367 909 1706 986 διειργόμεθα
1739 911 1811 984 τῷ
1844 908 2012 983 τόπῳ,
2041 909 2164 963 ἀλλ’
2199 907 2446 980 ἑνούμεθα
2476 911 2540 979 τῇ

271 983 470 1059 dyeia-35·
502 984 617 1040 οὐδὲ
651 985 882 1049 θάνατος
911 985 1167 1058 διακόψαι
1206 985 1490 1045 δυνήσεται·
1519 986 1611 1063 κᾷν
1641 987 1746 1062 γὰρ
1785 984 2011 1056 οἷποθοίνῃ
2047 1008 2147 1057 μου
2183 984 2248 1039 τὸ.
2278 986 2440 1058 σῶμα·
2476 985 2538 1061 ζῇ

273 1062 299 1119 ἦ
336 1060 514 1131 ψυχὴ,
548 1062 630 1117 καὶ
667 1063 919 1136 μέμνηται
952 1065 1049 1118 τοῦ
1083 1062 1262 1136 δήμου·
1295 1065 1443 1136 ὑμεῖς
1479 1062 1594 1136 ἐμοῖ
1628 1062 1844 1138 παἿέρες·
1878 1064 1980 1124 πῶς
2013 1062 2150 1134 ὑμῶν
2181 1059 2401 1134 δύναμαι
2439 1063 2538 1117 ἔπι-

271 1136 571 1206 λαθέσθαις
602 1141 750 1210 ὑμεῖς
781 1140 892 1213 ἐμοὶ
925 1139 1160 1216 παὛέρες,
1188 1141 1340 1212 ὑμεῖς
1377 1137 1494 1212 ἐμοὶ
1526 1140 1654 1214 ζωὴ,
1685 1141 1830 1214 ὑμεῖς
1862 1138 1973 1211 ἐμοὶ
2009 1135 2345 1210 εὐδοκίμησις.
2387 1151 2540 1196 Unum

269 1240 440 1289 eorpus
472 1243 660 1278 sumas,
695 1244 844 1290 neque
878 1239 1025 1291 caput
1056 1243 1088 1273 a
1118 1222 1342 1291 corpore,
1378 1245 1527 1291 neque
1562 1245 1730 1292 corpus
1765 1243 1796 1273 a
1830 1226 1987 1290 capite
2021 1237 2293 1290 separatur.
2331 1226 2542 1273 Etiamsi

272 1301 374 1347 loco
409 1301 696 1355 dividimur,
732 1305 818 1350 sed
848 1304 1056 1350 caritate
1094 1304 1435 1369 coniungimur
1444 1324 1460 1358 ;
1497 1320 1584 1368 ego
1619 1320 1652 1350 a
1686 1304 1812 1350 vobis
1847 1320 1931 1350 nec
1967 1314 2118 1349 morte
2155 1302 2372 1349 divellar.
2411 1304 2538 1350 Nam

270 1378 363 1424 etsi
383 1394 555 1443 corpus
580 1397 737 1426 meum
762 1381 1022 1432 moriatur,
1053 1382 1222 1427 anima
1245 1397 1354 1428 mea
1379 1381 1512 1433 vivit,
1541 1393 1586 1427 et
1608 1381 1891 1427 memoriam
1918 1379 2060 1428 vestri
2083 1379 2272 1426 tenebit.
2308 1380 2394 1426 Vos
2418 1379 2542 1426 mihi

267 1466 451 1518 patres.
486 1457 728 1511 Quomodo
760 1470 964 1505 vestrum
993 1458 1271 1505 obliviscar?
1306 1460 1392 1504 Vos
1421 1457 1545 1504 mihi
1570 1470 1760 1522 patres,
1792 1473 1868 1504 vos
1890 1456 2014 1502 mihi
2038 1455 2162 1506 vita,
2193 1472 2270 1502 vos
2292 1455 2416 1501 mihi
2435 1457 2540 1520 glo-

273 1531 440 1579 riatio.
478 1534 578 1588 Qua
620 1544 730 1581 nota
771 1537 973 1582 caritatis
1006 1536 1324 1597 Chrysostomi
1361 1551 1470 1598 erga
1511 1550 1647 1590 suos,
1683 1536 1821 1581 etiam
1857 1534 2101 1580 homiliam
2134 1534 2319 1579 tertiam
2357 1534 2406 1579 in
2442 1543 2541 1580 acta

270 1609 595 1668 apostolorum
626 1611 894 1673 insignitam
924 1612 1149 1658 invenies.

401 1687 569 1732 Parum
593 1688 772 1750 oppido
795 1689 967 1735 Savilio
993 1698 1114 1744 erat,
1143 1697 1195 1735 ut
1224 1689 1456 1752 frigidulis
1481 1690 1607 1736 hisce
1630 1687 1890 1739 rationibus
1910 1686 2142 1734 Theodori
2169 1684 2413 1748 epistolam
2438 1687 2541 1733 Cal-

270 1761 468 1809 vinianis
500 1764 833 1827 Luteranisque
866 1766 1111 1813 adversam
1150 1765 1416 1829 exsibilaret
1436 1803 1448 1821 ,
1485 1769 1573 1813 nisi
1606 1767 1734 1813 aliud
1775 1766 1982 1812 eiusdem
2019 1764 2236 1827 putidum
2277 1765 2543 1810 munimen-

272 1846 398 1893 tum,
425 1840 520 1886 suis
557 1841 716 1888 favens
749 1844 978 1898 sectariis,
1004 1843 1243 1891 veluti.ab
1279 1860 1372 1891 ovo
1404 1846 1662 1891 excitasset.
1700 1839 1820 1891 Nam
1852 1844 1911 1889 ait
1939 1858 1995 1888 ex
2023 1843 2230 1888 vaticana
2257 1839 2543 1887 bibliotheca

269 1914 605 1980 depromptum
640 1919 872 1966 Theodori
907 1910 1269 1985 ἀντίγραμμα,
1304 1922 1341 1967 si
1376 1922 1642 1984 legitimum
1677 1930 1771 1976 est,
1808 1928 1854 1967 et
1889 1935 1986 1966 non
2025 1921 2259 1981 spurium,
2297 1918 2435 1980 plane
2469 1918 2541 1963 di·-

269 2007 459 2039 versum
490 2010 611 2048 esse,
646 1995 705 2042 ab
738 1998 948 2044 oratione
981 2014 1007 2044 a
1041 1999 1298 2045 Sozomeno
1331 1990 1612 2053 memorata,
1646 2010 1790 2060 quam
1822 1998 2010 2044 videtur
2038 1996 2310 2043 Theodorus
2343 2011 2367 2042 a
2394 1995 2541 2056 Chry-

271 2077 479 2117 sostomo
512 2074 705 2119 minime
733 2083 1040 2136 provocatus,
1073 2076 1148 2121 vel
1188 2084 1295 2122 ante
1327 2077 1560 2130 reditum,
1594 2077 1669 2123 vel
1702 2077 1750 2122 in
1785 2077 1888 2138 ipso
1921 2075 2074 2122 reditu
2107 2073 2166 2119 ab
2199 2088 2356 2119 eremo
2389 2073 2438 2118 in
2471 2074 2541 2119 sui

271 2141 617 2196 excusationem
643 2151 910 2198 adornasse.
930 2154 1183 2207 'Quaenam
1207 2153 1381 2200 isthaec
1403 2153 1634 2200 Theodori
1658 2155 1808 2200 oratio
1834 2161 1928 2206 est,
1956 2168 2097 2214 quam
2123 2151 2331 2213 quaesito
2355 2158 2543 2196 auctore

272 2223 530 2272 Sozomeno
557 2225 646 2272 sihi
672 2226 804 2290 fingit
840 2229 1067 2275 Savilius?
1102 2230 1277 2287 Acutus
1305 2245 1413 2276 sane
1441 2230 1610 2277 homo!
1645 2232 1704 2277 Ut
1732 2229 1909 2276 audivit
1930 2228 2229 2275 Theodorum
2258 2226 2542 2273 monachum

202 2304 205 2305 ’
273 2302 618 2349 excucullatum
650 2307 808 2351 nescio
833 2306 1022 2367 quid-in
1053 2309 1123 2352 sui
1155 2309 1498 2354 excusationem
1524 2308 1756 2361 attulisse,
1785 2309 1940 2353 statim
1973 2307 2206 2368 egregiam
2236 2304 2439 2366 aliquam
2467 2302 2542 2348 lu-

272 2376 674 2426 cubratiunculam
709 2381 1025 2430 subodoratus
1052 2392 1146 2438 est,
1174 2385 1237 2430 ita
1263 2385 1402 2446 plane
1437 2385 1737 2438 adornatam,
1764 2382 2036 2431 ut'decebat
2066 2382 2350 2429 monachum
2385 2381 2543 2426 deser-

274 2461 455 2509 torem,
491 2457 590 2504 Deo
623 2458 696 2503 cui
735 2474 783 2504 se
824 2458 1078 2506 devoverat
1115 2462 1492 2515 renunciantem‚
1531 2463 1725 2515 castitati
1765 2470 1810 2508 et
1846 2462 2156 2508 continentiae
2195 2459 2301 2517 vale
2338 2457 2538 2508 dicenti,

199 2540 210 2551 ·
268 2532 457 2591 nuptias
496 2541 542 2578 et
577 2533 811 2580 connubia
845 2537 1200 2597 quaeritantem.
1239 2538 1284 2582 Si
1317 2538 1565 2584 Theodori.
1586 2540 1844 2585 orationem
1878 2553 1932 2584 ea
1966 2538 2114 2599 capita
2156 2534 2543 2596 complectentem

275 2606 445 2663 alicubi
470 2608 844 2658 inbibliothecis
870 2612 1066 2660 Savilius
1088 2613 1358 2676 reperisset,
1386 2615 1538 2661 multo
1563 2615 1784 2662 libentius
1811 2617 1858 2661 in
1893 2616 2087 2677 gratiam
2108 2613 2415 2659 ¹sectariorum
2440 2609 2545 2655 edi-

275 2683 443 2739 disset,
469 2701 611 2747 quam
646 2687 766 2734 hanc
798 2690 1067 2751 epistolam,
1096 2706 1215 2753 quae
1247 2694 1551 2739 monasticam
1586 2694 1747 2739 asserit
1779 2685 2093 2755 disciplinam,
2131 2690 2348 2737 castitatis
2378 2687 2540 2734 obser-

275 2761 503 2815 vantiam,
531 2771 640 2809 vota
673 2765 771 2810 Deo
806 2780 831 2811 a
863 2767 1103 2813 monachis
1136 2769 1475 2830 nuncupanda,
1508 2778 1754 2832 sancteque
1787 2770 2036 2822 solvenda,
2071 2761 2366 2831 peccatorum
2396 2763 2541 2810 exho-

274 2837 578 2899 mologesim,
607 2842 916 2902 paenitentiae
951 2843 1204 2904 lacrymas,
1232 2853 1276 2890 et
1312 2844 1642 2907 suffragiorum
1666 2847 2010 2900 efficacitatem,
2038 2861 2180 2908 quam
2205 2842 2447 2905 epistolam
2477 2840 2540 2885 ita

275 2914 594 2961 stomachatur
625 2925 672 2962 et
705 2927 920 2971 nauseat,
950 2927 1001 2964 ut
1035 2919 1098 2965 ob
1133 2921 1181 2966 id
1215 2920 1456 2983 frigidam,
1483 2923 1689 2985 ineptam
1714 2932 1760 2969 et
1789 2923 2034 2969 ridiculam
2065 2936 2167 2968 eam
2192 2918 2411 2981 appellet.
2449 2915 2540 2962 Sed

276 3004 450 3050 quaeso
480 2992 722 3039 videamus
745 3009 865 3055 quae
894 2995 1035 3041 fuerit
1064 2997 1236 3043 Savilio
1265 3013 1401 3044 causa
1434 2999 1697 3045 somniandi
1722 3000 1852 3046 illam
1875 2999 2109 3046 Theodori
2135 2997 2410 3043 orationem.
2447 2994 2540 3038 Ne-

277 3081 370 3127 que
395 3069 519 3114 enim
542 3071 846 3124 Sozomenus‚
874 3087 1015 3134 quem
1042 3075 1172 3128 citat,
1200 3074 1290 3120 hoc
1313 3077 1402 3129 ait;
1430 3085 1539 3122 sunt
1560 3077 1735 3139 quippe
1758 3077 1873 3123 haec
1897 3078 1994 3123 eius
2016 3074 2159 3122 verba
2196 3071 2300 3135 (lib.
2320 3071 2439 3117 Vlll.
2462 3068 2537 3130 2.)

273 3132 426 3188 Ἀλλ’
463 3131 611 3197 οὗτος
646 3136 738 3208 μὲν
773 3138 918 3195 ἡνίκα
957 3138 1041 3196 τὴν
1078 3139 1239 3215 ἀρχὴν
1278 3140 1479 3212 ἐνέτυχε
1522 3143 1634 3204 τοῖς
1674 3146 1842 3203 θείοις
1885 3141 2087 3214 νόμοις,
2124 3139 2206 3193 καὶ
2255 3137 2415 3210 ἱεροῖς
2457 3136 2539 3190 ἆν-

281 3206 461 3283 dpa'mr
497 3213 783 3284 ὦμίλῆσέν,
823 3214 1032 3286 ἐπῄνεσε
1074 3215 1260 3275 ταύτην
1301 3218 1386 3276 τὴν
1423 3218 1637 3293 ἀγωγὴν
1676 3217 1764 3272 καὶ
1806 3217 2028 3286 κατέγνω
2065 3217 2163 3271 τῶν
2200 3214 2440 3268 ἀστυκῶν·
2479 3212 2535 3264 οὔ

284 3283 511 3361 ὃῑῆρκέσὲ
551 3287 608 3343 δὲ
643 3290 728 3349 τὴν
765 3291 918 3350 αὐτὴν
946 3296 1254 3366 «προθυμίαν
1291 3292 1438 3364 ἔχων·
1473 3292 1862 3367 μεταμεληθεῖς
1900 3293 1953 3348 δὲ
1990 3293 2126 3368 πρὸς
2159 3291 2246 3346 τὸν
2279 3288 2535 3363 ’πρότερον

283 3367 397 3427 βίον
436 3362 669 3429 εἵλκετο,
706 3363 794 3421 οἷα
828 3366 882 3422 δὲ
924 3368 1091 3432 εἷκός,
1129 3369 1374 3432 ἐναντίοις
1411 3371 1602 3444 λόγοις
1638 3370 1894 3443 κοσμήσας
1929 3370 1986 3424 τὸ
2025 3366 2446 3441 σπουδαζόμενον
2484 3365 2537 3419 ἐκ

279 3441 516 3496 παλαιῶν
551 3441 970 3517 ὑποδειγμάτων,
999 3442 1054 3503 ἦν
1082 3445 1186 3518 γὰρ
1222 3444 1549 3522 πολυΐστωρς
1575 3449 1646 3510 εἷς
1680 3448 1766 3505 τὴν
1801 3447 1954 3503 πόλιν
1989 3443 2275 3505 ἐπανῆλθεν.
2311 3454 2405 3500 Hic·
2431 3469 2536 3501 vero

284 3523 549 3574 Theodorus
585 3529 647 3574 ab
690 3530 831 3576 initio
863 3531 1056 3593 quidem
1092 3548 1199 3577 cum
1236 3531 1288 3578 in
1328 3549 1494 3579 sacras
1528 3535 1653 3597 leges
1689 3533 1928 3580 incidisset
1943 3570 1955 3584 ‚
1990 3542 2051 3578 et*
2070 3549 2178 3578 cum
2210 3529 2388 3577 sanetis
2423 3528 2536 3575 viris

280 3616 656 3658 conversaretur,
684 3605 772 3653 hoe
797 3607 923 3655 vitae
955 3625 1105 3672 genus
1135 3610 1458 3673 approbabat,
1489 3626 1548 3656 ae
1571 3613 1816 3658 saeculare
1851 3610 2134 3657 damnabat.
2171 3609 2266 3655 Sed
2296 3608 2345 3652 in
2375 3605 2534 3651 eodem

282 3675 370 3722 Ιιοο
397 3682 638 3744 proposito
671 3699 766 3729 non
791 3685 1024 3748 perstitit.
1060 3685 1156 3731 Sed
1186 3697 1345 3732 tamen
1371 3687 1675 3750 paenitentia
1707 3689 1897 3738 ductus,
1928 3687 1997 3733 ad
2023 3687 2232 3754 priorem
2266 3685 2389 3731 vitae
2423 3698 2536 3727 eon-

283 3755 578 3804 suetudinem
612 3772 847 3808 retractus
869 3762 997 3824 suit.
1035 3764 1099 3809 Et
1128 3763 1258 3825 quod
1285 3775 1352 3810 est
1386 3776 1773 3815 consentaneam,
1805 3765 2061 3812 contrariis
2094 3762 2392 3828 argumentis
2420 3776 2534 3823 pro-

275 3829 489 3891 positum
521 3850 659 3882 suum
684 3853 882 3891 ornans,
912 3856 975 3886 ex
1003 3851 1208 3887 veterum
1235 3841 1487 3904 exemplis,
1515 3854 1620 3888 erat
1645 3843 1770 3890 enim
1802 3844 1967 3890 variae
2001 3859 2059 3889 ac
2084 3844 2264 3895 mul-tae
2292 3837 2526 3888 lectionis,
