2970 4420
406 253 450 284 Vl
455 255 485 283 11
1441 255 1639 287 Enlroms

903 380 960 419 De
990 363 1171 420 chronico
1202 382 1420 431 temporum
1449 383 1487 419 et
1515 378 1838 419 heortaslicarum
1869 379 1912 418 S.
1946 381 2167 425 Athanasii.

505 495 560 539 V.
588 495 691 541 Non
711 494 851 542 semel
877 495 970 541 iam
995 491 1358 542 memoravimus
1380 496 1609 557 syriacum
1632 494 1887 541 chronicon
1913 496 2214 546 athanasianis
2235 500 2520 550 heortasticis
2538 521 2664 567 prae»
2683 505 2690 509 ’

409 571 539 618 claro
573 572 766 618 consilio
802 573 1146 634 praepositum,
1182 573 1311 634 quod
1345 574 1615 619 universum
1639 572 1932 634 episcopatus
1965 573 2062 620 eius
2094 584 2277 639 tempus
2312 580 2657 641 complectitur3

411 663 507 710 quo
532 657 655 694 certe
679 648 962 695 documento
990 649 1288 696 incommode
1318 650 1463 696 caruit
1493 650 1532 694 is
1555 648 1638 709 qui
1672 648 1731 694 de
1761 649 1939 695 ratione
1964 657 2228 713 temporum
2259 653 2664 705 athanasianorum

411 725 627 772 disseruit
650 725 956 778 Mamachius;
982 727 1095 771 item
1117 726 1421 772 Fontaninius
1445 725 1504 770 de
1529 739 1654 771 anno
1677 727 1923 773 emortuali
1949 728 1995 772 S.
2024 729 2256 778 Athanasii
2279 767 2290 785 ,
2329 734 2497 796 aliique
2522 751 2665 784 anna-

412 802 529 849 lium
562 810 788 849 auctores.
815 803 1202 849 Pretiosissimum
1226 802 1383 849 hercle
1406 802 1631 863 scriptum
1653 801 1774 867 ‚pubi
1802 812 1984 865 praeter
2007 803 2134 852 diem
2157 809 2416 869 paschalem
2433 847 2445 864 ,
2479 814 2561 874 qui
2594 823 2663 865 est

414 880 620 926 chronici
653 881 901 942 primarius
926 895 1093 943 scopus
1110 914 1122 933 ,
1150 895 1255 926 aera
1280 879 1576 934 Diocletiani,
1603 878 1652 924 id
1677 888 1952 942 est-tempus
1985 884 2183 944 suscepti
2215 884 2274 931 ab
2302 903 2359 933 eo
2382 889 2564 950 imperii
2592 891 2660 951 1),

414 956 629 1004 consules
660 959 977 1004 Romanorum
992 992 1004 1011 ,
1041 956 1239 1019 Aegypti
1266 955 1515 1018 praefecti,
1543 956 1710 1018 singuli
1735 957 1873 1003 lunae
1898 956 1947 1002 id
1971 966 2040 1003 est
2062 961 2289 1008 mensium
2314 962 2412 1010 dies
2437 964 2664 1027 (namque

415 1043 467 1079 ut
491 1035 553 1080 ait
575 1033 847 1080 Ambrosius
869 1034 918 1080 in
943 1034 1019 1080 cit.
1048 1049 1123 1095 ep.
1152 1034 1233 1086 23,
1264 1032 1487 1078 naturalis
1520 1047 1631 1079 usus
1652 1034 1892 1080 nationum
1916 1034 2073 1080 lunam
2098 1050 2186 1097 pro
2211 1036 2376 1084 diebus
2407 1028 2661 1103 appellat),

413 1109 736 1157 hebdomadae
768 1125 955 1172 quoque
996 1108 1084 1156 sub
1123 1110 1355 1155 consuetis
1393 1109 1599 1155 Deorum
1639 1109 1907 1156 nominibus
1942 1110 2039 1157 dies
2062 1146 2073 1164 ‚
2102 1111 2376 1160 indictiones
2397 1149 2408 1168 ,
2442 1125 2662 1178 epactae,

416 1196 463 1234 et
495 1188 747 1250 aegyptiaci
779 1189 951 1234 mensis
984 1187 1042 1233 ad
1082 1201 1328 1233 romanum
1362 1185 1575 1232 reductio
1598 1221 1610 1240 ,
1647 1202 1872 1249 perquam
1907 1197 2114 1234 accurate
2157 1189 2474 1237 adnotantur:
2517 1195 2667 1240 immo

415 1266 652 1327 praecipui
692 1266 829 1311 etiam
868 1261 1105 1310 Athanasii
1143 1271 1271 1309 actus
1293 1298 1305 1317 ,
1342 1271 1389 1309 et
1426 1264 1702 1325 scriptarum
1742 1264 2126 1312 heortasticarum
2160 1267 2334 1313 mentio
2367 1268 2662 1318 admiscetur.

415 1343 517 1391 Hoc
549 1357 662 1404 ergo
696 1342 951 1388 chronicon
971 1375 983 1394 ,
1028 1341 1312 1403 quicumque
1354 1341 1402 1409 in
1436 1340 1629 1387 illorum
1661 1349 1928 1404 temporum
1962 1341 2102 1389 rebus
2137 1345 2312 1390 versari
2346 1345 2528 1399 volent,
2565 1349 2665 1395 sine

418 1419 564 1466 dubio
604 1419 861 1466 consulent.
906 1418 1043 1474 Quod
1086 1426 1137 1464 ut
1170 1417 1383 1465 videatur
1406 1418 1575 1465 ‘utilius
1598 1454 1609 1472 ‚
1654 1418 2036 1466 heortasticarum
2071 1420 2183 1467 calci
2218 1437 2305 1467 nos
2340 1422 2466 1467 aliud
2508 1423 2667 1470 subte-

418 1497 597 1548 xuimus
630 1496 824 1541 latinum
859 1495 1113 1542 chronicon
1148 1510 1293 1557 aeque
1326 1495 1701 1548 athanasianum‚
1737 1494 1825 1541 sub
1858 1496 2119 1558 Theophilo
2156 1499 2375 1560 episcopo
2415 1500 2667 1561 scriptum,

418 1581 463 1619 et
495 1589 520 1619 a
551 1574 766 1635 ,Scipione
798 1573 978 1623 Maffeio
1012 1588 1067 1620 ex
1100 1575 1366 1636 pervetusto
1397 1574 1607 1620 Veronae
1640 1572 1803 1618 codice
1833 1574 2098 1621 excitatum.

1100 1759 1102 1761 -
1129 1734 1461 1775 Heortasticarum
1490 1734 1535 1774 S.
1572 1732 1778 1774 Athanasii
1805 1737 1950 1786 imaqo.

516 1884 589 1928 vl.
628 1883 725 1928 Iam
758 1890 809 1928 ut
840 1880 1018 1942 aliquid
1041 1880 1099 1926 de
1123 1889 1287 1926 natura
1312 1895 1499 1941 quoque
1523 1888 1570 1926 et
1592 1881 1760 1926 merito
1783 1880 2086 1942 epistolarum
2109 1880 2276 1928 harum
2302 1884 2509 1931 dicamus
2531 1920 2542 1939 ‚
2570 1887 2669 1947 pri-

419 1976 496 2007 ma
527 1969 574 2006 et
606 1960 804 2014 maxima
837 1960 1045 2020 ipsarum
1079 1957 1421 2003 commendatio
1454 1964 1548 2010 est,
1586 1958 1784 2003 auctoris
1818 1973 2015 2018 nomen3
2052 1974 2254 2022 namque
2285 1962 2582 2017 Athanasius,
2620 1965 2666 2009 vi

419 2039 557 2084 etiam
580 2035 909 2098 etymologica,
935 2049 1159 2079 casurum
1183 2034 1313 2079 nullo
1338 2044 1544 2096 tempore
1568 2050 1737 2079 nomen
1760 2032 1917 2080 habet.
1941 2036 2075 2081 Hunc
2090 2071 2101 2089 ‚
2124 2037 2337 2098 inquam,
2357 2047 2452 2084 tota
2479 2041 2669 2102 antiqui-

420 2122 490 2161 tas
513 2129 597 2160 ceu
630 2111 946 2158 firmissimum
971 2111 1082 2156 recti
1107 2109 1336 2171 dogmatis
1370 2110 1585 2156 columen
1619 2111 1917 2172 veritatisque
1951 2111 2161 2173 regulam
2186 2115 2386 2176 suspexit
2409 2130 2460 2161 ac
2485 2117 2672 2178 praedi-

432 2310 436 2313 >
483 2291 516 2332 1)
540 2289 634 2325 Aera
649 2285 870 2324 Diocletiani
887 2284 1028 2322 dicitur
1047 2285 1157 2322 etiam
1173 2285 1381 2333 Martyrum
1397 2311 1407 2329 ,
1427 2295 1653 2332 quamquam
1675 2286 1881 2332 persecutio
1899 2285 2048 2323 nonnisi
2064 2297 2162 2323 anno
2179 2286 2293 2334 ipsius
2310 2287 2525 2335 imperantis
2550 2290 2668 2326 XIX·

417 2347 578 2392 (Christi
602 2349 710 2390 303.)
742 2349 929 2384 commota
959 2344 1081 2381 fuerit.
1107 2345 1283 2391 Coeperat
1309 2349 1430 2381 autem
1459 2344 1641 2391 imperare
1667 2354 1764 2380 anno
1787 2344 1925 2381 Christi
1949 2348 2032 2390 284,
2062 2345 2162 2392 quod
2188 2351 2243 2383 est
2271 2347 2449 2384 usitatum
2465 2375 2475 2392 ,
2502 2353 2544 2385 ut
2569 2348 2670 2393 dixi,

417 2407 518 2443 illius
547 2416 651 2443 aerae
680 2405 838 2441 initium.
871 2403 967 2440 Mihi
997 2404 1039 2440 in
1063 2402 1189 2440 codice
1204 2403 1320 2439 latino
1335 2408 1406 2440 vat.
1436 2406 1539 2439 1195.
1565 2402 1592 2439 f.
1619 2407 1701 2439 206.
1729 2404 1819 2440 satis
1852 2403 1971 2450 prisco
1997 2410 2033 2442 et
2059 2415 2215 2451 magnae
2241 2405 2348 2442 molis
2368 2434 2381 2452 ,
2407 2407 2532 2451 (unde
2560 2407 2674 2445 etiam

417 2464 642 2514 poematium
669 2463 715 2500 de
732 2464 794 2500 SS.
816 2463 1044 2500 Constantia
1063 2468 1100 2499 et
1127 2462 1320 2499 Gallicano
1339 2462 1505 2510 sumpsi)
1524 2462 1565 2498 in
1593 2462 1743 2510 prologo
1771 2463 1940 2512 martyrii
1974 2464 2013 2499 S.
2031 2464 2179 2509 Georgii
2207 2465 2423 2502 occurrebat
2453 2466 2674 2504 Diocletiani

417 2525 579 2562 edictum
606 2522 794 2571 quoddam
825 2527 950 2559 contra
969 2522 1218 2567 Christianos,
1239 2521 1284 2558 ab
1310 2532 1353 2558 eo
1377 2518 1564 2558 diversum
1587 2520 1687 2568 quod
1713 2521 1915 2558 Pasierates
1946 2522 2075 2559 recitat
2102 2522 2142 2558 in
2168 2524 2258 2560 actis
2284 2523 2445 2561 eiusdem
2470 2525 2507 2561 S.
2526 2525 2674 2572 Georgii

419 2584 517 2632 apud
538 2583 686 2620 Surium
711 2583 754 2617 T.
772 2583 820 2627 II.
845 2592 882 2628 p.
909 2585 992 2618 905.
1018 2582 1196 2618 Neutrum
1214 2581 1367 2618 fortasse
1383 2580 1474 2617 satis
1490 2580 1694 2627 genuinum
1720 2586 1774 2617 est
1803 2580 1896 2624 (etsi
1922 2582 1994 2617 tria
2022 2581 2153 2618 saltem
2173 2582 2394 2620 Diocletiani
2420 2582 2538 2620 edicta
2559 2584 2604 2622 de
2629 2596 2671 2622 ea

416 2642 668 2691 persecutione
683 2641 845 2678 extitisse
860 2640 1043 2685 scimus);
1067 2640 1137 2676 hoc
1154 2644 1275 2676 autem
1295 2644 1464 2679 nostrum
1491 2649 1620 2686 parum
1643 2649 1683 2676 se
1707 2638 1896 2676 locutione
1911 2650 1977 2676 sua
1991 2668 2004 2684 ,
2024 2639 2180 2688 aliisque
2203 2641 2340 2677 criticis
2365 2642 2464 2678 notis
2487 2653 2673 2679 commen-

417 2702 499 2747 dat,
518 2708 554 2739 et
581 2701 626 2738 de
653 2711 783 2747 graeco
809 2705 905 2737 certe
930 2699 1132 2739 derivatum
1165 2699 1317 2736 videtur.
1336 2699 1439 2736 Nihil
1465 2704 1589 2743 tamen
1605 2703 1701 2735 vetat
1716 2699 1921 2746 quominus
1953 2700 2036 2736 heic
2058 2700 2176 2737 obiter
2201 2700 2387 2737 recitetur.
2412 2701 2673 2738 Diocletianus

418 2764 457 2798 et
479 2762 740 2797 Maximianus
762 2759 894 2795 divina
914 2759 1160 2806 providentia
1179 2761 1367 2795 Caesares
1380 2786 1393 2803 ,
1418 2758 1588 2794 omnibus
1611 2758 1875 2804 mamutium,
1898 2758 2136 2803 consulibus,
2160 2756 2369 2804 praefectis
2382 2786 2395 2804 ‚
2414 2761 2528 2805 atque
2551 2759 2671 2796 tribu-

417 2823 502 2866 nis,
536 2818 777 2864 omnibusque
800 2817 956 2864 populis
987 2819 1141 2854 nostrae
1172 2816 1319 2853 dicioni
1346 2814 1572 2865 faventibus
1593 2844 1607 2862 ,
1643 2819 1735 2853 vota
1764 2816 2228 2862 salutis.—Sa9acissimo
2263 2818 2388 2852 vestro
2422 2818 2595 2864 inqenio,
2628 2831 2679 2856 ac

413 2890 538 2927 paene
555 2879 626 2915 toti
641 2877 781 2914 mundo
804 2878 884 2914 iam
911 2878 1042 2913 notum
1067 2878 1143 2921 est,
1168 2876 1270 2923 quod
1295 2876 1451 2913 divinae
1475 2876 1701 2918 clementiae
1721 2874 1927 2911 altithroni
1951 2876 2070 2919 Iovis,
2090 2885 2137 2911 ac
2155 2876 2279 2917 sacris
2296 2876 2521 2913 Numinibus
2537 2904 2547 2921 ,
2573 2889 2674 2914 com-

411 2939 641 2986 placuisset,
667 2939 708 2972 in
729 2938 805 2972 toto
830 2935 920 2971 orbe
948 2937 1146 2972 terrarum
1169 2944 1370 2971 romanum
1401 2935 1605 2981 imperium
1626 2933 1880 2980 peculiariter
1918 2933 2060 2970 habere
2088 2933 2283 2972 cultorem.
2315 2938 2401 2971 Hac
2419 2946 2505 2984 pro-
2523 2946 2593 2981 re,
2626 2937 2674 2972 de

413 3008 543 3045 parva
568 2997 676 3043 qente
702 2994 927 3031 acleulmen
950 2995 1080 3030 tantae
1107 2994 1312 3039 diqnitatis
1338 2992 1437 3029 illud
1464 2992 1646 3028 exaitare
1674 2992 1828 3039 diqnati
1854 2995 1970 3037 sunt,
1997 2995 2042 3029 ut
2068 2992 2337 3030 monarchiam
2363 2995 2569 3038 retineret,
2595 3005 2672 3030 om-

422 3057 600 3102 nibusque
627 3056 753 3101 regnis
777 3053 1012 3100 subiuqatis,
1041 3051 1203 3099 pacifice
1224 3063 1309 3088 cum
1337 3053 1415 3088 suis
1441 3051 1655 3099 qauderet,
1685 3053 1724 3087 et
1744 3050 1910 3098 ,qloriose
1947 3053 2104 3087 viveret.
2131 3050 2319 3095 Proinde,
2351 3051 2444 3096 quia
2477 3061 2585 3087 nemo
2617 3055 2670 3090 eis

420 3117 501 3151 sine
517 3115 693 3162 praemio
714 3114 851 3164 servit,
878 3113 1163 3159 praecipimus,
1189 3111 1421 3156 suademus,
1450 3121 1665 3155 monemus,
1693 3113 1737 3146 ut
1760 3113 1905 3156 quanto
1933 3111 2058 3157 maqis
2076 3120 2139 3146 eos
2157 3111 2391 3156 propitiato-s
2420 3109 2562 3146 habere
2589 3122 2674 3148 con·

422 3176 582 3220 cupitis,
616 3175 724 3209 tanto
757 3173 881 3218 maqis
909 3182 987 3217 una
1009 3168 1204 3216 'nobiscum
1233 3172 1336 3206 omni
1369 3171 1477 3215 nisu,
1502 3171 1678 3215 omnique
1703 3172 1900 3206 conamine
1931 3170 2067 3205 mentis
2091 3179 2167 3215 pro
2198 3167 2353 3212 illoram
2382 3167 2674 3214 honorificentia

421 3233 610 3281 uiqiletis:
633 3232 874 3276 maximeque
906 3229 1158 3275 nefandorum
1196 3229 1522 3267 Christicolarum
1552 3227 1747 3264 culturam
1778 3230 1975 3274 sayaciter
2008 3226 2265 3274 extirpando,
2291 3227 2358 3273 qui
2385 3228 2424 3262 et
2451 3227 2585 3273 palam
2613 3241 2674 3266 eos
2742 3271 2745 3274 Α

420 3290 612 3338 infamare
637 3301 713 3326 non
742 3291 941 3333 metuunt,
971 3291 1008 3325 et
1035 3288 1154 3326 alium
1182 3288 1374 3335 quendam
1403 3287 1630 3334 crucifixum
1661 3289 1706 3322 ut
1735 3290 1856 3322 Deum
1883 3287 2065 3323 venerari
2094 3287 2284 3321 nituntur.
2320 3285 2469 3321 Idcirco
2503 3297 2578 3333 per
2605 3288 2679 3324 hoc

419 3349 622 3398 imperiale
648 3348 814 3393 edictum
836 3350 1046 3392 sancimus,
1075 3350 1120 3383 ut
1145 3347 1369 3394 ubicumque
1394 3347 1543 3393 reperti
1562 3344 1718 3391 suerint
1735 3372 1747 3388 ,
1776 3347 1925 3380 remota
1956 3345 2059 3380 omni
2091 3345 2308 3388 occasione,
2337 3345 2418 3382 sine
2444 3343 2577 3390 aliqua
2605 3349 2675 3382 mi-

421 3411 636 3454 seratione,
658 3407 881 3448 sacrificare
905 3406 1205 3452 compellantur.-
1232 3406 1403 3453 alioquin
1427 3405 1682 3451 atrocissimis
1707 3403 1919 3454 tradantur
1940 3404 2099 3450 poenis,
2124 3405 2162 3438 et
2180 3402 2431 3448 flammarum
2456 3403 2680 3440 combustio·-

421 3468 531 3505 nibus
554 3468 780 3504 exurantur.
807 3467 995 3502 Hactenus
1021 3464 1199 3515 edictum.
1234 3466 1407 3502 Ceterum
1435 3474 1548 3513 quam
1580 3460 1722 3510 tumida
1741 3489 1751 3507 ,
1781 3471 1894 3508 quam
1922 3461 2072 3498 verbosa
2101 3466 2210 3509 atque
2231 3459 2393 3505 involuta
2418 3465 2454 3497 et
2479 3461 2678 3513 plusquam

421 3528 570 3566 asiatica
593 3525 814 3563 Diocletiani
827 3524 1049 3560 scriniorum
1066 3523 1204 3560 locutio
1223 3524 1336 3562 fuerit
1350 3553 1360 3570 ,
1385 3528 1525 3572 quanta
1550 3522 1630 3560 eius
1655 3520 1702 3558 de
1726 3531 1878 3558 romana
1895 3519 2045 3557 fortuna
2070 3520 2297 3567 imperioque
2327 3519 2472 3566 proprio
2494 3520 2676 3565 magnilo-

422 3587 572 3635 quentia
586 3613 595 3630 ‚
624 3589 763 3633 quanta
787 3583 937 3621 demum
963 3582 1147 3631 hypocrisi
1163 3594 1268 3622 suam
1287 3595 1373 3632 erga
1399 3586 1497 3620 Deos
1515 3582 1686 3629 pietatem
1711 3580 1848 3635 impius
1866 3578 1925 3615 hie
1950 3579 2086 3615 iactare
2112 3579 2245 3616 soleret
2260 3607 2272 3624 ,
2292 3578 2380 3618 licet
2403 3578 2567 3625 apprime
2593 3589 2679 3625 cog-

422 3655 572 3684 noscere
599 3645 639 3681 in
657 3644 737 3681 eius
756 3653 889 3690 magno
914 3647 950 3679 et
976 3640 1128 3690 indubio
1153 3641 1198 3690 de
1223 3643 1352 3689 pretiis
1371 3642 1556 3690 venalium
1583 3649 1704 3687 rerum
1723 3638 1845 3679 edicto
1863 3665 1873 3682 ,
1889 3637 1943 3674 vel
1967 3636 2064 3684 apud
2079 3648 2147 3675 nos
2167 3638 2304 3687 Script,⁴
2315 3642 2383 3674 vet.
2398 3638 2440 3673 T.
2461 3638 2504 3683 V„
2527 3642 2620 3683 part.
2643 3639 2674 3672 l.

422 3717 459 3754 p.
478 3709 559 3742 296.
581 3714 673 3751 seq.,
701 3703 754 3739 vel
786 3700 884 3749 apud
905 3701 995 3738 alios
1021 3700 1191 3738 editores.
1218 3693 1295 3737 Ubi
1321 3702 1433 3738 etiam
1460 3700 1627 3741 observes
1649 3697 1757 3735 velim
1779 3696 2075 3739 Diocletianum,
2102 3706 2326 3744 quamquain
2352 3699 2548 3741 augustum
2564 3722 2574 3739 ,
2601 3694 2675 3731 dici

423 3765 503 3801 illic
528 3762 770 3801 nihilominus
795 3771 1016 3806 caesarem,
1048 3765 1091 3796 ut
1107 3760 1145 3796 in
1172 3760 1242 3796 hoc
1268 3760 1432 3797 vaticano
1450 3759 1582 3807 edicto.
1610 3756 1751 3806 Ibidem
1778 3761 1904 3793 tamen
1935 3756 1974 3792 in
2001 3760 2159 3802 quatuor
2172 3754 2434 3803 imperatorum
2457 3753 2574 3790 titulis
2591 3758 2678 3790 ante

424 3822 521 3865 illud
547 3832 701 3861 ARMEN.
729 3820 784 3858 vel
808 3829 1006 3858 Attumne.
1034 3818 1245 3857 addendum
1272 3824 1327 3856 est
1355 3829 1513 3857 CAnPlc.
1543 3827 1660 3866 mix„
1686 3821 1730 3862 ut
1753 3820 1876 3864 postea
1903 3814 2110 3852 didicimus.
