2970 4420
1193 299 1249 331 nt:
1281 299 1544 331 ‘rnnonoms-
2403 296 2422 340 1
2434 295 2494 340 47

248 382 606 451 Dtberstssimus
631 383 787 448 igitur
816 383 879 430 ab
913 381 1150 431 haeretico
1174 383 1256 432 illo
1294 383 1575 432 Themistius
1609 395 1767 438 noster
1793 384 1917 445 fuit,
1943 386 2184 450 planeque
2213 391 2426 452 gentilis,
2457 394 2511 440 id

249 460 378 524 quod
400 477 465 506 ew
494 460 793 508 orationibus
824 459 930 507 istis
962 460 1201 509 evidenter
1233 474 1458 526 apparet,
1487 461 1538 508 in
1568 461 1739 525 quibus
1756 473 1983 526 perpetuo
2004 464 2257 526 gentilium
2291 483 2419 513 more
2451 487 2509 516 ac

249 537 584 584 consuetudine
608 537 835 601 loquitur.
874 538 977 601 Ipse
1000 553 1140 592 vero,
1168 539 1206 585 si
1232 553 1340 586 vera
1365 547 1474 585 sunt
1502 554 1554 585 ea
1579 554 1698 602 quae
1718 547 1876 586 narrat
1899 539 2213 602 Nicephorus,
2238 543 2510 593 Themistius

247 615 324 662 hic
359 614 618 662 haereticus
650 616 687 661 si
717 617 1059 679 tempore-iam
1093 616 1219 662 dicto
1251 631 1277 663 a
1310 614 1575 678 Nicephoro
1606 615 1821 668 vivebat,
1859 617 1991 662 annis
2029 619 2283 679 petavianis
2322 630 2508 668 centum

249 690 364 738 alios
388 691 672 738 addiderim:
699 707 845 754 quare
876 691 1109 741 recentior
1141 691 1425 755 philosopho
1460 691 1546 739 fuit
1580 694 1711 739 annis
1742 692 1953 740 ducentis
1976 693 2072 739 fere
2098 709 2150 741 ac
2180 695 2504 758 quadraginta.

248 770 326 815 Ait
343 769 633 832 Nicephorus
655 768 740 816 lib.
762 772 923 818 XVIII.
946 786 1051 834 cap.
1074 771 1161 823 46,
1181 769 1435 817 Iohannem
1457 769 1811 817 alexandrinum
1835 779 2146 832 cognomento
2168 772 2481 835 Philoponum
2495 811 2506 827 ‚

248 844 337 892 sub
362 847 563 907 imperio
592 846 793 894 Heraclii
819 849 1044 910 viguisse3
1081 855 1128 893 et
1159 860 1260 909 cap.
1288 847 1368 892 47.
1395 848 1474 908 qui
1501 846 1778 893 adhortante
1812 847 1973 908 Sergio
2005 844 2262 909 patriarcha
2295 858 2509 910 constan-

248 924 558 986 tinopolitano
589 923 850 985 haeretico,
878 933 927 972 ut
958 924 1188 972 haeresim
1213 923 1444 970 eiusmodi
1471 922 1810 978 constabiliret,
1836 925 2019 987 scripsit
2049 923 2224 971 librum
2258 913 2512 979 διαὶΤκτῆς

248 1001 539 1064 inscriptum.
577 1000 709 1047 Illius
737 1000 955 1063 dogmata
992 1015 1252 1071 pravasque
1280 1000 1526 1062 opiniones
1558 1003 1946 1063 oppugnaverunt
1967 1002 2196 1047 Leontius
2226 1002 2507 1054 monachus,

249 1087 294 1124 et
319 1078 542 1139 Georgius
565 1077 739 1124 Pisides
760 1077 887 1125 illius
909 1078 1138 1141 aequalis,
1165 1077 1381 1140 quamvis
1404 1083 1550 1123 aetate
1571 1079 1744 1123 iunior.
1772 1078 1839 1123 En
1862 1077 2111 1142 Nicephori
2138 1076 2280 1125 verba
2300 1094 2402 1141 cap.
2430 1081 2506 1125 48.

249 1143 398 1199 ἀλλὰ
432 1143 623 1199 πολλοὶ
655 1144 747 1216 μὲν
776 1142 865 1197 καὶ
899 1143 1063 1199 ἄλλοι
1094 1143 1301 1205 τούτοις
1330 1141 1624 1206 ἅντέθεντο,
1651 1142 1881 1214 μα’λισὟα
1914 1141 1971 1197 δὲ
2000 1143 2191 1200 πάντων
2225 1145 2249 1198 ὁ
2279 1146 2509 1218 μοναχός

247 1219 487 1283 Λεόντιος
521 1227 763 1294 γενναίως
800 1222 847 1275 ἐν
881 1220 1154 1296 τριάκοντα
1187 1224 1524 1286 κεφαλαίοις,
1560 1225 1752 1287 βίβλον
1790 1217 1914 1278 ἕλην
1948 1220 2152 1283 τούτοις
2186 1221 2507 1284 ἀντ-ἔστησεν,

249 1295 407 1372 ἄρδην
440 1297 530 1372 μὲν
564 1295 927 1356 τὴν·τοιαυ’τκν
963 1294 1156 1374 αἵρεσιν
1196 1295 1592 1371 ἀνατρέπουσαν
1616 1339 1628 1360 ,
1664 1294 1866 1370 σφόδρα
1903 1295 1956 1352 δὲ
2001 1296 2088 1352 καὶ
2122 1296 2183 1352 τὸ
2218 1300 2338 1354 καθ’
2376 1301 2508 1372 ἡμᾶς

251 1374 458 1442 εὐσεβὲς
494 1372 659 1446 ὃοΎμα
691 1373 1044 1448 κραὟόνουσανῗ
1075 1373 1152 1428 ἐπὶ
1188 1370 1242 1428 δὲ
1273 1372 1439 1447 τούτῳ
1471 1373 1552 1428 καὶ
1595 1375 1619 1426 ὁ
1660 1371 1943 1444 θαυμάσιος
1977 1372 2239 1439 διάκονος,
2275 1374 2358 1430 καὶ
2394 1378 2504 1451 ῥαμ

250 1448 576 1526 φερενὸιίριος
611 1451 870 1526 Γεώργιος
906 1451 930 1504 ὁ
968 1448 1210 1513 Πισίὸκς,
1243 1449 1519 1512 ἡλικιώτης
1551 1447 1616 1506 ὢν
1654 1450 1846 1523 ἐκείνῳ,
1877 1452 1918 1505 εἷ
1957 1451 2039 1505 καὶ
2078 1453 2151 1526 τῷ
2186 1452 2352 1527 χρόνῳ
2388 1459 2506 1508 λίαν

249 1528 512 1603 νεώτερος,
551 1529 597 1583 ἐν
635 1525 836 1599 ιὀἷμβων
870 1526 1074 1602 μέτροις
1110 1527 1362 1599 ἀρίσὙοις,
1388 1524 1558 1601 ὥσπερ
1595 1525 1789 1582 εἴθιστο
1822 1526 2071 1624 γράφειν,
2105 1526 2229 1602 πρὸς
2258 1527 2342 1588 ‘viv
2377 1531 2506 1603 εἴρῃ-

249 1605 402 1676 μένην
429 1603 623 1680 αἵρεσιν
652 1604 890 1671 οἷνἻιβὰς,
918 1602 1006 1659 καὶ
1032 1601 1273 1660 παιδειοὶν
1303 1601 1499 1675 σπουδῇ
1524 1603 1783 1679 κεραννῦς,
1812 1605 1941 1658 οὑτω
1969 1628 2070 1668 πως
2100 1603 2355 1680 διέρχὲἶαι
2390 1606 2508 1672 σφό-
2535 1675 2537 1679 Ι

251 1681 351 1756 δρα
386 1679 676 1751 διελέγχων
709 1679 772 1735 τδ
790 1679 1046 1737 ἄπιστον.
1083 1693 1148 1737 Et
1181 1708 1289 1738 cum
1316 1691 1532 1756 plerique
1565 1691 1658 1738 alii
1688 1691 1879 1756 seriptis
1912 1691 2011 1738 suis
2049 1708 2107 1738 ea
2138 1707 2502 1757 oppugnarunt,

251 1781 352 1815 tum
388 1768 610 1817 Leontius
640 1766 901 1815 monachus
934 1768 1148 1814 omnium
1180 1769 1396 1815 maxime
1426 1769 1674 1833 egregium
1707 1769 1882 1814 librum
1908 1768 2116 1833 triginta
2149 1770 2362 1833 capitum
2397 1788 2507 1816 eon-

250 1859 329 1891 tra
363 1846 498 1892 illum
533 1845 811 1909 conscripsit
845 1845 906 1907 (1)
923 1881 935 1899 ,
962 1862 1054 1909 quo
1087 1846 1235 1893 simul
1255 1858 1300 1892 et
1333 1845 1569 1893 haeresim
1602 1863 1708 1892 eam
1736 1836 1946 1910 prorsus*
1963 1847 2150 1898 evertit,
2185 1860 2230 1893 et
2255 1844 2393 1912 piam
2423 1866 2508 1894 no-

248 1934 400 1969 stram
435 1923 719 1968 sententiam
756 1922 895 1969 valde
922 1923 1193 1984 confirmat.
1231 1926 1344 1970 Post
1381 1923 1508 1970 huno
1541 1937 1587 1970 et
1622 1924 1940 1970 admirandus
1977 1924 2057 1971 ille
2095 1925 2324 1971 diaeonus
2365 1938 2507 1989 atque

249 2000 602 2062 referendarius
631 2000 861 2063 Georgius
883 2000 1089 2051 Pisides,
1119 2001 1335 2063 aequalis
1362 2001 1457 2047 sive
1480 2013 1764 2047 coaetaneus
1800 2001 1951 2053 illius,
1979 2003 2197 2064 quamvis
2225 2015 2383 2048 aetate
2414 2003 2508 2050 ali-

248 2089 428 2139 quanto
464 2077 647 2128 iunior,
679 2077 853 2123 iambis
875 2076 1214 2141 pulcherrimis
1248 2078 1312 2141 (2)
1328 2113 1339 2132 ,
1367 2094 1482 2141 quos
1510 2078 1712 2124 scribere
1743 2091 2065 2131 consueverat,
2095 2096 2202 2126 eum
2227 2080 2359 2126 dieta
2394 2080 2508 2126 hae-

253 2154 346 2200 resi
380 2169 680 2216 congressus,
710 2170 810 2199 rem
845 2144 1023 2216 seriam
1056 2151 1240 2200 ludicro
1271 2155 1579 2219 temperando
1610 2155 1679 2201 ad
1704 2154 1830 2201 leunc-
1862 2156 2055 2202 modum
2087 2156 2254 2218 refert,
2285 2157 2508 2203 absurdi-

250 2243 400 2277 tatem
435 2230 565 2276 illius
592 2218 828 2292 refutans.
864 2231 1005 2278 Vides
1032 2233 1188 2294 itaque
1220 2232 1485 2294 Nicephoro
1517 2241 1655 2286 teste,
1682 2231 1769 2279 sub
1803 2234 2020 2280 Heraclio
2056 2249 2162 2280 cum
2194 2233 2335 2281 rebus
2360 2236 2508 2282 'eccle-

249 2309 438 2354 siasticis
466 2316 697 2369 praeesset
724 2308 934 2370 Sergius,
961 2324 1051 2355 una
1082 2324 1188 2355 cum
1218 2309 1368 2355 Piside
1397 2311 1596 2372 Georgio
1625 2311 1768 2356 vitam
1799 2311 1961 2372 egisse.
1999 2311 2134 2358 Adde
2167 2327 2221 2357 ex
2252 2311 2401 2358 Photii
2433 2312 2508 2358 bi-

250 2384 482 2431 bliotheca
518 2384 624 2431 cod.
654 2386 734 2430 23.
763 2385 889 2431 hunc
920 2385 1220 2432 Themistium
1239 2421 1250 2439 ,
1278 2386 1337 2432 de
1362 2401 1460 2448 quo
1486 2386 1624 2433 nobis
1655 2388 1801 2434 modo
1835 2403 1989 2435 sermo
2014 2398 2111 2442 est,
2141 2405 2246 2434 cum
2273 2390 2502 2451 Eugenio,

250 2471 296 2508 et
319 2462 508 2508 Conone
531 2462 751 2508 adversus
774 2463 992 2509 Iohannis
1015 2463 1262 2526 Philoponi
1286 2464 1346 2510 de
1369 2465 1519 2510 carnis
1544 2466 1882 2512 resurrectione
1906 2465 2207 2513 deliramenta
2234 2481 2354 2528 opus
2378 2483 2508 2512 com-

251 2539 435 2601 pilasse.
472 2540 596 2601 Ergo
635 2539 711 2585 hic
747 2540 1023 2587 Themistius
1061 2540 1148 2587 fuit
1186 2541 1262 2587 vel
1303 2541 1508 2603 aequalis
1546 2542 1621 2588 vel
1661 2543 1824 2589 saltem
1859 2542 2122 2605 Philopono
2164 2545 2412 2606 posterior.
2449 2546 2505 2590 Et

250 2616 493 2677 quomodo
526 2617 801 2663 Themistius
837 2618 917 2678 qui
951 2616 1040 2663 sub
1071 2617 1260 2664 Valente
1296 2617 1503 2679 vigebat,
1541 2627 1721 2680 poterat
1757 2635 1856 2666 esse
1890 2621 1967 2666 hic
2003 2621 2301 2675 Themistius,
2339 2622 2417 2682 qui
2457 2623 2503 2666 in

236 2692 564 2754 ‘Philoponum
590 2693 797 2739 invectus
820 2693 919 2739 est?
944 2694 999 2738 Et
1020 2693 1134 2740 haec
1155 2694 1345 2756 quidem
1367 2710 1423 2740 ex
1443 2695 1709 2758 Nicephoro
1730 2696 1950 2743 adversus
1971 2696 2303 2759 Nicephorum.
2332 2697 2505 2752 Quam-.-

251 2770 319 2815 vis
351 2784 446 2815 non
475 2784 551 2815 me
582 2767 725 2830 fugit,
753 2770 816 2816 ita
848 2768 1074 2816 referente
1099 2772 1292 2831 Leontio
1322 2771 1382 2818 de
1415 2774 1547 2819 sectis
1582 2780 1669 2819 act.
1695 2775 1758 2826 V,
1786 2774 2097 2836 Philoponum
2130 2773 2218 2821 sub
2251 2767 2503 2820 Iustiniano

251 2846 418 2892 vixisse
454 2846 534 2907 (3).
563 2832 677 2889 ’Έτι
718 2833 771 2889 δὲ
809 2833 1148 2909 καθεζομένου
1180 2838 1275 2891 τοῦ
1305 2835 1587 2908 (ᾒεοὸοσίου
1623 2839 1671 2894 ἐν
1700 2840 1774 2912 τῷ
1804 2837 2086 2914 Βυζαντίῳ,
2120 2838 2314 2897 ἐκινήθη
2346 2840 2502 2895 πάλιν

250 2912 307 2965 τὸ
346 2911 525 2985 δόγμα
556 2912 654 2967 τῶν
685 2913 991 2986 τρι-θεῖτῶν,
1025 2909 1086 2966 οὗ
1114 2914 1449 2988 αιῖρεσίαρχος
1482 2913 1682 2989 γεΤονεν
1719 2917 1743 2968 ὁ
1780 2915 2082 2978 Φιλόπονος.
2115 2925 2281 2972 Adhuc
2306 2926 2502 2990 degente

252 2998 483 3062 Byzantii
520 2997 796 3053 Theodosio,
831 2998 984 3046 denuo
1014 3011 1298 3046 commotum
1325 3000 1436 3062 suit
1470 3001 1658 3064 dogmat
1686 3003 1725 3047 Τ
1721 3001 2026 3049 ritheitarum
2041 3040 2053 3054 ,
2089 3003 2223 3051 cuius
2261 3001 2502 3052 haereseos

249 3076 471 3139 princeps
506 3074 795 3139 Philoponus
828 3076 1009 3123 extitit.
1045 3077 1329 3131 Theodosius
1363 3092 1474 3124 vero
1513 3079 1589 3131 hic
1618 3073 1773 3125 motus
1812 3079 1871 3125 ab
1903 3081 2198 3142 episcopatu,
2233 3081 2500 3141 Byzantium

254 3154 551 3216 deportatur,
583 3153 742 3215 ibique
776 3169 832 3199 eo
864 3163 1205 3209 commorante,
1233 3154 1323 3201 hoc
1362 3155 1685 3207 Tritheitarum
1719 3156 1889 3218 dogma
1922 3172 1946 3203 a
1976 3157 2236 3218 Philopono
2272 3158 2499 3219 originem

253 3229 432 3276 habuit.

381 3306 655 3354 Sirmondus
690 3307 740 3353 in
775 3308 897 3354 notis
932 3307 991 3353 ad
1030 3307 1300 3354 Facundum
1340 3311 1557 3370 opinatur
1592 3308 1888 3355 Theodorum
1922 3309 2046 3355 hunc
2078 3310 2159 3371 qui
2191 3318 2350 3357 contra
2382 3311 2499 3356 The-

253 3384 456 3430 mistium
490 3385 804 3446 Agnoetarum
838 3385 1092 3447 principem
1127 3385 1334 3447 scripsit,
1363 3400 1461 3431 esse
1493 3385 1627 3432 illum
1662 3387 1840 3452 ipsum,
1877 3385 1937 3432 de
1971 3401 2067 3447 quo
2100 3387 2226 3438 idem
2255 3388 2498 3435 Facundus

253 3458 336 3506 lib.
364 3461 423 3506 II.
451 3476 554 3524 cap.
584 3461 631 3509 3.
659 3460 818 3508 refert.
860 3462 975 3507 Tum
1004 3454 1131 3507 enim
1166 3477 1272 3514 cum
1299 3477 1391 3525 pro
1407 3461 1687 3523 firmanda,
1725 3463 1796 3509 vel
1823 3461 2030 3528 amplius
2057 3463 2355 3527 publicanda
2389 3482 2498 3510 con-

337 3615 386 3655 (1)
410 3614 546 3650 Extant
569 3624 698 3661 graece
722 3613 812 3651 haec
837 3614 988 3662 trIginta
1014 3593 1160 3651 Leontii
1188 3613 1348 3661 capitula
1373 3614 1413 3651 in
1437 3619 1537 3651 tomo
1564 3618 1691 3652 nostro
1718 3614 1873 3662 septimo
1900 3615 2031 3663 script.
2059 3621 2127 3654 vet.
2155 3627 2192 3664 p.
2217 3620 2343 3654 40-45.
2371 3619 2416 3653 Α.
2442 3618 2494 3654 M.

343 3675 392 3715 (2)
415 3672 524 3709 Extat
547 3672 618 3709 hoc
642 3672 826 3720 poeticum
851 3673 997 3711 Pisidae
1021 3684 1112 3721 opus
1137 3674 1176 3710 in
1201 3673 1360 3710 editione
1384 3673 1566 3721 Fogginii.
1591 3676 1638 3710 A.
1664 3675 1716 3710 M.
2038 3678 2040 3680 '

340 3734 388 3774 (3)
411 3731 515 3769 Adeo
539 3743 665 3770 verum
690 3738 769 3778 est,
795 3733 1042 3782 Philoponum
1067 3733 1137 3770 sub
1162 3732 1366 3776 Iustiniano
1394 3733 1485 3780 imp.
1510 3733 1662 3778 vixisse,
1687 3738 1731 3770 ut
1753 3744 1821 3772 nos
1844 3735 1885 3771 in
1907 3735 2034 3782 Spieil.
2061 3747 2154 3774 rom.
2181 3738 2225 3774 T.
2253 3737 2319 3772 111.
2347 3747 2382 3784 p.
2410 3740 2490 3773 739.

234 3789 473 3827 >breviarium
497 3791 576 3829 eius
600 3792 775 3840 epistolae
799 3803 840 3830 ex
866 3793 991 3831 codice
1014 3793 1156 3842 syriaco
1179 3791 1425 3837 ediderimus,
1451 3803 1522 3840 qua
1548 3803 1587 3830 se
1612 3793 1816 3832 Iustiniana
1839 3800 1986 3837 excusat
2009 3796 2208 3844 quominus
2231 3797 2492 3834 Constantino-

259 3847 391 3899 polim,
418 3848 465 3886 ad
489 3860 599 3897 quam
623 3850 752 3892 urbem
776 3851 992 3899 vocabatur,
1018 3852 1319 3900 proficisceretur.
1346 3854 1393 3888 A.
1417 3852 1469 3888 M.
