2970 4420
1046 283 1100 313 DE
1135 281 1419 314 xant-:unnim
1452 280 1702 311 tumtum.
2207 290 2211 293 ·
2402 284 2531 316 XXXV

1216 358 1353 409 lmaqo
1382 359 1539 409 quinta.

365 429 416 470 Et
449 426 563 468 hunc
595 437 684 468 esse
717 426 975 468 monachum
1005 426 1165 468 floccus
1195 427 1239 468 in
1273 427 1460 477 vertice,
1494 424 1548 467 118
1580 436 1668 479 quo
1703 423 1834 465 modo
1866 423 1975 476 dixi,
2011 426 2147 478 palam
2181 428 2383 470 ostendit.
2420 430 2516 471 Dies

251 499 417 541 decima
445 496 623 552 septima
654 495 856 548 ianuarii,
880 495 935 538 ad
966 508 1096 551 quam
1128 497 1396 551 imaguncula
1419 495 1631 550 pertinet,
1656 496 1698 536 S.
1729 495 1964 538 Antonium
1986 507 2075 537 esse
2107 498 2285 538 omnino
2318 498 2516 541 declarat.

247 567 423 611 Accedit
455 568 618 621 insigne
647 567 691 608 in
727 567 861 609 altera
896 579 1041 618 manu,
1076 578 1205 621 quam
1241 566 1500 609 flammulam
1531 578 1619 608 esse
1651 564 1857 607 coniicio:
1894 566 1938 606 in
1973 569 2060 607 tam
2097 566 2282 608 obscura
2319 569 2519 622 pingendi

251 644 341 682 arte
373 639 565 691 elucere,
590 637 855 692 discernique
884 651 936 680 88
956 640 1023 681 vix
1049 642 1205 693 potest.
1240 638 1282 679 Si
1312 638 1477 680 flamma
1504 641 1591 688 est,
1617 637 1659 678 S.
1688 636 1865 678 Antonii
1889 636 2056 690 insigne
2079 637 2297 692 antiquius
2322 639 2408 681 hoc
2432 652 2521 683 esse

251 710 392 763 vides,
419 721 547 764 quam
579 707 754 763 quidam
782 709 1034 751 existimant.
1067 710 1131 751 De
1154 720 1242 763 quo
1268 713 1407 750 tamen
1432 708 1538 750 nihil
1561 707 1767 749 vetustius
1788 707 2001 759 occurrit,
2034 719 2163 762 quam
2196 707 2313 764 quod
2344 709 2383 749 S.
2409 709 2523 752 Tho-

251 793 343 822 mas
374 781 548 835 aquinas
577 779 622 821 in
651 780 694 821 4.
725 778 823 822 dist.
851 781 926 822 49.
951 780 1165 835 exposuit.

1235 852 1378 903 lmaqo
1406 854 1536 891 sexta.

372 920 496 964 Nulla
524 921 670 963 notior
698 921 838 976 imago
869 926 955 974 est,
981 934 1110 976 quam
1134 923 1176 964 S.
1199 921 1432 964 sebastiani
1456 921 1679 975 martyris,
1706 931 1801 962 cum
1829 920 1864 962 is
1890 920 2038 962 iaculis
2064 920 2285 963 confossus
2305 923 2514 976 pingitur.

254 978 391 1034 Aliam
411 1004 463 1035 ex
486 992 651 1034 musivo
675 991 862 1034 eiusdem
885 992 1069 1047 effigiem
1088 991 1272 1035 vidimus
1292 994 1338 1034 in
1359 991 1487 1034 titulo
1512 990 1724 1034 Eudociae
1747 991 1936 1034 militari.
1968 992 2025 1035 Ut
2044 991 2150 1034 haec
2171 992 2320 1035 habitu
2342 1000 2515 1050 ornata,

253 1064 300 1106 in
335 1063 408 1105 illa
440 1067 593 1118 utpote
624 1063 825 1106 coloratis
861 1064 1040 1106 tessellis
1078 1065 1330 1106 concinnata
1368 1063 1519 1106 clarius
1554 1067 1746 1117 apparet.
1783 1063 1908 1104 Aetas
1944 1064 2142 1118 martyris
2178 1065 2352 1119 gravior
2387 1070 2517 1120 atque

254 1135 523 1190 provectior,
548 1146 670 1176 secus
698 1146 828 1189 quam
851 1147 878 1177 8
906 1134 1145 1189 pictoribus
1171 1133 1301 1176 hodie
1329 1134 1500 1189 depingi
1522 1134 1646 1176 solet.
1679 1135 1729 1176 Iu
1754 1139 1898 1187 vetere
1922 1135 2231 1190 martyrologio
2253 1147 2432 1179 romano
2462 1137 2517 1180 de

248 1218 301 1247 eo
326 1206 388 1247 sic
411 1205 591 1259 legitur:
616 1207 836 1247 Sebastiam·
863 1210 905 1247 in
933 1203 1110 1258 vestiyit‘s
1135 1207 1400 1259 apostolorum
1426 1206 1593 1258 sepulti,
1625 1205 1707 1247 hoc
1734 1209 1796 1247 est
1825 1205 1878 1247 ad
1900 1205 2189 1260 catacumbas3
2214 1219 2310 1249 nam
2337 1207 2398 1250 ihi
2422 1213 2513 1252 tum

251 1277 363 1319 Petri
394 1276 601 1331 Paulique
628 1289 812 1332 corpora
842 1276 1014 1320 condita
1041 1281 1174 1319 erant.

851 1397 863 1402 κ
1205 1349 1346 1401 Imayo
1375 1347 1557 1400 septima.

368 1418 579 1475 vigesima
607 1417 791 1460 secunda
822 1414 891 1460 dle
921 1418 1123 1470 ianuarii,
1155 1418 1199 1459 iu
1231 1429 1412 1459 romano
1443 1416 1687 1459 kalendario
1719 1422 1915 1460 notatum
1945 1418 2129 1462 habetur
2156 1419 2310 1462 festum
2341 1427 2513 1465 sancto-

248 1500 346 1530 rum
379 1488 586 1533 'Anastasii
614 1488 839 1540 monachi,
872 1492 917 1530 et
949 1488 1166 1530 Vincentii
1197 1488 1367 1529 levitae.
1401 1487 1504 1530 Heic
1533 1487 1706 1530 illorum
1740 1488 1848 1530 alter
1879 1493 2044 1532 tantum
2080 1491 2360 1545 proponitur3
2392 1493 2513 1548 isque

252 1560 507 1602 Vincentius
539 1572 629 1602 esse
664 1559 897 1602 credendus
928 1563 1017 1613 est,
1051 1559 1171 1601 cuius
1203 1559 1251 1601 in
1281 1559 1456 1602 ecclesia
1490 1558 1622 1601 latina
1655 1560 1880 1614 praecipua
1916 1573 2084 1616 semper
2118 1562 2254 1604 extitit
2284 1566 2508 1620 memoria,

250 1632 422 1685 eiusque
451 1631 573 1672 unius
598 1629 801 1684 agebatur
825 1630 939 1672 inter
966 1630 1189 1672 missarum
1215 1630 1460 1682 sollemnia,
1484 1634 1532 1671 ut
1558 1629 1700 1672 videre
1729 1635 1794 1672 est
1819 1631 1864 1672 in
1894 1630 2063 1674 duobus
2087 1633 2384 1687 antiquissimis
2408 1636 2511 1679 mis-

246 1702 406 1744 salibus
434 1706 519 1743 vat.
545 1715 644 1744 mss.
668 1714 712 1742 n.
741 1702 881 1754 3548,
903 1706 946 1744 et
966 1715 1012 1744 8.
1037 1703 1170 1744 4772.
1207 1704 1318 1753 Quae
1348 1703 1464 1743 hodie
1494 1706 1604 1755 reyio
1636 1702 1799 1757 (inquit
1828 1704 2087 1757 Augustinus
2116 1715 2242 1746 serm.
2268 1706 2339 1747 22.
2366 1705 2419 1749 de
2446 1707 2510 1750 di-

250 1771 407 1829 versis)
434 1786 586 1826 quaeve
607 1774 838 1826 provincia,
873 1785 1072 1826 quousque
1102 1773 1405 1815 christianorum
1434 1787 1571 1815 nomen
1602 1775 1850 1826 extenditur,
1886 1788 1963 1815 non
1992 1776 2140 1827 qaudet
2166 1777 2363 1818 celebrare
2391 1783 2508 1820 nata-

248 1846 325 1885 lem
355 1846 549 1885 Vincentia·
577 1845 763 1885 diaconi?

1215 1917 1354 1969 Imaqo
1383 1922 1534 1958 octava.

368 1987 427 2029 Ex
457 1985 751 2040 apostolorum
781 1985 929 2028 ordine
959 1985 1029 2028 hic
1057 1991 1147 2039 est3
1181 1999 1277 2028 nam
1309 1990 1527 2042 quotquot
1556 1987 1639 2029 1106
1669 1987 1713 2029 18
1744 1987 1943 2041 pugillari
1978 1990 2196 2042 apostolos
2224 1991 2363 2044 pictor
2394 1989 2505 2032 deli-

248 2058 415 2109 neavit,
446 2057 498 2099 iis
525 2061 718 2113 petasum
747 2057 868 2099 illum
898 2069 1027 2112 quem
1057 2057 1197 2111 vides,
1229 2058 1442 2113 capitibus
1471 2059 1690 2114 imposuit.
1723 2060 1819 2100 Hoc
1854 2058 2032 2101 fortasse
2060 2059 2219 2102 iudicio
2253 2061 2505 2115 investigare

250 2127 416 2180 licebit,
449 2128 569 2170 cuius
597 2128 780 2170 nationis
808 2128 894 2170 hoc
923 2127 1133 2183 pugillare
1163 2129 1243 2182 sit,
1270 2141 1363 2171 uam
1395 2129 1579 2172 Graecos
1609 2133 1653 2171 et
1681 2129 1896 2171 Romanos
1925 2141 2132 2184 nusquam
2164 2134 2374 2185 petasatos
2399 2143 2506 2186 apo-

249 2198 408 2252 stolos,
442 2197 517 2245 8811
549 2197 666 2240 88110
703 2199 841 2254 capite
873 2199 1055 2253 pinxisse
1071 2229 1083 2252 ‚
1115 2199 1168 2241 iis
1204 2199 1280 2254 qui
1315 2200 1511 2254 antiquas
1545 2199 1751 2254 imagines
1787 2199 2089 2253 observarunt,
2122 2202 2388 2244 notissimum
2423 2207 2501 2245 est.

222 2320 225 2321 7
250 2271 448 2312 Exertum
479 2282 502 2311 e
527 2269 656 2324 pallio
686 2268 933 2324 brachium,
957 2270 1157 2313 volumen
1185 2271 1228 2312 in
1259 2270 1432 2324 dextra,
1455 2272 1692 2326 sapientum
1722 2276 1785 2314 est
1814 2276 1858 2313 et
1881 2271 2105 2314 doctorum
2136 2274 2312 2328 insigne.
2344 2274 2508 2316 Doctor

251 2345 390 2383 autem
414 2340 604 2394 gentium
626 2340 777 2383 Paulus
799 2341 1016 2396 apostolus
1040 2341 1122 2383 hoc
1144 2340 1369 2384 denotatur
1391 2342 1538 2396 siguo,
1565 2342 1685 2384 cuius
1706 2342 1785 2384 hac
1807 2342 1898 2395 die,
1924 2354 2033 2398 quae
2055 2347 2118 2386 est
2139 2345 2338 2398 vigesima
2359 2345 2506 2399 quinta
2566 2392 2569 2394 v

246 2412 450 2464 ianuarii,
483 2412 704 2454 conversio
735 2411 990 2454 celebratur.

642 2561 812 2591 ALTERA
841 2560 1067 2591 TABELLAE
1098 2562 1131 2592 1.
1167 2561 1316 2593 FACIES
1344 2555 1570 2593 connum·
1601 2564 1778 2594 MENSEM
1810 2564 2111 2603 manuninum.

1218 2694 1356 2746 Imaqo
1383 2698 1537 2747 prima.

364 2759 556 2803 Secunda
586 2760 655 2803 die
683 2760 887 2803 februarii
914 2762 1154 2817 purificatio
1182 2762 1332 2806 1188188
1358 2765 1514 2807 Mariae
1544 2764 1796 2808 celebratur.
1831 2765 1958 2818 Quod
1988 2765 2160 2820 quidem
2186 2765 2341 2807 festum
2369 2765 2502 2807 bifor-

249 2833 305 2874 mi
337 2831 418 2873 hac
449 2830 588 2885 effigie
626 2831 768 2886 pictor
804 2832 1030 2886 expressit,
1062 2845 1158 2875 nam
1188 2833 1378 2893 singulas
1410 2834 1555 2878 beatae
1587 2836 1745 2878 Mariae
1779 2835 2029 2878 festivitates
2060 2835 2209 2878 eodem
2241 2836 2362 2889 signo
2394 2835 2500 2878 infra

248 2902 428 2949 notavit.
460 2902 684 2944 Dexterior
713 2901 806 2953 ille,
839 2913 1019 2956 sponsus
1047 2904 1347 2958 est-Iosephus
1377 2905 1637 2958 sinisterior,
1669 2918 1824 2961 sponsa
1859 2906 2007 2948 Maria.
2040 2906 2293 2948 sollemnem
2325 2917 2499 2960 proces-

247 2975 435 3025 sionem,
468 2985 577 3027 quae
609 2972 760 3014 eodem
788 2971 1094 3027 purificationis
1123 2972 1192 3016 die
1221 2975 1386 3029 agitur„
1411 2975 1585 3018 candela
1613 2976 1813 3030 denotat,
1841 2989 1952 3031 quae
1981 2976 2210 3019 admodum
2240 2976 2393 3018 funalis
2420 2976 2498 3019 ad-

248 3046 364 3099 picta
394 3048 472 3086 est.
507 3045 558 3086 In
589 3056 637 3085 ea
661 3044 931 3098 processione
953 3044 1183 3098 Gregorius
1205 3057 1382 3101 magnus
1403 3045 1508 3088 duas
1530 3047 1784 3102 antiphonas
1812 3061 1835 3090 e
1862 3048 2118 3090 Graecorum
2139 3046 2498 3090 modulationibus

249 3116 494 3170 desumptas
523 3115 619 3157 cani
648 3115 795 3168 iussit,
828 3127 937 3169 quae
967 3115 1009 3156 in
1043 3115 1230 3158 eiusdem
1265 3116 1565 3171 antiphonario
1598 3117 1790 3160 nonnihil
1824 3122 1965 3159 tamen
1999 3117 2248 3172 depravatae
2279 3117 2494 3185 leguntur.

247 3189 399 3229 Earum
429 3187 586 3239 altera,
612 3199 720 3241 quae
750 3187 900 3241 incipit
929 3201 1001 3228 ave
1028 3191 1162 3240 qratia
1185 3189 1328 3242 ptem,
1355 3187 1474 3242 quod
1495 3189 1651 3231 Romae
1680 3193 1903 3231 caueretur
1922 3189 1967 3231 in
1991 3189 2135 3231 limine
2164 3188 2312 3243 templi
2338 3190 2380 3231 S.
2406 3190 2496 3231 Ma-

248 3259 332 3300 riae
362 3259 560 3310 maioris,
583 3258 639 3300 ad
667 3270 797 3313 quam
828 3257 976 3300 ordine
1006 3257 1136 3301 ducto
1162 3259 1299 3301 clerus
1329 3258 1598 3313 populusque
1627 3258 1858 3313 pergebat,
1880 3258 1978 3301 ideo
2004 3258 2058 3300 ab
2086 3259 2177 3301 aliis
2205 3261 2496 3315 praetermissa

249 3334 336 3381 est,
360 3333 405 3371 et
429 3341 454 3372 a
482 3329 717 3372 missalibus
744 3330 917 3372 omnino
947 3328 1138 3384 sublata;
1161 3329 1290 3385 idque
1321 3328 1430 3372 ordo
1456 3341 1654 3372 romanus
1681 3329 1836 3372 innuit.
1866 3329 2102 3373 Secundum
2122 3331 2333 3374 Romanos
2354 3336 2495 3374 autem

252 3412 348 3442 cum
383 3401 820 3455 appropinquaverint*
847 3401 956 3443 atrio
986 3403 1028 3443 S.
1064 3400 1241 3454 Mariae,
1273 3398 1487 3443 faciendae
1516 3403 1615 3442 sunt
1644 3399 1836 3454 litaniae,
1865 3412 2045 3455 quarum
2074 3400 2181 3443 illud
2213 3401 2333 3457 quod
2364 3402 2494 3445 modo
2532 3430 2533 3433 =

249 3470 336 3513 dixi
364 3475 456 3514 crat
487 3471 732 3525 exordium,
757 3485 828 3513 ave
856 3476 990 3525 qratia
1010 3474 1150 3525 plena.
1182 3471 1328 3514 Altera
1359 3483 1488 3524 vero,
1509 3470 1629 3513 cuius
1657 3471 1821 3513 initium
1851 3475 1939 3523 cst,
1961 3473 2112 3514 adorna
2139 3473 2356 3515 mamam
2383 3478 2495 3515 tuum

246 3542 363 3592 Sion,
396 3540 610 3596 hodieque
639 3543 830 3595 canitur,
863 3546 1062 3598 tantaque
1093 3541 1195 3584 olim
1223 3543 1452 3597 religione,
1483 3546 1526 3584 et
1556 3542 1770 3596 gestientis
1798 3542 1950 3598 populi
1976 3547 2182 3586 concentu
2210 3544 2254 3586 in
2279 3544 2358 3587 hac
2390 3557 2494 3599 pro-

249 3612 437 3654 cessione
463 3612 849 3667 pronunciabatur,
871 3617 920 3656 ut
946 3613 1061 3655 Beda
1089 3613 1176 3655 sive
1202 3612 1526 3655 wandelbertus
1555 3613 1658 3667 (qui
1685 3624 1797 3655 811110
1822 3614 1924 3657 839.
1950 3613 2124 3667 claruit)
2155 3614 2200 3657 in
2225 3614 2491 3670 ephemeride

248 3680 346 3723 iude
369 3681 577 3724 secundae
599 3681 682 3725 diei
706 3682 908 3725 februarii
932 3680 1134 3725 indicium
1156 3686 1286 3737 petat.
1319 3684 1513 3733 Quartum
1535 3695 1727 3724 nonarum
1747 3685 1890 3736 templo
1910 3685 2048 3726 illatus
2067 3685 2175 3726 dicat
2193 3697 2340 3738 aquus,
2369 3706 2392 3716 -
2414 3698 2491 3738 quo

249 3753 438 3792 hastrante
461 3754 545 3793 Deo
567 3754 610 3793 in
631 3766 754 3794 unum
774 3755 890 3806 plebs
910 3754 1074 3794 credula
1095 3755 1282 3805 templum
1305 3774 1327 3783 -
1348 3757 1474 3793 mente
1492 3753 1566 3805 pia
1589 3753 1692 3794 locat
1710 3758 1908 3806 acceptum
1928 3758 2139 3808 strenitque
2161 3756 2354 3796 tribunal.
2387 3755 2490 3798 Nam

249 3823 351 3863 locat
376 3826 590 3876 sternitque
621 3823 814 3875 tribunal,
848 3822 901 3865 811
931 3821 1037 3865 111811
1068 3821 1239 3865 alludit:
1272 3822 1424 3863 adorna
1452 3822 1668 3864 thalamum
1697 3827 1809 3865 tuum
1835 3825 1943 3866 Sion.
