2970 4420
464 265 553 310 130
796 290 799 292 v
1407 281 1557 312 morus
1591 282 1768 313 ΑιιΑτιι

458 353 674 408 viderat.
712 366 844 411 Lecti
872 379 982 412 sunt
1010 366 1240 414 Theodori
1260 368 1322 433 *de
1341 366 1531 430 persicci
1563 366 1756 430 magia,
1776 357 1830 413 *et
1854 368 1973 431 quid
1994 385 2025 415 a
2052 371 2138 433 pio
2169 373 2299 418 cultu
2326 356 2544 435 differat,
2576 372 2727 419 libelli

457 454 574 493 tres,
606 458 721 504 quos
746 444 986 489 Mastubi'o
1010 460 1229 495 armeno,
1261 442 1646 506 chorepiscopum
1671 444 1862 507 agenti,
1896 445 2130 493 inscribit.
2167 450 2234 494 Ac
2258 449 2418 513 primo
2446 449 2639 512 quidem
2666 450 2726 496 li-

459 518 541 564 bro
574 520 774 584 exponit
795 520 1062 582 nefandum
1092 523 1348 574 Persarum
1374 520 1575 583 dogma,
1606 521 1735 583 quod
1761 522 2001 567 Zasrades
2035 522 2255 577 induoeit3
2281 525 2375 571 sive
2398 526 2456 571 de
2479 528 2718 576 Zamam,

456 613 594 657 quem
617 597 887 660 principem
910 597 1122 642 omnium
1144 596 1306 657 saci't,
1336 590 1384 641 et
1395 606 1397 608 “
1398 597 1660 658 fortunam
1684 597 1833 644 etiam
1859 599 2089 662 appellat.
2123 601 2252 648 Hinc
2276 602 2506 648 libatione
2529 603 2717 654 oblata,

456 685 509 717 ut
534 673 844 718 Ilormisdam
867 673 1110 736 gigneret,
1141 684 1186 716 et
1212 672 1348 717 illum
1372 684 1418 717 et
1444 674 1684 719 Satanam
1704 685 1959 737 praeterea
1985 675 2219 738 genuisse.
2247 678 2318 723 De
2343 695 2505 724 eorum
2534 678 2725 742 insuper

455 750 708 813 sanguinis
742 750 978 796 mixtione
1007 752 1024 809 (
1040 749 1229 795 incestis
1253 750 1452 812 nuptiis.
1470 754 1499 824 )
1518 751 1733 813 Denique
1760 750 1846 796 ubi
1875 751 2158 815 simpliciter
2185 754 2386 819 impium
2409 768 2455 802 et
2482 756 2722 819 perobsce-
2768 752 2773 761 '

454 844 568 872 num
594 827 771 890 dogma
798 827 865 872 ad
890 826 1078 872 verbum
1095 837 1366 888 proposuit,
1389 841 1554 889 priore
1575 828 1699 873 illud
1718 827 1840 874 libro
1865 828 2060 890 refellit.
2089 831 2300 893 Reliquis
2322 832 2502 878 duobus
2526 833 2595 878 de
2600 832 2644 894 f
2645 833 2725 878 dei

447 903 538 966 pia
567 903 788 949 doctrina
813 914 1015 953 tractat,
1047 903 1279 964 ductoque
1306 918 1339 948 a
1363 896 1535 949 mundi
1557 916 1799 951 creatione
1821 905 2044 957 exordio,
2074 907 2143 952 ad
2170 895 2331 970 ipsam
2335 909 2429 972 'gle
2401 925 2501 954 ‘rem
2528 920 2723 972 gratiae

449 980 567 1063 pari
588 980 728 1025 modo
752 979 927 1025 cursim
952 978 1203 1024 difflabztzir
1238 979 1335 1024 Hic
1363 979 1628 1026 Theodorus
1654 981 1733 1027 ille
1755 994 2107 1045 mopsuestenus
2130 999 2226 1030 esse
2250 984 2483 1038 creditur,-
2513 985 2725 1032 Nestorii

454 1073 580 1102 inim
617 1056 850 1102 haeresim
885 1057 1103 1101 maxime
1140 1056 1262 1101 libro
1301 1057 1442 1102 tertio
1478 1058 1771 1117 confirmans
1806 1061 2097 1122 proclamat.
2137 1059 2261 1115 Quin
2301 1073 2347 1107 et
2380 1061 2636 1126 impiorum
2672 1061 2722 1107 in

444 1133 709 1195 pristinum
739 1144 919 1177 statum
953 1126 1300 1178 restitutionem
1330 1134 1581 1197 confingit.

581 1210 812 1255 Adversus
845 1209 1033 1254 Iuliani
1059 1214 1312 1273 apostatae
1336 1211 1609 1257 calumnias
1638 1229 1687 1258 in
1715 1211 2029 1271 Christianos,
2059 1212 2314 1260 laudatur
2303 1230 2351 1260 m
2375 1219 2534 1261 catena
2560 1230 2722 1276 graeca

453 1286 510 1331 ad
545 1289 711 1332 Lucam
752 1287 788 1348 (l
801 1286 839 1347 ):
881 1274 1152 1330 Θεοδώρου
1181 1276 1611 1348 Μοψουεστιάς
1593 1301 1646 1332 εκ
1678 1302 1777 1334 των
1812 1303 1936 1353 προς
1971 1302 2065 1342 τας
2101 1303 2229 1335 κατα
2263 1304 2572 1355 χριστιανων
2607 1304 2721 1335 κατ-

453 1359 670 1426 Λγορίας
702 1354 1000 1407 Ἰουλιανου
1026 1355 1120 1406 τοῦ
1153 1354 1475 1426 παραβάτου.
1510 1367 1594 1410 Ex
1629 1366 1986 1412 commentariis
2025 1366 2255 1414 Theodori
2287 1367 2603 1432 mopsuesteni
2632 1367 2721 1414 ad—'

452 1456 607 1486 §ersus
641 1440 830 1485 Iuliani
862 1440 1115 1486 desertoris
1149 1441 1509 1487 criminationes
1546 1459 1596 1487 in
1631 1441 1944 1490 ChrzsciQanos

518 1553 521 1555 .
578 1517 848 1580 Epistolam
886 1517 954 1563 ad
982 1519 1224 1563 Domnum
1256 1519 1415 1565 laudat
1451 1521 1720 1566 Anastasius
1751 1520 1797 1565 in
1829 1520 1990 1581 ecloge
2022 1509 2248 1584 χρήσεων
2285 1508 2614 1585 δογματικων
2649 1522 2721 1569 his

450 1593 628 1640 verbis:
663 1581 936 1656 Θεοδωρου
965 1586 1382 1656 Matrona-'Hm
1363 1608 1415 1639 εκ
1442 1610 1530 1647 τῆς
1555 1585 1676 1659 πρὸς
1706 1585 1902 1659 Δόμνον
1933 1587 2214 1649 ἐπισΤολης
2247 1597 2478 1645 Theodori
2504 1615 2720 1664 mopsue*

449 1669 573 1716 steni
608 1688 671 1716 ecc
704 1671 905 1735 epistola
942 1672 1011 1717 ad
1045 1671 1284 1718 Domnum
1322 1673 1402 1735 (2).
2563 1724 2565 1726 ,

578 1749 848 1812 Epistolam
884 1749 953 1795 ad
982 1750 1247 1796 Artemium
1278 1751 1658 1797 alexandrinum
1683 1751 2035 1815 presbyterum.
2072 1752 2139 1798 Ex
2172 1767 2223 1798 ea
2258 1753 2423 1809 recitat,
2451 1754 2604 1816 aliqua
2633 1753 2720 1800 Fa-

451 1827 631 1872 cundus
666 1827 748 1873 lib.
780 1829 859 1873 ΙΙΙ.
890 1844 990 1889 cap.
1022 1829 1068 1874 3.

492 1908 499 1916 ’
578 1888 847 1967 Epistolam
887 1905 955 1949 ad
986 1904 1252 1951 Iohannem
1290 1905 1699 1969 chrysostomum,
1736 1906 1828 1969 qua
1863 1908 2292 1968 chrysostomianae
2327 1909 2579 1971 respondet
2613 1917 2719 1972 post

450 1981 649 2044 lapsum.
677 1983 815 2037 Quod
841 1999 947 2029 cum
971 1999 1066 2029 non
1093 1983 1428 2030 intellexissent
1451 1986 1783 2050 epitom-atores
1815 1986 2072 2060 gesneriani
2099 1994 2356 2032 verterunt.
2383 1997 2718 2049 antigramma

444 2071 611 2105 contra
640 2059 905 2105 Iohannem
930 2060 1323 2124 chrysostomum.
1362 2063 1696 2123 Inveniturque
1729 2078 1816 2108 ms.
1847 2064 2016 2124 passim
2041 2063 2090 2107 in
2118 2061 2414 2109 bibliothecis
2439 2064 2614 2112 Italiae
2629 2063 2718 2110 sub

444 2138 535 2183 hoc
572 2138 730 2183 titulo:
772 2125 1045 2200 Θεοδώρου
1082 2129 1178 2181 τοῦ
1215 2127 1523 2190 ἐκπεσόντος
1560 2127 1901 2203 ἀντιγραμμα
1934 2127 2054 2203 πρὸς
2089 2127 2171 2184 τὸν
2209 2130 2255 2183 ἐν
2291 2130 2470 2203 ἁγίοις
2502 2129 2718 2203 ’ωας-ἔρα

446 2203 619 2273 κμων
627 2203 837 2261 Ιωοὶννην
866 2227 949 2258 τον
979 2204 1344 2278 χρυσόσὙομον.
1386 2213 1616 2260 Theodori
1647 2215 1774 2279 lapsi
1803 2215 2041 2279 responsio
2071 2215 2141 2260 ad
2167 2215 2353 2261 litteras
2383 2218 2433 2263 S.
2463 2219 2520 2263 P.
2548 2218 2611 2263 N.
2636 2219 2717 2263 Io-
2761 2278 2764 2281 ῃ

445 2289 621 2336 hannis
653 2290 985 2354 chrysostomi.
1024 2286 1079 2334 P.
1114 2279 1329 2336 ΠοίνὙοτε
1364 2282 1410 2333 οἱ
1450 2304 1495 2336 εν
1527 2279 1714 2343 εὐδίοις
1750 2281 1930 2354 λιμέσι
1961 2280 2305 2355 κομιζοἍμενοι
2341 2293 2397 2337 Et
2420 2308 2529 2340 sane
2553 2295 2717 2341 incon-

448 2369 647 2415 siderate
682 2369 943 2431 loquuntur
967 2370 1046 2430 qui
1078 2369 1260 2431 lapsum
1285 2370 1412 2415 hunc
1437 2385 1460 2414 a
1484 2369 1732 2416 Theodoro
1764 2378 2091 2432 mopsuesteno
2114 2369 2428 2431 distinguunt,
2457 2386 2563 2416 cum
2597 2387 2717 2418 unus

444 2445 664 2506 idemque
692 2447 772 2497 sit,
801 2454 847 2492 et
873 2446 1029 2508 lapsus
1052 2447 1157 2500 iste,
1185 2456 1230 2493 et
1264 2446 1536 2492 Theodorus
1563 2455 1939 2508 mopsuestenus,
1970 2462 2152 2492 necnon
2181 2447 2453 2493 Theodorus
2478 2447 2715 2494 antioche-

448 2538 561 2575 nus,
589 2524 719 2584 quod
747 2524 958 2585 plerique
986 2540 1090 2569 cum
1118 2539 1212 2570 non
1238 2533 1387 2570 essent
1414 2522 1711 2578 subodorati‚
1739 2524 1977 2570 diversum
2002 2524 2168 2569 fecere.
2206 2525 2262 2569 Et
2289 2524 2349 2569 de
2375 2524 2446 2569 his
2470 2526 2716 2586 postremis

447 2601 555 2645 satis
591 2592 872 2661 abundeque
906 2616 1003 2646 esse
1037 2601 1223 2646 videtui
1259 2601 1522 2654 coniectura
1554 2609 1599 2646 et
1633 2601 1834 2662 suspicio
1866 2601 1987 2646 inter
2011 2601 2126 2646 alios
2149 2600 2318 2646 Photii.
2357 2600 2611 2662 Epistolam
2638 2603 2714 2648 Sa-

444 2677 584 2723 vilius
617 2679 665 2722 in
695 2678 1000 2739 appendicem
1037 2678 1094 2723 ad
1128 2694 1271 2740 opera
1309 2679 1627 2739 Chrysostomi
1662 2678 1848 2730 retulit,
1880 2692 2079 2738 namque
2105 2677 2163 2723 ad
2194 2678 2324 2723 illam
2356 2679 2589 2750 pertinent
2618 2679 2715 2726 duo

446 2754 597 2800 libelli
638 2756 1028 2816 chrysostomiani
1061 2744 1199 2819 «πρὸς
1234 2768 1318 2799 τον
1357 2765 1642 2799 εκωεσοντα
1675 2745 1771 2797 τοῦ
1808 2743 2042 2816 εναρέτου
2080 2748 2214 2810 βίου.
2249 2756 2353 2801 Non
2393 2763 2544 2817 potest
2580 2771 2711 2811 esse,

445 2833 599 2893 iuquit
633 2833 811 2894 rigidus
836 2849 889 2878 ac
912 2834 1101 2879 tetricus
1130 2847 1321 2886 censor,
1348 2831 1583 2879 Theodori
1617 2832 1837 2893 frigidum
1868 2831 1959 2877 hoc
1990 2832 2200 2893 ineptum
2232 2840 2279 2877 et
2305 2831 2428 2894 ‘pene
2462 2832 2714 2880 iidiculum

449 2898 744 2970 σύνταγμα,
780 2925 919 2972 quem
946 2911 1228 2955 sozomenus
1261 2895 1585 2971 πολυῒστορα
1619 2909 1781 2961 fuisse,
1810 2917 1855 2954 et
1882 2907 2157 2955 liberalibus
2190 2908 2446 2971 disciplinis
2478 2910 2713 2956 excultum

446 2986 603 3031 tradit.
643 2987 702 3031 At
727 2987 866 3048 plane
901 2986 1154 3032 ridiculum
1187 3001 1282 3032 non
1314 3001 1438 3040 esse,
1466 2986 1602 3032 fletus
1633 2987 1732 3048 ipse
1762 2994 1808 3032 et
1843 2985 2075 3046 lacrymae
2107 2985 2485 3047 quibusubique
2514 2986 2714 3033 inunda—

448 3071 547 3115 tur,
577 3079 672 3109 non
699 3065 891 3125 patitur.
931 3065 1090 3109 Potius
1113 3063 1338 3109 ridiculus
1362 3071 1430 3109 est
1455 3064 1674 3117 Savilius,
1701 3071 1753 3109 ut
1786 3061 1934 3109 aiebat
1957 3062 2173 3109 Nicolaus
2205 3061 2511 3115 Alemannus‚
2540 3063 2620 3123 qui
2650 3057 2713 3107 ri—

447 3155 548 3185 sum
583 3142 765 3206 quaerit
793 3142 840 3187 in
869 3141 1086 3202 lacrymis
1115 3140 1349 3186 Theodori
1385 3141 1684 3202 paenitentis,
1717 3138 1898 3201 sibique
1927 3139 2121 3186 fortasse
2153 3141 2361 3202 permisit
2389 3140 2436 3184 in
2470 3140 2557 3184 viri
2587 3139 2714 3186 docti

447 3216 637 3278 lugubri
665 3219 995 3265 lamentatione
1022 3218 1264 3264 facundiae
1290 3217 1561 3279 frigiditates
1591 3226 1636 3263 et
1665 3218 1881 3279 leporum
1905 3218 2116 3294 ineptias.
2147 3218 2318 3263 Verum
2345 3218 2477 3293 sicuti
2499 3217 2712 3276 Theodo-

448 3308 526 3339 rus
561 3294 821 3356 lacrymans
854 3295 944 3342 hoc
976 3311 1094 3357 opus
1130 3294 1365 3357 profudit,
1394 3310 1545 3368 neque
1582 3294 1801 3355 frigidum
1832 3303 1927 3347 est,
1956 3309 2105 3355 neque
2135 3295 2372 3355 ineptum:
2370 3289 2479 3339 sed
2512 3301 2563 3339 ut
2592 3294 2711 3340 illud

450 3371 645 3417 Savilius
682 3373 934 3433 politulum
969 3372 1109 3418 vellet
1145 3380 1283 3432 atque
1319 3363 1608 3423 liminium,
1636 3372 1700 3417 sic
1734 3380 1852 3417 esset
1887 3370 2023 3433 plane
2055 3366 2321 3416 ridiculum.
2707 3426 2715 3441 l

580 3450 635 3493 At
672 3450 850 3511 inquit,
878 3452 1158 3496 Sozomenus
1187 3448 1485 3495 Theodorum
1518 3434 1832 3510 πολυὶσἽορα
1867 3447 2007 3493 fuisse
2037 3445 2220 3499 scribit,
2249 3445 2370 3491 adde
2396 3447 2534 3492 etiam
2567 3437 2711 3511 ῥητο-

449 3536 545 3583 ρων
584 3515 764 3576 {namq
805 3514 1124 3591 επιστήμονα.
1161 3525 1428 3588 Respondet
1464 3525 1748 3571 Alemannus
1783 3524 2075 3571 doctissime.
2104 3537 2267 3569 verum
2301 3509 2593 3587 πολυῖστωρ
2630 3540 2710 3587 ap-

383 3590 385 3593 ’
451 3600 680 3661 pellatur,
716 3618 809 3647 non
846 3603 1072 3650 facundus
1105 3611 1149 3649 et
1185 3604 1435 3664 eloquens,
1470 3602 1551 3649 sed
1584 3603 1623 3648 is
1659 3603 1739 3664 qui
1774 3602 1938 3648 litteris
1969 3600 2128 3648 multis
2161 3599 2423 3661 praeditus,
2458 3616 2710 3663 rerumque

537 3732 585 3772 (1)
611 3730 755 3776 Reapse
780 3740 822 3766 ex
851 3736 977 3766 catena
1008 3732 1047 3768 in
1076 3734 1215 3769 Lucam
1245 3731 1382 3769 codicis
1410 3731 1482 3779 pal.
1508 3736 1581 3768 vat.
1613 3732 1701 3768 XX.
1729 3730 1846 3768 edidit
1876 3734 1995 3769 aetate
2021 3732 2147 3765 nostra
2177 3738 2236 3764 sex
2264 3738 2358 3776 quae
2387 3727 2436 3765 ibi
2463 3734 2569 3765 erant
2597 3729 2708 3776 liuius

452 3788 573 3835 operis
598 3788 805 3835 fragmenta
831 3790 884 3825 vir
906 3790 1102 3836 perdoctus
1129 3792 1217 3828 Fed.
1245 3794 1437 3828 Munterus
1461 3791 1608 3838 praesul
1637 3790 1853 3828 hafniensis.
1880 3791 1926 3826 A.
1953 3790 2005 3824 M.

537 3851 585 3892 (2)
611 3850 694 3885 Duo
719 3859 787 3886 nos
812 3848 1016 3896 fragmenta
1042 3850 1263 3896 protulimus
1289 3851 1328 3887 in
1353 3850 1486 3897 Script.
1511 3854 1581 3887 vet.
1608 3856 1709 3888 tomo
1736 3851 1816 3887 VII.
1844 3860 1880 3896 p.
1908 3852 1965 3886 69.
1994 3850 2037 3885 A.
2067 3849 2118 3884 M.

2920 2796 2932 2803 χ
2916 2311 2918 2313 ,

2954 2643 2970 2829 -.-anabau—‚⁴-
2963 2398 2970 2622 A-‚mss—...ff
2966 2340 2970 2356 .,
2967 2312 2970 2318 .
2947 2277 2970 2286 ξ
