2970 4420
490 267 580 312 134
1430 285 1581 316 morus
1615 285 1792 315 ALLATu

428 370 430 372 ’
486 367 536 412 in
567 366 727 413 urbem
764 384 974 415 reversus
1002 381 1086 415 est.
1123 369 1309 416 Nullam
1335 368 1409 415 hic
1436 371 1695 416 orationem
1731 371 2011 417 Sozomenus
2033 381 2262 419 memorat
2286 388 2312 419 a
2339 373 2587 420 Theodoro
2621 389 2751 420 com-

484 445 705 506 positam,
733 444 814 490 sed
838 453 1017 491 tantum
1042 447 1193 491 innuit
1222 447 1424 491 rationes
1451 445 1629 506 aliquas
1655 445 1714 491 ab
1745 461 1802 492 eo
1833 447 1955 492 inter
1987 448 2348 504 consulendum,
2376 450 2527 511 deque
2560 465 2648 496 suo
2677 450 2750 496 di-

485 536 634 566 scessu
671 536 775 566 cum
817 523 1084 570 monasterii
1120 521 1354 583 praefecto
1396 522 1642 567 statuendo
1679 521 1800 568 forte
1835 522 2073 569 adductas.
2111 525 2237 579 Quae
2271 541 2383 571 num
2422 527 2561 572 etiam
2597 524 2656 572 ab
2691 542 2749 573 eo

483 597 711 644 adductae
749 598 946 650 fuerint,
981 606 1108 643 certo
1144 613 1190 643 se
1226 598 1340 643 scire
1374 599 1654 644 Sozomenus
1688 607 1845 660 aperte
1879 608 2040 660 negat,
2075 600 2156 646 sed
2192 601 2415 659 credibile
2449 602 2497 647 id
2532 618 2629 648 esse
2657 604 2746 649 ait.

475 659 573 718 ,οἱα
610 664 770 726 εἰκὸς,
808 684 945 736 atque
979 674 1250 736 probabile,
1283 683 1329 720 et
1362 676 1644 721 verosimile.
1683 677 1750 720 En
1784 675 1870 721 tibi
1908 676 2128 722 Savilium
2165 678 2301 739 plane
2330 680 2576 749 pueriliter
2611 679 2749 742 dece-

482 759 632 814 ptum.
673 753 724 796 In
760 754 1016 798 Sozomeno
1047 767 1135 797 nos
1167 751 1259 797 alio
1284 767 1339 797 ex
1373 753 1521 814 capite
1553 751 1695 798 fidem
1732 752 2065 798 desideramus.
2103 755 2220 800 Nam
2249 746 2494 800 Theodoro
2533 755 2640 818 plus
2674 771 2748 802 ae-

481 843 578 888 quo
611 827 847 881 addictus,
878 829 943 892 in¹
963 829 1061 872 eius
1095 827 1251 889 lapsus
1283 830 1549 875 narratione
1574 829 1732 874 fucum
1758 829 1941 874 veritati
1965 828 2126 875 fecisse
2156 830 2358 876 videtur.
2397 831 2446 875 ld
2475 833 2616 893 igitur
2649 833 2748 878 ani-

482 904 870 951 madvertendum
900 904 974 949 hic
1008 912 1100 959 est,
1133 919 1228 950 non
1262 905 1416 951 solum
1452 905 1690 951 Iustiniani
1710 904 2017 967 ltemporibus
2052 905 2191 952 fuisse
2220 907 2452 953 Theodori
2485 908 2745 961 studiosos,

481 984 561 1044 qui
596 984 693 1028 eius
730 982 911 1043 lapsum
947 989 991 1027 et
1023 980 1235 1028 haereses
1271 973 1595 1045 ὑποκορίσαι,
1631 992 1676 1030 et
1710 984 1946 1029 mitiorem
1978 983 2027 1029 in
2065 992 2245 1045 partem
2276 984 2576 1046 interpretari
2608 1001 2750 1032 cona-

481 1068 671 1112 rentur,
700 1068 749 1104 ut
782 1058 1026 1104 Facundus
1050 1059 1383 1104 hermianensis
1413 1060 1659 1121 episcopus
1693 1061 1741 1106 in
1777 1060 2026 1106 duodecim
2062 1059 2194 1106 libris
2229 1060 2293 1106 de-
2324 1060 2475 1107 tribus
2509 1061 2745 1122 capitulis,

479 1135 672 1181 Basilius
695 1134 822 1188 cilix,
849 1135 1091 1187 Leontius,
1119 1144 1165 1181 et
1189 1135 1288 1192 alii;
1315 1135 1396 1181 sed
1422 1136 1519 1182 eius
1549 1132 1703 1185 etiam}
1721 1136 1935 1198 aequales
1962 1145 2009 1183 et
2033 1137 2325 1198 synchronos
2351 1138 2441 1184 hoc
2470 1137 2594 1184 idem
2623 1153 2748 1184 sum-

479 1227 560 1258 mo
595 1212 751 1257 studio
783 1225 983 1257 curasse.
1022 1213 1138 1257 Nam
1173 1212 1493 1258 Theodoretus
1525 1214 1571 1259 in
1611 1214 1827 1276 epistolis
1854 1212 1915 1275 (1)
1953 1214 2176 1266 affirmat,
2210 1215 2443 1276 scripsisse
2474 1230 2521 1260 se
2557 1210 2747 1271 βίβλον

482 1276 600 1351 ὑπὲρ
643 1275 907 1351 Διοδωρου
945 1301 1028 1332 και
1072 1276 1436 1352 Θεοδωρου,
1418 1303 1464 1334 εν
1501 1276 1532 1350 ᾖ
1564 1280 1648 1336 την
1686 1303 1780 1333 κατ
1828 1279 1992 1333 αὐτων
2029 1280 2369 1354 ’γεγενημένην
2406 1280 2606 1353 γραφὴν
2643 1278 2744 1334 διέ-

480 1364 599 1408 λυεν
623 1396 634 1417 ,
671 1354 726 1406 ου’
764 1351 940 1416 δεισας
975 1379 1072 1409 των
1109 1355 1409 1430 κατηγόρων
1446 1380 1532 1414 την
1571 1354 1882 1411 δυναστείαν.
1917 1366 2115 1412 Librum
2143 1383 2234 1431 pro
2270 1367 2483 1413 Diodoro
2518 1379 2564 1412 et
2603 1365 2747 1412 Theo-

479 1441 615 1491 doro,
659 1441 708 1486 in
743 1457 833 1503 quo
873 1441 1038 1487 illatas
1070 1441 1138 1487 eis
1168 1442 1494 1488 accusationes
1525 1443 1793 1503 refellebat,
1833 1441 1959 1488 ni'lul
1996 1454 2170 1490 veritus
2211 1456 2545 1489 accusatorum
2579 1455 2748 1507 poten-

479 1517 617 1563 tiam.
656 1519 793 1563 Hunc
818 1517 994 1563 librum
1018 1519 1170 1564 innuit
1194 1520 1473 1566 Iustinianus
1502 1521 1549 1565 in
1574 1535 1682 1566 suae
1707 1518 1816 1565 fidei
1842 1518 2154 1606 professione.
2195 1507 2527 1581 Θεοδωρητος
2565 1511 2588 1563 ὁ
2624 1519 2746 1563 πολ-

478 1580 604 1645 λους
643 1580 763 1656 ὑπὲρ
804 1582 1079 1657 Θεοδώρου
1116 1583 1318 1657 λόγους
1353 1608 1404 1639 τε
1441 1610 1524 1639 και
1567 1586 1797 1647 ἐπαίνους
1836 1586 2069 1646 ἐκτείνας.
2111 1594 2423 1643 Theodoretus
2457 1614 2538 1660 qut
2573 1598 2749 1643 multos

478 1670 622 1716 libros
636 1687 729 1734 pro
758 1669 993 1716 Theodoro
1018 1671 1231 1735 scripszt‚
1262 1672 1518 1735 laudesque
1542 1690 1643 1719 etus
1669 1672 1853 1735 copiose
1865 1672 2146 1718 celebravit.
2175 1674 2241 1719 ln
2252 1673 2422 1735 quibus
2447 1689 2587 1736 quam
2610 1689 2747 1735 prae-

477 1748 600 1794 clare
624 1748 682 1794 de
706 1748 954 1794 Theodoro
981 1750 1196 1802 senserit,
1224 1749 1382 1811 colligi
1409 1758 1584 1811 potest,
1613 1765 1719 1796 cum
1742 1765 1798 1795 ex
1830 1750 1928 1795 eius
1954 1750 2189 1811 epistolis,
2217 1750 2298 1796 ubi
2334 1737 2489 1813 ἅγιον
2524 1762 2745 1797 sanctum

410 1854 413 1860 ·
478 1825 612 1871 illum
647 1826 884 1879 nominat,
918 1834 1015 1871 turn
1048 1827 1186 1872 etiam
1217 1842 1273 1872 ex
1304 1827 1472 1873 ultimo
1503 1827 1724 1873 historiae
1747 1827 1844 1872 eius
1866 1826 2201 1874 ecclesiasticae
2235 1827 2359 1873 libro
2384 1837 2428 1874 et
2464 1829 2635 1890 capite,
2664 1827 2745 1874 uhi

477 1903 655 1963 magnis
689 1902 824 1948 illum
861 1901 1080 1949 laudibus
1112 1903 1314 1949 extollit.
1353 1905 1479 1949 Haec
1512 1904 1677 1950 eadem
1712 1904 1935 1949 nimirum
1969 1903 2027 1948 de
2059 1903 2307 1950 Theodoro
2342 1904 2570 1951 sentiebat
2605 1906 2745 1950 Sozo-

475 1994 664 2024 menus:
693 1994 839 2040 quare
870 1979 1172 2025 vehementer
1197 1979 1314 2026 fides
1340 1981 1561 2027 historica
1593 1980 1806 2033 vacillat,
1835 1979 1916 2026 ubi
1941 1979 2172 2026 Theodori
2198 1980 2379 2042 lapsum
2411 1981 2472 2026 ita
2501 1978 2746 2043 pros'equi-
2803 2038 2805 2040 q

476 2064 575 2109 tur,
607 2065 656 2102 ut
692 2056 877 2104 nullum
912 2057 1141 2117 intelligas
1176 2058 1350 2103 crimen
1383 2059 1429 2103 in
1465 2073 1548 2112 eo,
1583 2073 1724 2118 quem
1763 2057 2120 2117 Chrysostomus
2156 2059 2327 2103 centies
2365 2046 2774 2102 ἐκωεπτωκέναι’

477 2134 659 2195 repetit.
691 2121 968 2218 ’Ένζπτωσις
1002 2142 1173 2179 autem
1193 2133 1511 2180 ecclesiasticis
1546 2122 1851 2196 scriptoribus
1885 2142 1979 2188 est,
2017 2142 2069 2179 ut
2099 2134 2162 2179 ait
2194 2134 2431 2180 Caesarius
2462 2133 2604 2195 paulo
2638 2142 2745 2180 ante

468 2210 720 2262 laudatus,
759 2199 887 2292 ηέξ
924 2199 1102 2271 ἀρετ-ἧς
1142 2199 1219 2253 ἔπι
1261 2223 1317 2266 το
1354 2200 1532 2274 χεῖρον
1569 2199 1931 2262 ὑπονόστησις,
1965 2223 2046 2253 και
2086 2223 2112 2256 η
2151 2200 2204 2253 ἐκ
2235 2197 2554 2273 παρθενίας
2535 2198 2612 2253 επὶ
2650 2208 2743 2255 λα·

448 2281 651 2347 ,γνείαν
688 2273 834 2348 ὁρμη.
874 2286 985 2330 Cum
1024 2300 1055 2329 α
1098 2284 1270 2331 virtute
1308 2286 1376 2331 ad
1417 2285 1564 2337 vitta,
1601 2297 1646 2330 et
1680 2301 1711 2331 a
1741 2285 1983 2348 pudlmellla
2021 2285 2089 2331 ad
2126 2286 2378 2332 luxuriam
2414 2286 2652 2335 receditur
2685 2302 2744 2332 ac

427 2413 430 2416 ‚
478 2362 732 2423 diffluitur.
770 2365 930 2423 Neque
959 2377 1072 2408 vero
1099 2362 1372 2414 Theodorus
1398 2372 1503 2409 aute
1528 2378 1668 2424 quam
1695 2362 1754 2408 ab
1780 2378 1938 2408 eremo
1962 2363 2241 2417 discederet,
2269 2364 2331 2409 ita
2356 2372 2455 2409 erat
2479 2364 2607 2409 omni
2631 2373 2743 2410 voto

476 2440 677 2492 solutus,
707 2448 759 2485 ut
783 2439 956 2485 referre
982 2439 1173 2501 pedem,
1203 2449 1423 2501 retroque
1450 2441 1678 2502 respicere
1710 2448 1882 2501 posset.
1914 2441 1964 2485 In
1992 2448 2192 2485 mentem
2222 2441 2263 2485 ei
2289 2440 2644 2501 Chrysostomus
2669 2455 2744 2486 re—

476 2525 611 2562 vocat
644 2530 736 2567 τας
772 2529 960 2579 ωροςι
925 2505 1163 2578 Χριστὸν
1203 2505 1486 2568 συνθηκας,
1523 2530 1629 2561 cum
1658 2515 1840 2561 Christo
1870 2515 2123 2579 spirituale
2158 2515 2594 2579 coni'ugium.1pse
2626 2531 2742 2562 vero

475 2593 748 2639 Theodorus
788 2595 833 2639 in
875 2593 960 2639 hac
998 2594 1223 2655 epistola:
1265 2581 1496 2655 εὔξασθε
1532 2588 1692 2652 τίμιοι
1729 2580 1964 2678 πατέρες
1991 2583 2315 2654 μνησθηναι
2318 2606 2420 2654 μου
2453 2606 2541 2644 της
2577 2583 2741 2643 καλῆς

475 2661 796 2734 ὁμολογίας,
833 2684 884 2716 ην
922 2659 1246 2734 ὡμολόγησα
1290 2658 1509 2714 ἐνώπιον
1545 2659 1642 2712 τοῦ
1676 2659 1809 2724 θεοῦ
1827 2701 1838 2721 ,
1876 2682 1957 2712 και
2006 2657 2256 2753 αγγέλων
2292 2683 2376 2712 και
2425 2658 2736 2732 ανθρώπων.

475 2749 645 2797 Orate,
681 2746 941 2792 venerandi
966 2758 1153 2809 patres,
1185 2759 1236 2792 ut
1263 2746 1350 2792 illa
1377 2745 1500 2792 mihi
1523 2758 1634 2791 ante
1659 2747 1815 2792 oculos
1847 2758 2057 2792 versetur
2083 2746 2367 2811 promt'sssszo
2398 2762 2543 2809 quam
2577 2762 2741 2798 coram

471 2826 592 2875 Deo,
630 2836 675 2869 et
709 2823 918 2887 angelis,
958 2835 1002 2869 et
1035 2822 1305 2870 hominibus
1338 2823 1586 2887 spopondi.
1625 2823 1747 2878 Quid
1781 2838 1894 2884 ergo
1930 2823 2102 2871 subdit
2126 2825 2406 2870 Sozomenus
2445 2823 2504 2869 de
2543 2824 2741 2870 honesto

470 2902 691 2962 licitoque
715 2890 1042 2955 matrimonio,
1071 2901 1200 2963 quod
1223 2902 1497 2948 Theodorus
1528 2901 1866 2948 meditaretur?
1898 2902 2101 2947 Curnam
2136 2903 2274 2947 etiam
2312 2888 2461 2960 Γαμον
2497 2901 2617 2947 illud
2652 2917 2739 2947 no-

469 2979 648 3024 minat?
681 2979 798 3024 Nam
833 2978 1191 3039 Chrysostomus
1223 2978 1281 3024 ad
1316 2979 1614 3026 Theodorum
1646 2979 1708 3024 ita
1743 2977 1926 3024 scribit·
1964 2973 2133 3040 τίμιος
2168 2966 2323 3032 φησὶν
2361 2967 2384 3018 ὁ
2425 2966 2625 3059 γοέμος,
2654 2991 2734 3020 και
2793 3004 2795 3013 s

471 3068 495 3101 η
535 3068 679 3102 κοιτη
716 3043 979 3114 ἀμίαντος
1018 3068 1094 3098 σοι
1137 3042 1188 3096 δὲ
1232 3044 1398 3098 οὐκέτι
1440 3042 1653 3100 δυνατὸν
1689 3044 1754 3098 τοὶ
1793 3042 1973 3098 δίκαια
2011 3042 2253 3117 φυλάξαι
2292 3043 2386 3096 τοτ’]
2419 3042 2613 3115 γάμου·
2648 3043 2734 3097 τὸν

469 3144 573 3192 γαρ
615 3121 889 3194 ἐπουρανιω
926 3119 1254 3187 συναφθέντα
1289 3126 1513 3214 νυμφίῳ,
1545 3144 1726 3175 τουτον
1761 3121 1851 3193 μὲν
1888 3144 2036 3174 εασαι
2060 3163 2071 3184 ,
2103 3119 2304 3188 ’γυναικὶ
2347 3117 2399 3172 δε
2438 3143 2592 3173 αυτον
2629 3142 2736 3173 συν-

471 3195 635 3266 dalea,
663 3203 878 3269 μοιχεία
912 3221 968 3250 το
1005 3221 1227 3269 πραγμα
1259 3198 1379 3252 ἐστί·
1416 3195 1505 3271 κᾷν
1537 3196 1781 3271 μυριάκις
1817 3197 1970 3253 αὐτον
2004 3220 2176 3269 γαμον
2210 3197 2388 3266 καλης.
2423 3208 2506 3256 At,
2543 3205 2730 3269 inquis,

469 3282 746 3330 honorabile
779 3284 1092 3336 connubium,
1132 3297 1178 3330 et
1218 3298 1348 3331 torus
1389 3284 1746 3331 immaculatus.
1790 3283 1895 3330 T‘ffbz
1928 3301 2032 3330 iero
2068 3282 2370 3345 matriwmonu
2409 3294 2519 3327 tura
2553 3298 2734 3344 nequa-

453 3350 618 3421 ¹quam
646 3361 890 3407 convenire
919 3373 1133 3424 possunt.
1171 3362 1331 3424 Siquis
1359 3362 1485 3407 enim
1513 3361 1708 3407 caelesti
1736 3378 1783 3407 se
1812 3378 1980 3425 sponso
2015 3360 2297 3422 coniungat,
2328 3358 2497 3404 deinde
2523 3375 2576 3404 eo
2600 3375 2735 3422 repu-

469 3436 605 3505 diato
641 3453 686 3481 se
711 3438 904 3485 mulieri
931 3440 1136 3502 copulet,
1168 3438 1461 3486 adulterium
1485 3437 1763 3489 committit,
1793 3438 1902 3484 licet
1936 3437 2058 3484 illud
2081 3435 2365 3482 contentiose
2387 3435 2538 3481 decies
2562 3435 2735 3481 millies

471 3512 835 3559 matrimonium
873 3516 1097 3579 appelles.
1134 3517 1279 3578 Igitur
1315 3517 1396 3577 qui
1428 3515 1659 3562 Theodori
1694 3515 1876 3579 lapsum
1912 3515 1971 3561 ad
2009 3516 2238 3562 rationem
2270 3514 2477 3559 veritatis
2511 3523 2733 3560 revocare

468 3588 607 3642 velit,
636 3605 782 3634 unum
817 3592 1199 3653 Chrysostomum
1235 3593 1415 3646 audiat,
1450 3608 1636 3638 necesse
1668 3601 1760 3646 est,
1795 3609 1850 3639 ex
1883 3608 1979 3654 quo
2011 3607 2110 3638 rem
2144 3591 2208 3637 sic
2241 3589 2427 3647 haheat.
2464 3589 2734 3636 Theodorus

468 3682 561 3713 non
586 3665 667 3711 diu
693 3674 937 3728 postquam
962 3670 1141 3719 Christo
1164 3685 1335 3716 nomen
1358 3669 1574 3723 dederat,
1615 3657 1883 3732 φρονὙίζειν
1911 3655 2205 3733 πραῆαοῖτων
2232 3655 2464 3729 παἹΡῶων
2499 3669 2704 3728 cogitur;

553 3780 600 3820 (1)
627 3777 670 3812 In
705 3776 858 3814 &ditione
883 3778 1092 3824 Sirmondi,
1116 3781 1219 3827 epist.
1245 3782 1352 3824 XVI,
1370 3791 1479 3828 quem
1506 3781 1725 3818 Theodoreti
1746 3791 1812 3828 pro
1832 3779 2024 3817 Theodoro
2049 3789 2091 3816 ac
2112 3778 2275 3816 Diodoro
2301 3778 2438 3815 librum
2463 3777 2538 3815 non
2564 3785 2733 3816 recenset

469 3836 670 3873 Garnerius
697 3835 842 3873 dissert.
871 3837 918 3872 ΙΙ.
947 3847 1025 3884 cap.
1055 3839 1122 3874 IX.
1150 3839 1248 3875 inter
1273 3850 1382 3887 opera
1408 3839 1627 3877 Theodoreti
1654 3839 1854 3887 deperdita.
1882 3842 1927 3875 Α.
1954 3840 2005 3877 M.
