2970 4420
1148 334 1226 366 SUB
1260 332 1477 365 nnuAcuo
1511 333 1607 363 me.

243 409 428 455 quotquot
451 404 646 454 denique
635 416 674 443 ιιι
702 404 840 454 populo
860 405 1125 453 censebantur,
1144 405 1344 445 cuiuslibet

241 465 394 511 aetatis,
422 475 444 502 a
473 463 627 512 parvulo
653 463 702 502 ad
729 474 880 510 senem,
907 455 1088 512 globatim
1115 474 1344 530 congregans

241 523 395 562 antistes
424 528 573 568 noster,
599 523 697 560 bona
729 533 794 572 spe
824 533 904 561 esse
936 523 1088 562 iubebat
1115 533 1235 572 neque
1261 522 1343 561 ani-

243 593 323 621 mos
347 581 594 631 despondere,
619 588 731 632 atque
756 582 815 621 his
845 583 964 621 verbis
994 583 1108 621 veluti
1138 582 1252 626 armis
1283 582 1345 619 in·

241 641 423 680 'struebat-
453 658 470 674 α
497 642 627 680 Venite
658 641 857 680 adoremus
882 647 920 680 et
947 642 1184 691 procidamus
1212 641 1345 688 unige-

243 717 260 734 ··
287 701 368 739 nito
395 699 463 739 Dei
492 700 606 749 patris
634 700 735 746 filio,
764 702 852 749 quia
885 701 962 749 ipse
989 706 1046 740 est
1073 703 1175 740 Deus
1204 705 1341 738 noster.

244 777 260 792 a
287 759 420 798 Venite
439 760 628 807 ploremus
645 766 731 798 ante
749 761 954 798 Dominum
973 761 1039 809 qui
1056 759 1143 798 fecit
1163 769 1244 798 nos.
1272 761 1345 796 Do·

243 836 260 852 υ
288 819 380 857 ιιιὶιιί
405 821 505 857 enim
531 826 588 858 est
612 820 768 858 bellum.
796 821 880 858 Non
903 826 959 861 est
978 820 1048 858 Dei
1075 830 1154 857 mos
1178 819 1346 857 multitu·

242 896 259 912 ι·
286 878 376 918 dine
392 880 551 918 saltare:
570 891 656 917 nam
680 891 741 918 rex
765 891 840 918 non
863 881 1027 919 salvatur
1049 890 1114 928 per
1139 880 1275 918 multas
1295 880 1350 934 xi«⁶

242 955 259 971 ι·
286 949 367 984 ιοες
393 949 515 987 neque
539 940 668 977 civitas
694 939 926 986 custoditur,
951 940 1026 977 nisi
1049 949 1132 978 eam
1160 937 1346 977 custodiat

241 1015 258 1031 υ
286 998 484 1036 Dominus.
514 1000 648 1037 Hostes
673 1010 759 1038 cum
787 999 893 1048 equis
917 1006 955 1037 et
979 999 1150 1037 curribus
1178 1004 1216 1036 et
1242 999 1344 1047 gravi

241 1073 258 1090 υ
285 1056 394 1095 turba
415 1063 542 1095 contra
559 1069 628 1096 nos
649 1059 869 1107 insurgunt,
887 1069 955 1096 nos
977 1064 1100 1096 autem
1126 1059 1166 1095 in
1191 1058 1343 1124 nomine

240 1133 257 1148 u
283 1117 353 1154 Dei
377 1117 496 1154 nostri
522 1117 858 1164 magnificabimur.
885 1117 1070 1154 Dominus
1096 1117 1233 1164 quippe
1265 1127 1343 1163 lpse

239 1189 257 1207 ι
285 1187 353 1224 pro
373 1176 482 1213 nobis
498 1176 699 1224 pugnabit,
717 1181 754 1214 et
769 1177 883 1224 Virgo
907 1175 1055 1223 deipara
1079 1176 1344 1223 propugnatrix

240 1235 355 1272 »erit
382 1235 541 1272 civitatis
567 1242 735 1281 nostrae3
760 1236 793 1273 si
819 1241 917 1273 certe
941 1235 1052 1283 pleno
1076 1234 1187 1271 corde
1217 1234 1342 1271 volen-

241 1311 258 1327 »
285 1295 387 1344 tique
410 1295 535 1333 anima
560 1294 714 1332 adeam
739 1293 1011 1342 confugiemus.
1041 1309 1058 1326 υ
1089 1296 1188 1331 Haec
1214 1293 1342 1331 dicens

237 1354 393 1392 antistes
405 1381 416 1399 ,
432 1360 470 1392 et
486 1355 545 1394 his
569 1352 744 1392 erudiens
759 1354 944 1391 civitatem
964 1353 1082 1391 verbis
1093 1382 1104 1399 ,
1121 1352 1187 1390 diu
1212 1359 1341 1390 noctu-

237 1425 310 1462 que
334 1413 588 1452 indesinenter
610 1415 730 1452 Deum
757 1413 1038 1462 deprecabatur.
1281 1427 1284 1431 ·

306 1478 343 1512 8.
370 1473 442 1511 Sed
466 1484 588 1521 neque
612 1474 695 1517 ille,
712 1484 825 1521 quem
844 1469 992 1521 sapiens
1016 1483 1248 1522 magnusque
1272 1473 1342 1509 im·

235 1539 383 1582 perator
395 1533 596 1582 reliquerat
609 1533 838 1570 urbanarum
855 1543 980 1569 rerum
1003 1538 1212 1570 curatorem
1229 1538 1342 1580 atque

235 1593 454 1640 custodem,
484 1593 649 1630 officium
680 1603 792 1630 suum
821 1592 1062 1640 negligebat,
1093 1591 1159 1629 sed
1191 1603 1340 1630 omnem

239 1652 446 1691 studiosam
471 1663 644 1701 operam,
666 1663 762 1700 quae
786 1653 827 1689 in
851 1651 1028 1689 humanis
1051 1652 1192 1690 viribus
1215 1663 1259 1690 ac
1282 1664 1340 1690 se-

234 1711 393 1749 dulitate
416 1712 590 1758 vertitur,
610 1711 789 1750 multifar
817 1722 855 1749 m
871 1711 1079 1749 exhibebat.
1105 1713 1202 1749 Nam
1219 1717 1256 1749 et
1270 1711 1341 1750 hoc

233 1771 360 1809 studio
387 1773 488 1809 Deus
518 1770 680 1819 gaudet,
707 1783 732 1808 n
774 1782 840 1808 ens
866 1772 1005 1809 otiosos
1033 1777 1072 1809 et
1098 1755 1242 1810 inertes
1261 1782 1342 1810 esse

234 1830 299 1879 qui
325 1830 373 1868 ad
396 1841 482 1868 eum
507 1830 752 1878 confugiunt,
779 1830 920 1878 quique
943 1831 984 1867 in
1010 1841 1053 1868 eo
1077 1841 1182 1879 spem
1207 1830 1341 1869 salutis

236 1890 434 1928 collocant.
461 1890 523 1927 Sic
547 1891 648 1928 enim
671 1890 856 1928 mehercle
878 1891 1003 1928 Iesum
1023 1891 1115 1928 Navi
1139 1890 1261 1927 lilium
1286 1891 1342 1927 in-

233 1949 348 1987 sidias
372 1955 492 1987 terrae
510 1951 714 1997 promissae
727 1955 872 1987 struere
896 1955 983 1986 ante
999 1949 1129 1995 iussit;
1146 1956 1184 1987 et
1198 1949 1341 1988 Gedeo·

232 2020 320 2047 nem
346 2009 524 2048 adversus
541 2008 768 2046 Madianitas
793 2008 936 2058 hydriis
957 2020 1000 2046 ac
1025 2009 1260 2057 lampadibus
1284 2020 1341 2046 ar-

234 2069 360 2108 mavit.
392 2070 538 2116 Reapse
563 2068 698 2116 regalis
728 2067 882 2106 ditionis
911 2074 1038 2106 custos
1067 2069 1171 2116 vigili
1204 2074 1340 2106 cuncta

234 2129 419 2168 lustrabat
445 2129 577 2167 oculo:
607 2140 697 2166 nam
729 2129 876 2166 moenia
905 2128 1120 2174 muniebat,
1149 2135 1186 2166 et
1212 2131 1339 2177 omnia

232 2198 329 2237 quae
342 2188 390 2227 ad
403 2199 516 2226 usum
529 2188 709 2226 bellicum
726 2189 915 2237 pertinent
927 2190 1150 2236 praestabat.
1165 2190 1226 2226 Sic
1239 2190 1339 2227 enim

233 2258 322 2286 eum
346 2247 564 2296 impellebat
580 2249 706 2296 magni
722 2249 956 2297 imperatoris
979 2249 1110 2295 timor,
1127 2254 1166 2286 et
1180 2260 1275 2297 quae
1293 2249 1340 2286 ab

231 2317 278 2345 eo
299 2317 446 2355 semper
468 2307 539 2345 sibi
563 2319 628 2356 per
651 2308 796 2346 litteras
813 2307 860 2346 de
875 2308 1083 2356 longinquo
1107 2309 1340 2357 imperaban-

235 2371 310 2403 tur.
337 2367 505 2414 Namque
529 2373 568 2420 et
591 2377 655 2414 per
672 2367 738 2404 has
759 2366 894 2405 ducem
919 2378 959 2405 se
983 2368 1181 2415 praebebat
1194 2369 1263 2405 Dei
1289 2368 1340 2405 fa-

237 2427 364 2465 mulus
386 2422 608 2475 imperator,
625 2427 791 2476 dirigens
815 2434 927 2476 atque
949 2429 996 2466 ad
1011 2429 1177 2466 officium
1203 2429 1338 2478 adhor-

233 2492 318 2524 tans
342 2486 600 2526 fidelissimum
614 2487 822 2525 custodem.
849 2489 1008 2526 Sanctus
1025 2495 1151 2526 autem
1176 2489 1340 2536 pontifex

232 2545 392 2592 singulis
417 2545 465 2583 ad
489 2556 661 2584 occasum
687 2548 803 2594 portis
827 2547 1075 2592 urbis,.unde
1100 2548 1338 2585 tenebrarum

233 2604 336 2642 filius
366 2605 561 2650 veniebat,
589 2610 783 2653 tamquam
811 2607 1045 2644 verissimum
1075 2607 1194 2644 solem
1223 2607 1339 2646 radiis

233 2663 406 2701 tenebras
430 2663 694 2712 dissipantem,
712 2675 835 2703 sacras
858 2667 1024 2714 Virginis
1047 2667 1230 2713 imagines
1254 2667 1337 2715 pin-

232 2722 561 2771 gendas-curavit,
581 2724 684 2761 ulnis
707 2725 888 2772 gestantis
910 2735 1022 2772 quem
1046 2727 1186 2773 peperit
1207 2727 1338 2763 Domi·
1357 2742 1360 2747 2

231 2793 347 2826 num;
370 2783 425 2820 sic
452 2782 720 2830 propemodum
745 2783 993 2822 intellectuali
1019 2795 1107 2822 voce
1131 2784 1338 2823 inclamans

230 2842 476 2879 harbarorum
502 2842 740 2890 agminibus,
766 2849 804 2880 et
828 2842 1050 2881 ducentibus
1079 2855 1121 2882 ea
1147 2844 1336 2882 daemoni-

234 2901 325 2939 bus:
350 2917 366 2933 «
389 2901 564 2939 adversus
583 2901 652 2939 hos
665 2929 676 2944 ,
694 2912 717 2939 o
737 2908 865 2949 gentes
884 2903 1113 2950 alienigenae
1137 2910 1174 2941 et
1191 2904 1339 2942 daemo-

235 2978 251 2995 υ
279 2972 372 2999 num
392 2961 539 3007 turbae,
556 2967 676 2998 totum
692 2961 836 2999 bellum
853 2967 1068 3009 susceptum
1088 2968 1161 3000 est:
1178 2969 1336 3001 vestram

236 3038 253 3054 »
280 3031 429 3058 omnem
447 3020 644 3058 audaciam
655 3027 767 3069 atque
784 3021 998 3058 iactantiam
1010 3049 1020 3066 ‚
1034 3021 1172 3059 femina
1187 3022 1349 3072 deipara·

239 3097 256 3113 ι»
282 3091 360 3118 nno
385 3085 482 3118 nutu
500 3086 727 3128 compescet,
747 3091 833 3118 cum
855 3081 906 3117 sit
926 3091 1008 3118 vere
1031 3088 1148 3118 mater
1170 3084 1248 3120 eius
1273 3085 1337 3131 qui

235 3156 252 3173 υ
281 3141 512 3178 Pharaonem
537 3140 651 3177 rubro
669 3139 761 3176 mari
788 3150 873 3177 cum
891 3145 969 3177 toto
985 3141 1145 3178 exercitu
1170 3143 1337 3192 submer-

234 3217 251 3233 »
279 3200 347 3244 sit,
371 3205 484 3248 atque
507 3200 723 3237 universum
749 3198 1033 3237 daemoniacum
1059 3211 1192 3254 agmen
1217 3201 1338 3240 debile

234 3276 250 3291 ιο
278 3259 559 3307 invalidumque
583 3258 761 3296 ostendit.
792 3276 807 3291 υ
838 3261 939 3296 Haec
966 3260 1120 3297 antistes
1144 3267 1180 3298 et
1206 3261 1338 3309 agebat

235 3324 273 3356 et
295 3319 538 3367 loquebatur,
557 3320 752 3366 Deumque
771 3324 807 3357 et
824 3319 1013 3366 Virginem
1033 3320 1206 3357 exorabat
1223 3328 1266 3358 ut
1283 3322 1338 3358 in-

232 3378 418 3415 columem
441 3378 572 3415 urbem
597 3383 806 3421 servarent,
824 3388 918 3425 quae
935 3377 1021 3415 fidei
1039 3370 1334 3417 Christianorum

236 3435 369 3474 oculus
386 3443 486 3483 erat,
507 3448 593 3475 cum
617 3448 690 3484 qua
709 3436 857 3474 concuti
875 3447 896 3473 a
915 3436 1170 3475 fundamentis
1195 3439 1337 3486 pericu·

234 3495 314 3533 lum
340 3501 419 3533 erat
442 3501 521 3534 toto
545 3495 634 3534 orbe
658 3495 868 3532 doctrinam
894 3495 1056 3544 mysterii
1082 3496 1233 3534 Christi.

301 3557 337 3590 9.
365 3555 444 3590 Iam
476 3565 560 3592 vero
590 3555 765 3591 inimicae
799 3559 928 3601 gentes
954 3554 1085 3592 urbem
1117 3555 1337 3594 obsidebant

232 3623 275 3650 ex
299 3612 464 3659 oriente,
488 3623 642 3659 occasu,
664 3614 777 3659 mari,
804 3624 847 3651 ac
871 3614 1131 3661 septentrione.
1158 3615 1206 3652 Et
1229 3616 1335 3662 poeta

233 3671 387 3719 quidam
407 3672 495 3709 hinc
514 3673 677 3722 Scyllam
689 3701 699 3717 ,
720 3673 805 3710 inde
824 3672 1069 3722 Charybdim,
1086 3673 1177 3711 haec
1193 3676 1335 3713 marina

230 3740 327 3778 quae
353 3741 439 3777 prae
464 3731 584 3768 oculis
607 3731 713 3769 erant
738 3732 836 3769 mala
866 3731 1076 3779 appellavit.
1104 3733 1240 3770 Civitas
1264 3743 1333 3770 au·

232 3795 307 3827 tem
333 3789 518 3828 clamabat
541 3790 588 3827 ad
606 3792 822 3839 Virginem,
841 3801 904 3828 ore
927 3790 1175 3828 intellectuali
1200 3797 1309 3830 utens
1326 3821 1337 3838 ,

232 3847 270 3885 id
296 3853 351 3886 est
376 3849 561 3896 pontificis
586 3851 732 3908 spiritu.
763 3866 780 3882 α
800 3851 906 3888 Salva
922 3878 932 3895 ,
958 3861 981 3888 o
1005 3850 1186 3894 Domina,
1213 3850 1331 3897 salva3

234 3923 251 3939 ι
280 3919 366 3946 nam
394 3918 521 3961 pereo:
543 3919 590 3947 ne
615 3915 756 3957 taceas,
776 3921 898 3959 neque
922 3910 1110 3958 quiescas:
1137 3910 1214 3948 scio
1232 3911 1331 3948 enim

2411 318 2507 364 427

1413 421 1478 443 σαν
1503 408 1541 442 τε*
1566 404 1700 447 ἠλικίαν
1723 403 1827 457 μέχρι
1852 402 1971 443 νηπίου
2005 404 2064 440 καί
2090 404 2242 452 γέροντος
2269 405 2435 456 ἀθροίζων
2462 409 2514 448 εἰς

1415 466 1448 504 ἓν
1473 469 1652 518 ἀρχιερεύς
1676 465 1694 504 o‘
1717 467 1902 516 ἡμέτερος,
1923 464 2057 515 θαῤῥεῖν
2083 468 2218 516 παρῄνει
2243 470 2301 504 καὶ
2319 471 2376 519 μή
2398 470 2516 506 ἐκλύε-

1416 529 1520 574 σθαι,
1542 530 1673 572 τούτοις
1695 528 1838 578 ὁπλίζων
1859 529 1932 570 τοῖς
1950 527 2091 577 ῥήμασι.
2112 530 2132 545 “

1417 620 1438 636 ,,
1462 606 1524 640 μεν
1550 594 1594 638 τῷ
1616 593 1793 640 μονογενεῖ
1816 590 1877 638 υἱῷ
1900 593 1960 637 τρῦ
1984 588 2066 625 θεοῦ
2086 590 2143 625 καὶ
2171 591 2317 638 πατρὸς,
2338 592 2388 627 ὃτι
2415 592 2517 634 αὐτός

2152 531 2254 564 Δεῦτε
2281 532 2518 578 προσκυνήσω-

1416 682 1436 697 ,,
1460 653 1554 689 ἔστιν
1575 654 1594 690 ὁ
1613 652 1693 695 θεὸς
1714 655 1816 701 η’μῶν·
1837 656 1930 689 δεῦτε
1947 652 2144 698 κλαύσωμεν
2163 650 2309 687 ε’ναντίον
2326 652 2437 700 κυρίου
2459 658 2518 689 τοῦ

1416 744 1435 760 ,,
1460 711 1665 757 ποιήσαντος
1690 716 1792 764 ἡμᾶς·
1813 717 1874 751 τοῦ
1892 714 1961 763 γάρ
1981 713 2092 761 κυρίου
2119 713 2138 749 ὅ
2163 713 2325 762 πόλεμος·
2346 714 2404 749 οὐκ
2426 715 2517 750 ἔστιν

1416 806 1434 821 ,,
1462 780 1557 827 παρά
1580 777 1649 824 θεῷ
1674 778 1707 814 ἐν
1735 776 1862 818 πλήθει
1891 778 1930 813 το“
1958 775 2143 824 σώζεσθαί
2174 774 2338 818 βασιλεύς
2366 778 2431 823 γάρ
2464 779 2519 812 διά

1415 869 1434 885 ,,
1460 841 1589 880 πολλήν
1611 840 1649 876 οὗ
1671 839 1816 889 σώζεται
1837 839 1991 888 δύναμιν,
2013 839 2089 875 οὐδὲ
2110 838 2209 880 πόλις
2230 839 2437 894 φυλάττεται
2460 839 2518 874 εόὶν

1415 930 1435 946 ,,
1459 903 1508 951 μή
1531 903 1656 942 ταύτην
1677 902 1840 950 φυλάττει
1862 902 1880 938 ὅ
1900 902 2021 951 κύριος·
2043 900 2167 950 ἐχθροὶ
2190 899 2222 936 ἕν
2244 900 2362 943 ἵπποις
2383 903 2442 937 καί
2462 902 2520 948 ἅρ-

1414 993 1434 1008 ,,
1459 980 1547 1013 μασι
1564 966 1626 1001 καί
1644 966 1739 1013 ὄχλῳ
1761 964 1860 1014 βαρεῖ
1875 963 1955 1000 καθ’
1973 964 2066 1013 ήμῶν
2085 963 2342 1007 ι’πανίστανται,
2360 964 2460 1012 Ιἡμεῖς
2482 967 2515 999 δὲ

1413 1055 1434 1071 ,,
1460 1027 1492 1062 ε’ν
1513 1027 1652 1075 ὀνόματι
1674 1027 1785 1075 κυρίου
1812 1026 1894 1063 θεοῦ
1917 1028 2008 1075 ήμῶν
2031 1024 2382 1075 μεγαλυνθησόμεθα·
2406 1027 2516 1075 κύριος

1414 1118 1433 1134 .,
1459 1091 1528 1138 γάρ
1547 1089 1651 1131 αὐτός
1671 1089 1860 1138 πολεμήσει
1877 1090 1960 1137 ὑπὲρ
1981 1090 2083 1150 ἡμῶν·
2100 1089 2158 1124 καί
2178 1089 2200 1128 ή
2216 1087 2422 1137 παρθενος’
2399 1105 2420 1128 η
2443 1089 2519 1126 θεο-

1414 1179 1435 1195 ,,
1461 1151 1557 1192 τόκος
1578 1151 1778 1200 ύπέρμαχος
1799 1151 1899 1187 ἔσται
1921 1154 2018 1192 τῆςδε
2039 1154 2100 1192 τῆς
2120 1150 2258 1192 πόλεως·
2274 1149 2368 1198 εἴπερ
2383 1151 2437 1187 ἐπ’
2459 1151 2520 1188 αύ-

1414 1241 1433 1256 ,,
1459 1214 1537 1254 τούς
1552 1214 1675 1262 καρδία
1694 1213 1812 1260 πλήρει
1834 1215 1892 1248 καὶ
1914 1212 2017 1262 ψυχῇ
2037 1211 2188 1251 θελούση
2204 1213 2479 1262 προσδράμωμεν
2499 1244 2518 1258 ,,

1415 1276 1532 1309 Ταῦτα
1550 1275 1656 1321 λέγων
1678 1275 1696 1309 ὁ
1719 1274 1897 1342 ἱεράρχης,
1914 1275 1972 1309 καί
1993 1274 2122 1316 τούτοις
2142 1274 2359 1322 παιδοτριβῶν
2379 1277 2455 1315 τήν
2460 1277 2521 1311 πό-

1414 1339 1466 1369 λιν
1483 1337 1554 1376 τοῖς
1573 1335 1737 1383 ῥήμασιν,
1755 1335 1858 1371 νύκτα
1878 1336 1913 1370 τὲ
1933 1337 1991 1371 καί
2012 1336 2139 1383 Ιἡμέραν
2155 1335 2419 1372 ἀκατάπαυστον
2437 1338 2518 1384 πρὸς

1415 1395 1456 1431 Se
1459 1396 1493 1431 ὀν
1521 1395 1667 1431 ε’ποιεῖτο
1694 1398 1752 1436 τήν
1779 1396 1815 1431 δέ
1800 1411 1901 1435 ησ·.ιν

1486 1458 1527 1496 η’.
1552 1461 1647 1493 ”Αλλ
1674 1458 1749 1494 ούδέ
1776 1473 1810 1493 ον
1839 1459 1856 1494 ὃ
1883 1461 1986 1507 σοφός
2022 1460 2078 1495 καί
2110 1459 2223 1508 μέγας
2249 1459 2413 1503 βασιλεύς
2439 1475 2519 1496 κατ-

1415 1519 1510 1554 έλιπε
1538 1521 1597 1554 τῶν
1623 1520 1831 1567 πραγμάτων
1853 1522 1914 1561 τῆς
1940 1520 2067 1562 πόλεως
2093 1520 2301 1569 ἐπιμελητήν
2322 1536 2359 1556 τε
2380 1523 2438 1557 καί
2461 1523 2520 1570 φύ-

1413 1585 1523 1624 λακοι,
1541 1584 1600 1616 τῶν
1622 1582 1755 1616 δεόντων
1775 1577 1967 1629 ήμέλησεν,
1983 1582 2077 1618 ἀλλὰ
2096 1586 2210 1619 πᾶσαν
2231 1583 2378 1619 ἐπίνοιαν
2393 1583 2519 1633 ἄνθρω-

1415 1643 1512 1684 πίνης
1537 1643 1729 1691 η’ρτημένην
1755 1643 1923 1691 δυνάμεως
1945 1659 1981 1678 τε
2007 1645 2067 1679 καί
2087 1645 2304 1692 ἐπιμελείας,
2323 1649 2519 1693 πολυμερῶς

1414 1703 1624 1740 ἐνεδείκνυτο·
1647 1703 1764 1753 χαίρει
1787 1705 1854 1752 γάρ
1874 1704 1936 1750 κᾴν
1956 1705 2088 1747 τούτοις
2111 1705 2209 1749 θεὸς,
2230 1706 2288 1742 οὐκ
2309 1705 2432 1742 ἐθέλων
2459 1706 2517 1754 οἷρ-

1413 1768 1495 1815 γούς
1521 1768 1580 1803 καί
1606 1767 1781 1808 ἀκινήτους
1814 1765 1898 1803 εἶναι
1933 1768 2011 1809 τούς
2042 1769 2126 1815 πρὸς
2159 1768 2260 1804 αὐτόν
2289 1769 2517 1817 καταφεύγον-

1414 1844 1494 1872 τας,
1516 1829 1575 1865 καί
1596 1828 1648 1864 ἔπ’
1670 1828 1762 1874 αὐτῷ
1785 1832 1845 1871 τῆς
1868 1828 2035 1878 σωτηριάς
2058 1829 2339 1869 τῆν”πεποίθεσιν
2361 1830 2515 1878 ἔχοντας·

1413 1889 1497 1926 οὕτω
1523 1892 1590 1938 γάρ
1616 1890 1701 1926 οὕτω
1721 1891 1780 1925 καί
1802 1893 1918 1928 Ἰησοῦ
1938 1894 1998 1927 τοῦ
2019 1893 2117 1931 Ναυῆ
2141 1891 2256 1939 ἔνεδρα
2277 1891 2401 1927 θέσθαι
2429 1893 2519 1927 κατοὶ

1414 1956 1474 1993 τῆς
1499 1954 1564 1999 γῆς
1593 1952 1750 2001 πρότερον
1782 1951 1982 1988 ἐνετείλατο·
2007 1954 2064 1988 καί
2099 1955 2155 1989 τὸν
2186 1955 2308 1990 Γεδεοὶν
2340 1955 2429 1990 κατά
2459 1958 2517 1989 τῶν

1414 2014 1632 2053 Μαδηΐναίων
1659 2014 1785 2062 ὑδρίαις
1812 2016 1871 2049 καί
1906 2016 2084 2062 λαμπάσιν
2111 2014 2304 2059 ἔξωπλισεν·
2328 2017 2386 2050 καὶ
2414 2017 2432 2052 o‘
2455 2017 2517 2063 μὲν

1413 2075 1528 2122 φύλαξ
1553 2077 1613 2110 τῶν
1639 2074 1808 2118 βασιλέως
1839 2077 2062 2124 πραγμάτων,
2088 2077 2244 2125 ἀγρύπνῳ
2275 2077 2389 2113 πάντα
2413 2091 2520 2125 περιε-

1413 2137 1607 2183 σκόπει,τῷ-
1620 2135 1761 2185 ὄμματι·
1783 2139 1883 2186 τείχη
1905 2139 1973 2186 γάρ
1994 2137 2145 2186 ὠχύρου,
2163 2140 2221 2174 καί
2243 2139 2355 2174 πάντα
2375 2140 2418 2174 τά
2438 2140 2519 2186 πρός

1412 2201 1471 2238 τήν
1497 2199 1684 2246 πολεμικήν
1713 2199 1836 2248 χρείαν
1862 2199 2012 2248 ἐξήρτυε·
2037 2202 2120 2249 πρὸς
2147 2204 2246 2237 τοῦτο
2280 2203 2348 2250 γάρ
2372 2201 2474 2238 αὐτόν
2501 2203 2518 2237 o‘

1413 2263 1473 2296 τοῦ
1495 2260 1652 2308 μεγάλου
1680 2260 1850 2304 βασιλέως
1881 2261 1988 2309 φόβος
2019 2263 2219 2310 παρώτρυνε·
2244 2263 2304 2298 καί
2329 2265 2375 2299 τοὶ
2397 2253 2521 2315 πόῤῥω-

1412 2322 1470 2358 θεν
1496 2322 1529 2359 ἓν
1554 2322 1740 2372 γράμμασι
1767 2325 1950 2365 διαπαντός
1983 2325 2197 2372 κελευόμενα·
2223 2324 2426 2374 ἐστρατήγει
2451 2327 2520 2374 γάρ

1411 2386 1471 2421 καί
1499 2385 1596 2432 (δι’)
1624 2385 1730 2420 αὐτῶν
1758 2385 1775 2420 ὁ
1804 2388 1862 2421 τοῦ
1887 2385 1970 2422 θεοῦ
2002 2385 2155 2435 θεράπων
2182 2386 2365 2431 βασιλεύς,
2393 2388 2519 2435 ὁδηγῶν

1412 2448 1471 2481 καί
1497 2449 1675 2496 παρορμῶν
1701 2450 1783 2496 πρὸς
1806 2451 1848 2483 τοὶ
1869 2448 1988 2483 δέοντα
2013 2450 2069 2484 τὸν
2090 2450 2213 2484 ἑαυτοῦ
2231 2449 2436 2485 πιστότατον
2457 2450 2517 2497 φύ-

1410 2512 1511 2544 λακα·
1533 2510 1551 2545 ὁ
1572 2511 1606 2545 δὲ
1633 2510 1795 2559 ιἐράρχης
1817 2511 1834 2546 ὅ
1857 2509 1950 2552 ὅσιος
1976 2511 2104 2552 πάσαις
2130 2513 2207 2553 ταῖς
2231 2512 2316 2560 πρὸς
2342 2512 2434 2547 δύσιν
2455 2512 2516 2547 πύ-

1410 2574 1488 2612 λαις
1514 2574 1575 2613 τῆς
1600 2572 1746 2615 πόλεως,
1771 2571 1850 2607 ὅθεν
1877 2574 1936 2607 καί
1963 2574 2001 2608 τό
2028 2575 2089 2607 τοῦ
2121 2573 2264 2615 σκότους
2289 2573 2417 2622 ἤρχετο
2442 2574 2516 2621 γέν-

1411 2648 1519 2681 νημα,
1538 2630 1598 2669 οἷα
1616 2633 1710 2672 ἥλιον
1732 2633 1992 2670 άπλανέστατον
2010 2638 2086 2676 ταῖς
2106 2634 2221 2671 οἶκτίσι
2243 2636 2282 2671 τό
2304 2635 2423 2678 σκότος
2445 2636 2514 2672 διώ-

1410 2709 1530 2739 κοντα,
1558 2695 1634 2736 τούς
1660 2697 1720 2737 τῆς
1747 2695 1916 2744 παρθένου
1945 2696 2052 2744 ἱερούς
2085 2696 2211 2737 τύπους
2236 2696 2268 2732 ἔν
2295 2698 2420 2733 εἰκόσιν
2447 2698 2515 2732 ἐνέ-

1410 2756 1546 2804 γραψε,
1567 2756 1734 2804 φερούσης
1761 2756 1795 2792 ἐν
1820 2757 1992 2804 ἀγκάλαις
2019 2755 2052 2793 ὃν
2074 2759 2188 2793 τέτοκε
2214 2759 2340 2807 κύριον,
2361 2774 2515 2806 μονονου-

1407 2819 1452 2865 χὶ
1478 2817 1561 2861 βοῶν
1584 2821 1682 2867 νοερᾷ
1706 2822 1749 2867 τῇ
1772 2821 1863 2866 φωνῇ
1882 2821 1956 2860 τοῖς
1978 2822 2036 2855 τῶν
2057 2819 2233 2869 βαρβάρων
2260 2821 2432 2865 πλήθεσι,
2453 2825 2512 2858 καί

1411 2881 1483 2920 τοῖς
1505 2878 1648 2921 ἐκείνους
1669 2880 1797 2927 ἄγουσι
1821 2880 1970 2928 δαίμοσι·
1993 2883 2011 2898 “
2031 2882 2114 2928 πρός
2135 2882 2272 2924 τούτους
2285 2883 2372 2930 ’ὑμῖν
2391 2881 2416 2919 ὦ
2431 2882 2512 2922 ἔθνη

1412 2969 1430 2982 .,
1457 2940 1639 2988 ἀλλόφυλα
1656 2943 1715 2976 καί
1733 2942 1827 2988 φύλα
1848 2942 2006 2989 δαιμόνων
2016 2934 2046 2978 ’ὁ
2066 2946 2134 2985 πᾶς
2154 2943 2332 2992 ἐξήρτυται
2354 2944 2514 2994 πόλεμος·

1410 3031 1429 3043 „
1456 3002 1547 3038 ἅπαν
1574 3002 1663 3050 ὑμῶν
1685 3004 1723 3038 τό
1744 3002 1874 3052 θράσος
1895 3005 1954 3039 καί
1979 3004 2026 3039 τά
2046 3005 2274 3053 φρυάγματα,
2293 3008 2377 3054 γυνή
2399 3005 2516 3043 θεοτό-

1411 3092 1428 3106 .,
1455 3078 1512 3105 κος
1544 3064 1633 3112 μόνῳ
1664 3064 1769 3108 διώξει
1800 3066 2028 3111 κελεύσματι,
2054 3065 2169 3140 μήτηρ
2198 3067 2406 3116 ὑπάρχουσα
2435 3083 2510 3104 κατ

1411 3153 1429 3167 ,,
1454 3124 1622 3164 ἀλήθειαν
1643 3127 1702 3160 τοῦ
1723 3126 1778 3161 τόν
1799 3127 1916 3172 Φαραω
1933 3129 2125 3175 πανστρατί
2146 3128 2178 3163 ἐν
2201 3128 2328 3177 ἐρυθρᾷ
2345 3128 2510 3179 θαλάσση

1410 3215 1428 3230 ,,
1455 3186 1682 3230 βυθιᾋσαντος
1698 3188 1755 3222 καί
1775 3188 1811 3222 τὸ
1828 3190 1894 3223 πᾶν
1916 3188 2081 3236 δαιμόνιον
2103 3190 2207 3237 φύλον
2225 3190 2392 3234 δείξαντος
2410 3193 2512 3242 ἀδρα-

1410 3277 1428 3292 ,,
1455 3250 1507 3290 νές
1532 3249 1592 3284 καί
1617 3249 1811 3298 ἄνι’σχυρον.
1838 3277 1857 3293 ,,
1883 3251 1950 3286 Καὶ
1978 3254 2088 3286 ταῦτα
2112 3266 2155 3299 με
2142 3253 2173 3286 .“ν
2200 3252 2215 3286 ὁ
2242 3252 2412 3301 ἱεράρχης
2430 3254 2511 3303 ἔδρα

1410 3311 1467 3346 καὶ
1494 3311 1611 3358 ἔλεγε,
1639 3312 1697 3346 καὶ
1725 3310 1801 3346 θεὸν
1828 3313 1884 3346 καὶ
1917 3312 1976 3350 τήν
2004 3311 2166 3359 παρθένον
2201 3313 2327 3349 ἱκέτευε
2360 3316 2508 3361 φυλάξαι

1410 3373 1504 3407 πόλιν
1530 3371 1742 3419 ἀπόρθητον,
1768 3375 1828 3414 τῆς
1850 3375 2054 3421 χριστιανῶν
2082 3373 2260 3422 ὀφθαλμὸν
2287 3375 2508 3425 ὑπάρχουσαν

2554 1097 2575 1126 f.
2595 1102 2639 1127 ω.
2659 1105 2687 1127 a.

2553 1837 2575 1867 f.
2599 1842 2643 1867 50.
2664 1836 2696 1866 h.

2550 2645 2572 2676 f.
2596 2650 2641 2675 51.
2661 2653 2688 2675 a.

1409 3434 1567 3476 πίστεως,
1587 3432 1612 3482 ᾗ
1637 3434 1907 3474 συνσαλευθῆναι
1934 3435 2079 3478 κίνδυνος
2106 3436 2154 3478 εἷς
2181 3438 2291 3473 πάντα
2311 3440 2355 3473 τά
2373 3439 2509 3485 πέρατα
2562 3468 2568 3476 .
2590 3460 2604 3475 ,ι

1409 3498 1467 3530 τοῦ
1492 3497 1582 3531 κατά
1607 3497 1753 3544 Χριστόν
1778 3496 1968 3545 μυστηρίου
1995 3499 2032 3533 τό
2059 3499 2228 3547 κήρυγμα.

1481 3556 1523 3594 θ’.
1548 3559 1600 3592 Tei
1620 3559 1654 3593 δὲ
1676 3558 1826 3606 πολέμια
1846 3557 1928 3598 ἔθνη
1948 3559 2007 3599 τήν
2025 3559 2121 3596 πόλιν
2143 3560 2354 3606 ἐκύκλωσαν,
2371 3563 2411 3608 ἐξ
2429 3564 2509 3600 οἰνα-

1408 3621 1523 3663 τολῶν,
1545 3618 1582 3654 ἐκ
1605 3623 1754 3668 δυσμῶν,
1774 3620 1811 3655 ἐκ
1834 3619 2042 3667 θαλάσσης,
2062 3623 2122 3659 καί
2145 3627 2204 3659 τοῦ
2223 3623 2335 3674 βοῤῥοῖ·
2356 3627 2414 3661 καί
2436 3640 2509 3662 ποι-

1406 3683 1522 3723 ητικὸς
1542 3682 1606 3729 μὲν
1626 3681 1666 3716 οἷν
1686 3697 1737 3724 τις
1758 3682 1839 3732 οἶνήρ
1862 3683 1898 3727 ⁴,
1919 3683 2073 3720 Σκύλλαν
2097 3686 2160 3733 μὲν
2181 3685 2295 3731 ἔνθεν,
2316 3686 2445 3723 ἐκεῖθεν
2472 3690 2507 3724 δὲ

1406 3742 1591 3789 Χάρυβδιν,
1612 3744 1655 3778 τοὶ
1675 3745 1765 3780 κακοὶ
1785 3746 1829 3779 τοὶ
1850 3745 1985 3789 ἐνάλια,
2004 3746 2147 3782 ἐκάλεσε
2169 3749 2214 3783 τά
2233 3748 2390 3797 ὁρώμενα.
2407 3749 2450 3786 Ἡ
2471 3752 2505 3784 δε

1405 3803 1502 3846 πόλις
1524 3803 1610 3848 ε’βόα
1630 3806 1714 3854 πρός
1734 3806 1792 3845 τήν
1812 3805 1995 3855 παρθένον,
2018 3808 2228 3857 δακρύουσα,
2251 3811 2398 3858 στόματι
2416 3825 2507 3858 χρω-

1403 3866 1486 3914 μένη
1504 3870 1617 3914 νοερῷ,
1634 3870 1694 3903 τοῦ
1709 3868 1870 3917 ἱεράρχου
1893 3872 1937 3915 τῷ
1957 3871 2133 3919 πνεύματι.
2154 3873 2172 3889 “
2193 3875 2306 3913 Σῶσον
2327 3871 2351 3908 ὦ
2371 3873 2506 3908 δέσποι-

1404 3957 1423 3971 „
1450 3943 1506 3972 να,
1524 3932 1650 3974 σῶσον,
1664 3929 1882 3979 ἀπόλλυμαι,
1896 3932 1944 3980 μή
1964 3933 2131 3981 σιγήσῃς,
2144 3935 2232 3982 μηδὲ
2254 3934 2502 3983 καταπραύνῃς·

2248 3993 2266 4012 ff

2546 3691 2561 3706 ¹
2578 3688 2695 3718 Pisidas
2716 3689 2750 3717 B.
2769 3688 2805 3720 A.

2500 3752 2505 3762 ,
2544 3733 2574 3754 v.
2594 3729 2659 3753 205.
