2970 4420
483 267 577 311 122
1446 279 1598 312 Leonis
1631 280 1808 311 ALLATn

472 363 637 429 posita
663 363 858 426 suerint
885 365 1125 428 plurima,
1158 377 1203 411 et
1237 354 1454 410 maxime
1490 364 1579 411 illa
1614 380 1739 428 quae
1764 364 1932 429 prima
1970 378 2107 419 sunt,
2140 380 2187 414 et
2218 367 2466 433 perhibuit
2497 370 2668 433 aliqua
2708 372 2759 417 in

480 458 590 488 suos
615 441 761 487 libros
784 441 847 487 ab
874 441 1233 505 Apollinaristis
1260 440 1493 486 immissa.
1532 443 1646 487 Rem
1673 457 1786 488 vero
1812 441 1949 488 nobis
1965 477 1976 494 ‚
2006 451 2056 488 ut
2080 458 2177 491 sese
2202 445 2390 501 habuit,
2420 448 2620 508 ingenue
2649 462 2757 494 nar-

482 527 554 565 rat
581 519 840 581 Hesychius
865 518 1109 580 presbyter
1132 518 1575 578 hierosolymitanus
1599 519 1646 564 in
1672 518 1866 565 historia
1889 520 2214 568 ecclesiastica:
2242 535 2287 569 et
2313 524 2487 569 iterum
2510 524 2623 570 bene
2645 541 2757 570 con-

484 596 688 647 versari,
729 597 902 642 iterum
940 595 990 640 in
1022 594 1250 652 clericatu
1282 610 1379 639 esse
1410 594 1585 657 coepit.
1624 606 1670 640 et
1706 594 1962 641 Antiochia
1998 597 2167 643 relicta
2204 599 2254 644 in
2292 602 2491 646 Tarsum
2525 601 2755 647 transmi-

463 700 465 702 ·
482 674 668 736 gravi,t
704 663 768 717 ex
796 688 892 734 qua
930 689 978 716 in
1014 670 1355 733 Mopsuestiam
1391 670 1613 721 transiit,
1649 671 1903 717 ordinatus
1937 671 1987 717 in
2021 689 2078 719 ea
2115 674 2382 739 episcopus,
2417 677 2645 723 nondum
2658 679 2767 723 Deo

478 751 663 796 volente
697 748 1011 809 manifestam
1053 746 1316 809 impietatis
1350 746 1482 792 illius
1511 747 1923 810 praedicationem
1948 748 2085 809 fieri.
2124 751 2290 802 Prima
2332 764 2492 799 autem
2523 755 2756 799 elementa

482 841 599 872 suae
634 825 882 871 doctrinae
912 841 975 868 ex
1009 822 1201 868 i'udaico
1228 822 1503 885 vaniloquio
1535 821 1788 886 incipiens
1819 823 2028 869 codicem
2061 841 2110 869 in
2129 825 2436 890 prophetiam
2453 830 2758 892 psalmorum

482 902 784 967 conscripsit,
815 913 973 948 omnes
1003 900 1060 945 de
1090 899 1296 965 Domino
1325 899 1682 963 praedictiones
1718 900 2054 961 abnegantem.
2096 903 2321 965 Culpatus
2353 921 2458 951 vero
2489 917 2533 950 et
2559 905 2756 969 pcri'cli—
2789 953 2792 959 ,

484 992 638 1031 tatus,
671 978 920 1025 contraria
952 977 1048 1023 sibi
1079 976 1211 1022 dixit
1246 993 1341 1021 non
1372 993 1436 1022 ex
1467 978 1732 1027 voluntate,
1762 977 1847 1022 sed
1876 979 2143 1041 compulsus
2176 980 2390 1027 omnium
2415 982 2751 1044 querimoniis,

483 1069 529 1103 et
563 1056 770 1103 codicem
806 1055 960 1118 ipsum
991 1054 1144 1099 delere
1171 1052 1445 1116 pollicitus,
1477 1055 1682 1100 latenter
1712 1055 2021 1101 conservabat
2057 1055 2281 1101 iudaicae
2318 1058 2584 1121 impietatis
2619 1059 2763 1106 viati-

486 1151 611 1180 cum.
641 1135 669 1179 I
669 1133 757 1196 gni
780 1131 906 1177 enim
930 1147 1019 1176 sua
1044 1130 1391 1176 commentaria
1417 1129 1651 1176 simulans
1676 1130 1890 1181 tradere,
1920 1131 2161 1178 malitiose
2183 1130 2467 1180 abscondere
2491 1134 2764 1181 illecebram

482 1211 771 1258 conabatur.
806 1211 849 1255 -T
845 1225 1006 1272 empus
1040 1208 1231 1271 quidem
1253 1206 1543 1271 plurimum,
1573 1208 1622 1254 in
1647 1208 1828 1271 exiguo
1860 1209 1959 1255 loco
1981 1225 2139 1272 prava
2163 1210 2380 1272 loquens,
2407 1211 2493 1273 qui
2514 1224 2631 1258 esset
2660 1227 2760 1271 me-

463 1287 580 1333 .ri‘to
618 1286 816 1333 latebat.
854 1287 987 1331 Extat
1023 1301 1148 1331 nunc
1184 1300 1372 1346 quoque
1406 1285 1640 1331 Theodori
1679 1286 1943 1331 antiocheni
1982 1275 2228 1348 ἐξήγησις
2264 1289 2531 1335 continuata
2567 1279 2639 1340 εἷς
2669 1277 2757 1333 τὸν

486 1354 766 1424 slaha-ripa,
804 1362 854 1408 in
885 1361 1173 1425 psalterium
1214 1361 1477 1425 exposisstio
1517 1363 1565 1407 in
1603 1360 1889 1409 bibliotheca
1925 1364 2162 1417 vaticana,
2200 1364 2248 1409 in
2285 1364 2497 1422 escuriali
2532 1367 2685 1426 regia,
2718 1373 2766 1411 et

484 1440 617 1488 alibi.
662 1441 811 1494 Quam
850 1440 939 1501 ipsi
980 1438 1105 1491 vidi,
1142 1439 1303 1500 incipit
1338 1440 1386 1484 in
1427 1439 1610 1500 psalmo
1649 1439 1885 1493 secundo,
1928 1430 1975 1485 ἐν
2009 1430 2073 1499 τῇ
2105 1428 2272 1530 μνήμη
2308 1454 2406 1486 των
2443 1432 2643 1498 ἀσεβων
2677 1431 2765 1488 «τὸν

484 1529 699 1580 πρωτον
719 1503 1034 1580 συμπεράνας
1069 1503 1289 1576 -ψαλμόν
1329 1511 1416 1574 (1).
2102 1506 2105 1507 ⁷

616 1597 711 1641 Nec
743 1610 841 1641 non
872 1610 927 1639 ex
959 1593 1166 1639 eiusdem
1201 1594 1538 1639 commentario
1561 1594 1608 1639 in
1636 1594 1819 1640 Cantica
1855 1594 2142 1640 canticorum
2175 1596 2432 1642 recitantur
2462 1595 2726 1642 nonnulla'
2713 1612 2782 1654 m

489 1675 544 1720 V.
575 1673 757 1734 synodo
790 1671 993 1732 generali
1023 1670 1180 1716 collat.
1211 1672 1258 1716 li.
1292 1670 1415 1725 Quid
1444 1686 1559 1717 vero
1594 1671 1693 1732 ipse
1728 1671 1788 1717 de
1822 1686 1880 1718 eo
1909 1670 2035 1717 libro
2068 1674 2286 1734 senserit,
2319 1688 2375 1719 ex
2407 1663 2576 1719 eodem
2604 1673 2767 1720 audia-
2802 1709 2808 1715 .

488 1766 619 1796 mus:
654 1760 762 1795 cum
802 1764 877 1793 me
904 1746 1142 1811 piguisset
1185 1746 1383 1797 Cantica
1424 1746 1722 1794 canticorum
1752 1749 2024 1811 perlegere,
2059 1749 2289 1811 quoniam
2324 1766 2472 1812 neque
2505 1750 2765 1796 secundum

483 1825 817 1891 propheticam
845 1825 1045 1889 speciem
1069 1824 1290 1888 exposita
1318 1836 1449 1875 sunt,
1481 1841 1629 1887 neque
1655 1825 1914 1876 secundum
1939 1824 2253 1881 historiarum
2278 1827 2611 1878 traditionem,
2640 1827 2766 1873 sicut

490 1900 731 1968 scriptura
767 1918 1047 1967 regnorum,
1077 1919 1225 1964 neque
1259 1900 1635 1949 demonstrativa
1666 1902 1992 1948 admonitione
2024 1903 2176 1949 studii
2208 1915 2432 1954 utuntur,
2463 1904 2618 1950 nescio
2652 1921 2770 1968 quo-

492 1981 632 2027 modo
668 1993 875 2026 tuarum·
899 1979 1174 2025 litterarum
1202 1991 1512 2042 praeceptum
1527 2016 1538 2029 ,
1570 1979 1628 2024 de
1655 1979 1849 2026 Cantico
1874 1979 2173 2041 canticorum
2197 1981 2397 2044 eoeigens
2421 1997 2453 2027 a
2477 1981 2613 2027 nobis
2646 1982 2768 2028 irre-

493 2057 772 2104 cusabiliter
797 2073 1018 2107 causam,
1041 2056 1168 2118 fecit
1193 2073 1268 2101 me
1292 2056 1423 2101 circa
1449 2073 1557 2102 eam
1583 2056 1961 2120 diligentiorem,
1993 2057 2218 2104 violenter
2241 2058 2451 2120 quidem.
2478 2061 2543 2104 Et
2565 2058 2655 2110 sic,
2685 2074 2770 2105 nec

493 2135 620 2180 enim
654 2134 855 2184 cessavi,
885 2145 931 2179 et
957 2133 1097 2178 initio
1133 2132 1234 2197 ipso
1270 2133 1508 2184 lectionis,
1539 2133 1683 2195 quasi
1705 2133 1922 2179 studiosa
1947 2134 2208 2180 alacritate
2231 2134 2439 2181 oscitans
2460 2135 2766 2197 frequenter,

494 2224 539 2257 et
566 2211 828 2261 dormiens,
858 2210 982 2256 sicut
1006 2209 1215 2256 convivio
1238 2209 1414 2255 codicis
1436 2209 1693 2272 nuptialis,
1721 2222 1768 2256 et
1791 2209 1879 2272 hoc
1905 2210 2083 2273 regali,
2113 2222 2428 2274 percantatus
2452 2220 2541 2258 etc.
2577 2212 2771 2274 Reliqua

494 2286 647 2336 videri
682 2296 878 2351 possunt
910 2288 958 2333 in
993 2287 1156 2333 eodem
1195 2287 1395 2333 concilio
1430 2287 1588 2333 collat.
1618 2289 1665 2333 4.

624 2367 690 2410 Ex
728 2365 935 2411 eiusdem
971 2365 1110 2409 etiam
1142 2365 1480 2410 commentario
1518 2363 1567 2408 in
1599 2363 1849 2409 duodecim
1878 2362 2138 2428 prophetas
2171 2365 2769 2426 quaedam'recitanturin

495 2443 658 2489 eadem
694 2443 877 2503 synodo
912 2441 1069 2487 collat.
1090 2442 1147 2486 lt.
1176 2442 1231 2486 Et
1266 2449 1423 2489 extant
1461 2440 1519 2486 ad
1555 2440 1680 2486 hunc
1715 2441 1839 2487 diem
1874 2441 1923 2487 in
1961 2442 2149 2487 Oseam.
2189 2436 2242 2484 P.
2282 2433 2372 2492 Εἷς
2412 2428 2636 2504 ἔλεγχον
2670 2433 2769 2486 τῶν

498 2512 854 2575 ἀβασανίστως
895 2507 1203 2573 επιβοὶλλειν
1238 2530 1357 2568 ταις
1393 2523 1760 2603 προφητικαιςΝ
1771 2506 2172 2581 ἐπιχειρούντων
2208 2524 2415 2574 φωναιςι
2451 2520 2511 2563 In
2539 2517 2765 2565 Iohelem.
2788 2523 2791 2526 ”

498 2591 551 2638 P.
590 2586 862 2639 Ποοκειται
902 2585 1021 2655 ημῖν
1056 2585 1152 2638 τοῦ
1184 2589 1442 2658 μακαρίου
1473 2584 1630 2641 -Ιωὴλ
1663 2607 1754 2638 του
1795 2583 2069 2658 προφήτου
2107 2585 2196 2646 τῆς
2231 2582 2506 2656 σαφηνείας
2540 2584 2771 2658 ἀπάρξα-

500 2667 629 2716 σθαι
670 2664 766 2719 νῦν
801 2674 861 2718 In
896 2674 1053 2718 Amos.
1094 2665 1148 2714 P.
1184 2659 1456 2733 Προὸηλον
1495 2656 1579 2715 οὐν
1619 2658 1696 2714 ὅτι
1734 2683 1820 2714 και
1863 2662 1885 2714 0‘
1924 2684 2179 2735 μακαριος
2209 2660 2376 2732 Αμως
2415 2685 2439 2714 ο
2477 2660 2770 2734 προφήτης,

500 2764 550 2794 ον
590 2737 874 2813 ἔρμπνευειν
910 2739 1044 2791 θεοῦ
1077 2761 1279 2812 χαριτι.
1309 2749 1375 2793 In
1406 2747 1633 2794 AbdiQam
1672 2742 1727 2790 P.
1758 2739 2037 2807 Απεχθως
2070 2736 2272 2793 ἀνωθεν
2302 2735 2595 2810 Ιδουμαῖοι
2614 2738 2770 2834 «πρὸς

498 2817 618 2879 τοὺς
648 2818 978 2889 Ισρανιλίτας
1011 2812 1182 2884 ἐἫσχον
1219 2827 1279 2870 In
1313 2826 1503 2871 Ionam.
1543 2820 1598 2868 P.
1635 2810 1727 2876 Εἰς
1756 2814 1839 2868 καὶ
1874 2813 2030 2876 αὐτὸς
2058 2837 2147 2876 τῆς
2178 2837 2231 2869 τε
2267 2815 2500 2876 παλαιας
2535 2839 2618 2869 και
2658 2837 2772 2875 νεας
2807 2879 2811 2884 ,
2846 2807 2849 2811 λ

503 2893 746 2967 ὑπάρχων
776 2890 900 2953 θεος.
938 2903 996 2947 In
1031 2900 1320 2949 Michaeam.
1349 2896 1404 2944 P.
1425 2889 1774 2964 Παραπλήσια
1798 2892 1923 2953 τοῖς
1933 2897 2049 2964 περι
2070 2914 2122 2944 τε
2144 2889 2333 2954 Ὠσηὲ,
2355 2915 2438 2945 και
2462 2891 2661 2963 Ἀμώς,
2685 2914 2767 2945 και

499 2970 618 3032 τους
647 2969 863 3030 λοιποὺς
890 2967 1087 3022 ὁποσοι.
1123 2980 1185 3025 In
1209 2979 1391 3025 Naum.
1430 2972 1485 3022 P.
1516 2966 1697 3023 Niveui
1719 2966 1876 3030 πόλις
1905 2975 1960 3025 ἦν
1988 2967 2216 3037 μεΓαλκ,
2240 2966 2421 3025 πλήθει
2451 2990 2501 3022 τε
2533 2991 2774 3041 κομωσα,

505 3046 722 3109 καθως
696 3072 722 3106 n
752 3045 868 3100 Uim
898 3043 1129 3100 διδάσκει
1163 3044 1340 3119 Γραφή.
1376 3057 1438 3100 In
1471 3054 1710 3101 Abbacuc.
1749 3049 1803 3097 P.
1824 3042 1969 3102 ’Ήὸἠ
1987 3045 2081 3098 τοῦ
2102 3044 2374 3118 Ἀσσυρίου
2403 3044 2494 3117 μὲν
2521 3068 2617 3099 των
2648 3041 2774 3097 δέκα.
2817 3053 2821 3057 “

503 3125 680 3190 φυλων
711 3122 1086 3195 αἰχμαλώτους
1117 3123 1188 3183 εἷς
1217 3122 1303 3179 τὴν
1337 3122 1527 3186 οἷκείαν
1557 3120 1905 3189 ἅπαῖαγόντος
1934 3120 2126 3193 χώραν.
2161 3133 2221 3177 In
2255 3129 2565 3194 Sophoniam.
2603 3125 2658 3172 P.
2694 3121 2770 3173 Ου’

562 3200 635 3220 lv(

511 3225 678 3275 πορρω
707 3223 797 3254 του
829 3205 1083 3274 μακαρίου
1108 3199 1421 3271 Ἀμβακοὸμ
1445 3199 1517 3272 τῷ
1542 3196 1710 3271 χρόνῳ
1739 3197 1823 3256 τὴν
1852 3199 2149 3272 προφκὙείαν
2178 3196 2379 3255 ταύτην.
2416 3209 2475 3253 In
2499 3210 2769 3270 Aggaeum.

596 3433 645 3473 (1)
670 3430 774 3467 Vidit
798 3431 958 3468 Allatius
983 3429 1146 3467 codicem
1172 3430 1382 3467 vaticanum
1411 3433 1500 3475 617,
1526 3427 1592 3465 ubi
1617 3439 1762 3476 reapse,
1787 3427 1897 3464 initio
1922 3427 2035 3464 ducto
2060 3438 2080 3464 a
2106 3426 2248 3474 psalmo
2272 3424 2457 3471 secundo,
2484 3426 2775 3462 commentarIus

507 3487 650 3524 dicitur
672 3489 858 3526 Theodori
885 3489 1086 3526 antioheni.
1114 3488 1186 3525 Sed
1211 3494 1337 3526 tamen
1361 3498 1522 3525 errorem
1547 3498 1623 3524 non
1649 3487 1799 3535 agnovit
1821 3487 2008 3532 Allatius3
2034 3491 2089 3523 est
2113 3485 2212 3522 enim
2236 3485 2269 3520 is
2294 3482 2581 3520 commentarius
2605 3482 2773 3520 Theodo-

507 3547 597 3591 reti‚
623 3557 710 3583 non.
725 3548 931 3592 Theodori⁷
958 3554 1004 3584 ut
1029 3558 1096 3595 ego
1120 3547 1246 3595 legens
1272 3547 1456 3594 comperi,
1486 3556 1719 3594 erroremque
1743 3546 1784 3582 in
1808 3546 1889 3593 ipso
1913 3539 2081 3582 vai-icano
2105 3543 2229 3581 indice
2252 3540 2526 3579 emendandum
2553 3552 2668 3578 manu
2695 3553 2775 3579 mea

507 3606 645 3642 curavi.
674 3607 794 3642 Immo
821 3617 904 3643 vero
932 3606 1070 3643 codicis
1095 3606 1274 3644 mendum
1301 3606 1500 3653 diligenter
1527 3616 1586 3642 me
1612 3606 1686 3642 iam
1715 3605 1926 3651 coarguisse
1951 3603 2105 3641 memini
2130 3603 2171 3639 in
2196 3600 2420 3650 praefatione
2444 3600 2492 3637 ad
2519 3600 2677 3648 priorem
2703 3601 2778 3638 edi-

514 3665 655 3701 tionem
679 3665 771 3700 tomi
798 3666 827 3699 1.
855 3666 987 3712 Script.
1015 3672 1084 3702 vet.
1114 3677 1149 3713 p.
1178 3670 1236 3702 22.
1264 3665 1678 3712 Utique-Mopsuesteni
1703 3665 1884 3712 plurimae
1910 3668 2032 3711 partes
2058 3661 2240 3710 genuinae
2265 3659 2523 3697 commentarii
2549 3660 2590 3696 in
2617 3661 2778 3707 psalmos

515 3723 636 3761 editae
660 3729 784 3771 postea
810 3724 964 3760 fuerunt
987 3725 1026 3760 in
1054 3725 1217 3762 Corderii
1242 3731 1392 3769 catena;
1419 3724 1483 3773 sed
1509 3725 1690 3772 plurimae
1720 3724 1843 3761 adhuc
1874 3725 1991 3760 latent
2014 3723 2055 3758 in
2079 3720 2292 3764 codicibus,
2318 3724 2497 3766 tantoque
2527 3730 2708 3765 numero,
2734 3727 2779 3758 ut

513 3783 552 3819 id
576 3784 826 3830 Mopsuesteni
852 3794 945 3830 opus
974 3784 1239 3830 propemodum
1265 3785 1305 3821 in
1329 3785 1519 3830 integrum
1547 3783 1691 3821 restitui
1723 3794 1828 3831 posse
1852 3782 2040 3825 videatur;
2061 3779 2166 3829 >quod
2197 3783 2258 3817 me
2281 3779 2491 3825 facturum,
2519 3779 2591 3817 vita
2622 3781 2776 3826 comite,

512 3842 728 3880 coniunctis
752 3841 862 3880 etiam
891 3841 1057 3889 partibus
1082 3842 1325 3887 corderianis,
1351 3842 1532 3890 spondere
1556 3842 1690 3880 ausim.
1717 3845 1762 3879 A.
1790 3844 1841 3879 M.
2639 3837 2651 3840 ’”
