2970 4420
990 340 1310 394 EDITORIS
1349 336 1755 392 PRAEFATIO.

385 654 419 698 1.
458 604 660 697 Leonis
688 649 840 695 Allatii
870 658 961 696 tres
987 650 1182 696 ineditas
1207 649 1451 702 diatribas,
1481 649 1539 694 de
1562 646 1762 696 Nicetis,
1793 646 1850 691 de
1876 643 2174 694 Phc'lom'bus,
2203 657 2247 689 et
2272 645 2327 690 de
2357 644 2505 691 Theo·

251 730 403 779 doris,
437 743 606 790 magno
642 726 872 776 desiderio
907 727 1204 789 requirebant
1239 727 1418 775 eruditi.
1446 726 1657 772 homines
1691 725 1782 769 iam
1817 722 1924 769 inde
1958 738 1983 768 a
2018 714 2188 768 Labbei
2225 729 2271 768 et
2302 722 2497 769 Fabricii

251 804 570 869 temporibus:
599 803 675 850 alii
707 804 845 849 etiam
873 811 1108 866 tamquam
1141 803 1405 865 deperditas
1436 800 1809 865 complorabant.
1848 799 2075 862 Equidem
2105 807 2150 845 et
2177 800 2272 861 ipse
2303 814 2396 845 non
2426 815 2501 845 se-

254 883 343 929 mel
378 897 454 928 eas
487 895 985 933 commemoraveram,
1020 888 1160 942 ‘atque
1194 894 1216 925 a
1254 895 1328 925 me
1363 881 1589 943 inspectas
1621 880 1666 924 in
1705 878 1905 924 auctoris
1942 876 2122 923 schedis
2154 876 2495 927 vallicellianis,

181 979 185 984 ⁷
252 968 528 1022 coeptasque
558 958 676 1004 adeo
707 956 906 1004 describi
941 957 1165 1003 dixeram.
1204 958 1291 1003 Res
1326 964 1479 1003 tamen
1512 955 1709 1017 abrupta
1743 954 1823 1000 diu
1855 954 2016 1006 iacuit,
2046 953 2195 999 donec
2223 953 2294 998 vir
2325 953 2500 999 doctis-

198 1024 201 1026 ’
251 1038 422 1088 simus,
462 1035 668 1096 mihique
709 1034 1032 1085 amicissimus,
1065 1032 1202 1080 et'de
1234 1033 1458 1079 catholica
1497 1032 1720 1105 religione
1755 1047 1806 1079 ac
1842 1045 2033 1077 romana
2069 1029 2259 1076 ecclesia
2299 1031 2498 1076 maxime

250 1114 465 1165 meritus,
497 1113 545 1156 P.
579 1112 862 1174 Augustinus
895 1110 1171 1162 Theinerus‚
1209 1107 1455 1171 philippini
1490 1109 1537 1154 in
1572 1108 1695 1156 Urbe
1730 1108 1931 1155 Oratorii
1965 1106 2207 1171 presbyter
2240 1122 2292 1166 ac
2325 1105 2501 1153 biblio-¹

251 1190 503 1240 thecariuS,
538 1189 761 1250 pretiosas
792 1187 894 1233 illas
923 1187 1035 1232 mihi
1068 1185 1259 1232 schedas
1291 1185 1447 1231 Allatii
1474 1185 1779 1248 divulgandas
1809 1185 2059 1231 concessit:
2088 1199 2184 1246 quo
2215 1185 2365 1230 statim
2399 1198 2497 1229 mu-

250 1283 359 1314 nere
393 1268 566 1318 laetus‚
602 1274 781 1311 sextum
817 1265 906 1311 hoc
936 1263 1245 1309 bibliothecae
1277 1278 1407 1308 meae
1443 1261 1663 1308 volumen
1699 1262 2018 1308 exornandum
2054 1262 2228 1324 putaxi.
2266 1263 2378 1308 Sunt
2412 1262 2497 1308 hae

247 1342 474 1390 diatribae
502 1358 640 1389 manu
667 1343 812 1404 ipsius
835 1341 992 1387 Allatii
1018 1341 1212 1402 scriptae
1228 1375 1238 1393 ,
1269 1339 1457 1385 minutis
1482 1339 1735 1385 admodum
1761 1339 1948 1397 litteris:
1972 1347 2017 1385 et
2038 1354 2318 1401 quamquam
2341 1354 2497 1386 exem-

250 1421 352 1483 plar
376 1421 503 1466 aliud
533 1434 721 1481 quoque
747 1434 770 1482 a
799 1418 1057 1464 recentiore
1088 1432 1229 1463 manu
1261 1416 1522 1463 confectum
1554 1416 1738 1468 aderat,
1769 1424 1970 1462 attamen
2002 1415 2175 1477 absque
2206 1411 2495 1478 autographo

247 1497 405 1543 Allatii
438 1498 512 1542 vix
552 1495 722 1542 bonam
753 1495 1005 1541 editionem
1034 1482 1221 1556 sperare
1256 1494 1472 1540 licuisset.
1511 1495 1670 1555 Neque
1704 1508 1818 1539 vero
1850 1493 2091 1554 quisquam
2119 1494 2370 1544 existimet,
2399 1493 2497 1538 sine

250 1573 348 1620 ullo
381 1589 488 1620 meo
521 1572 682 1619 labore
715 1572 805 1618 hoc
838 1571 1052 1618 editionis
1079 1586 1276 1633 pensum
1306 1571 1445 1617 fuisse
1477 1570 1769 1617 absolutum:
1801 1571 1969 1616 etenim
2005 1571 2051 1615 in
2084 1570 2254 1616 Nicetis
2285 1585 2495 1632 praeser-

247 1652 329 1696 tim
365 1659 502 1712 atque
535 1648 830 1701 Philonibus‚
867 1648 1087 1711 permulti
1123 1647 1236 1693 mihi
1272 1647 1379 1694 libri
1417 1647 1744 1710 pervolutandi
1786 1646 2001 1699 fuerunt,
2037 1655 2086 1692 ut
2125 1654 2402 1692 memoratas
2435 1645 2494 1692 ab

244 1727 418 1774 Allatio
450 1727 767 1778 auctoritates,
797 1726 854 1771 ad
880 1726 1083 1771 veritatis
1115 1734 1163 1771 ut
1190 1740 1274 1787 par
1298 1734 1405 1772 erat·
1420 1739 1631 1770 normam
1656 1725 1902 1785 exigerem.
1939 1724 2144 1785 Cumque
2172 1723 2367 1769 Allatius
2395 1725 2494 1785 pri-

245 1806 331 1851 scis
368 1803 501 1850 libris
536 1820 645 1850 usus
688 1804 872 1854 fuisset.
910 1802 1038 1849 nulla
1081 1818 1216 1869 saepe
1258 1802 1537 1865 typographi
1575 1810 1656 1867 aut
1692 1800 1781 1847 loci
1821 1801 1996 1847 adiecta
2034 1801 2375 1862 designatione,
2412 1802 2493 1862 qui

245 1889 396 1945 neque
425 1882 638 1944 capitulis
673 1889 822 1927 essent
856 1880 1085 1933 distincti,
1116 1895 1264 1942 neque
1295 1880 1395 1925 aliis
1429 1879 1612 1925 criticae
1645 1881 1753 1924 artis
1786 1879 2061 1925 adiumentis
2099 1879 2333 1931 instructi,
2370 1878 2494 1924 mul-

246 1969 340 2006 tam
375 1974 426 2005 ea
462 1974 536 2005 res
572 1958 833 2004 molestiam
871 1957 982 2002 mihi
1017 1958 1214 2008 creavit,
1245 1971 1330 2002 nec
1366 1971 1622 2018 paucorum
1657 1956 1936 2002 mendorum
1972 1956 2258 2017 purgationis
2294 1956 2493 2000 necessi-

243 2044 382 2082 tatem
413 2035 650 2097 imposuit.
689 2024 847 2096 ltaque
880 2031 974 2079 non
1008 2035 1104 2079 sin'e
1127 2034 1329 2096 patiente
1352 2048 1485 2079 mora
1516 2033 1623 2079 dedi
1657 2048 1873 2095 operam,
1900 2040 1950 2077 ut
1983 2033 2144 2078 citatos
2175 2046 2322 2093 prope
2354 2032 2493 2076 innu-

242 2128 396 2158 meros
432 2111 726 2158 ethnicorum
760 2119 840 2157 aut
874 2111 1230 2157 christianorum
1267 2112 1422 2163 locos,
1461 2112 1506 2156 in
1543 2111 1650 2172 ipsis
1686 2109 1894 2156 fontibus
1932 2123 2337 2169 recognoscerem3
2374 2123 2493 2169 quos

242 2190 431 2252 quidem
459 2197 609 2236 textus
633 2204 729 2236 non
753 2203 862 2234 raro
888 2187 1111 2234 distortos
1136 2188 1207 2234 vel
1238 2187 1428 2234 mutilos
1459 2188 1531 2234 vel
1559 2187 1811 2234 mendosos
1837 2202 1935 2234 esse
1957 2185 2260 2248 deprehendi.
2290 2187 2344 2230 Et
2371 2184 2492 2230 male

243 2265 455 2328 profecto
475 2266 546 2311 -de
575 2264 829 2311 lectoribus
863 2265 977 2310 meis
1007 2265 1258 2312 meriturus
1286 2281 1436 2319 eram,
1463 2265 1650 2328 siahanc
1684 2265 1935 2327 perpetuae
1965 2263 2291 2325 recognitionis
2319 2261 2491 2308 seduli-

241 2353 382 2391 tatem
420 2344 848 2406 praetermisissem.
885 2343 1000 2387 Tum
1033 2357 1145 2388 vero
1177 2343 1367 2404 contigit
1399 2351 1450 2388 ut
1481 2356 1568 2404 pro
1602 2343 1795 2387 vetustis
1829 2356 1963 2403 saepe
1995 2349 2040 2386 et
2076 2339 2296 2386 obsoletis
2333 2346 2491 2384 aucto-

241 2437 346 2467 rum
367 2419 676 2473 editionibus,
708 2435 850 2465 novas
883 2418 1193 2481 melioresque
1219 2419 1457 2465 laudarem
1491 2427 1594 2480 post
1631 2419 1786 2464 Allatii
1812 2427 1990 2464 curatas
2020 2415 2226 2474 obitum3
2257 2415 2383 2478 quod
2419 2414 2492 2459 id-
2555 2416 2559 2418 ’

241 2499 365 2544 circo
400 2512 596 2563 moneo,
630 2512 688 2542 ne
721 2497 826 2558 quis
857 2496 978 2542 forte
1014 2486 1367 2561 οἶνιστορησιάν
1405 2495 1654 2557 aliquando
1689 2497 1899 2542 miretur.

371 2576 427 2620 ΙΙ.
455 2576 574 2635 ,Tres
610 2575 766 2635 itaque
807 2573 1113 2636 amplissimas
1155 2575 1203 2628 in
1241 2574 1416 2627 lucem,
1456 2588 1571 2635 quas
1607 2572 1835 2625 diximus,
1875 2570 2118 2623 diatribas,
2156 2580 2201 2617 et
2235 2571 2489 2633 plurimum

240 2650 520 2697 desideratas
551 2651 825 2703 emittimus,
854 2648 1026 2711 quibus
1058 2650 1331 2697 idemtidem
1366 2651 1541 2697 scholia
1572 2658 1728 2696 nostra
1757 2650 2065 2712 appingimus.
2105 2649 2386 2710 Cogitaverat
2405 2683 2415 2700 ,
2444 2656 2488 2693 et

240 2729 432 2775 fortasse
467 2735 683 2790 coeperat
709 2726 1001 2775 conscribere
1033 2729 1229 2775 Allatius
1260 2732 1302 2774 1.
1331 2728 1390 2774 de
1420 2728 1615 2775 Melodis
1647 2742 1835 2788 quoque
1869 2728 2164 2772 Graecorum.
2194 2728 2239 2771 2.
2269 2725 2327 2771 de
2355 2724 2487 2776 libris

182 2826 184 2828 ’
240 2804 537 2866 apocryphis.
575 2803 622 2848 3.
653 2803 710 2849 de
735 2802 979 2849 academiis
1002 2803 1145 2850 orbis.
1185 2808 1232 2850 4.
1262 2805 1321 2850 de
1353 2806 1536 2851 Graecis
1561 2806 1642 2866 qui
1675 2804 1815 2850 latine
1843 2805 2152 2866 scripserunt:
2181 2813 2276 2848 tum
2307 2811 2352 2847 et
2376 2802 2486 2847 alias

238 2881 460 2929 diatribas
496 2881 556 2926 de
592 2880 913 2942 homonymis,
948 2881 995 2926 id
1029 2890 1098 2927 est
1131 2881 1189 2928 de
1222 2883 1560 2935 Constantinis,
1596 2891 1640 2928 et
1680 2882 1738 2927 de
1770 2880 2026 2940 Leonibus3
2062 2895 2259 2941 quarum
2295 2879 2485 2924 alteram

237 2963 332 3008 sine
358 2955 506 3006 dubio
538 2959 837 3005 conclusisset
866 2973 951 3004 suo
983 2974 1088 3004 cum
1115 2960 1302 3022 nomine
1328 2968 1375 3005 et
1401 2960 1583 3020 scriptis
1616 2968 1776 3005 noster
1798 2960 1915 3011 Leo,
1950 2960 1994 3003 S.
2024 2956 2295 3017 Hieronymi
2330 2971 2486 3001 exem-

239 3039 342 3100 plo,
372 3038 451 3099 qui
478 3052 526 3083 se
552 3044 838 3098 postremum
865 3037 912 3081 in
940 3037 1227 3098 Scriptorum
1253 3036 1665 3082 ecclesiasticorum
1695 3035 1906 3096 catalogo
1930 3035 2100 3096 posuit.
2140 3033 2228 3078 Sed
2253 3047 2340 3093 ego
2363 3040 2484 3078 certe

236 3115 348 3161 nihil
388 3115 483 3162 fere
516 3115 662 3176 magis
698 3115 910 3175 requiro,
937 3128 1078 3175 quam
1112 3114 1210 3159 eius
1241 3113 1528 3175 deperditam
1560 3111 1792 3173 quandam
1828 3108 2224 3160 lucubrationem.
2252 3109 2381 3154 cuius
2417 3116 2485 3154 te-

218 3204 397 3238 '·norem
431 3193 492 3237 ita
533 3189 754 3238 describit
775 3193 925 3236 *lanus
957 3192 1114 3237 Nicius
1144 3191 1192 3235 iu
1223 3189 1417 3252 epistola
1457 3189 1514 3235 ad
1550 3187 1842 3238 Naudaeum,
1874 3195 2015 3248 prout
2052 3188 2098 3231 in
2135 3185 2315 3232 schedis
2349 3185 2483 3231 valli-

235 3269 438 3314 cellianis
464 3269 648 3329 legitur.
684 3287 704 3310 «
735 3268 932 3313 Allatius
965 3267 1167 3313 ostendit
1197 3266 1308 3319 mihi
1337 3265 1507 3312 librum
1534 3281 1620 3328 pro
1652 3264 1889 3311 catholicis
1920 3265 2119 3325 graecis,
2148 3271 2192 3309 te
2224 3262 2484 3326 postulante

239 3364 260 3387 »
289 3345 583 3396 inchoatum,
621 3353 666 3391 et
703 3360 852 3407 prope
890 3345 948 3391 ad
985 3343 1324 3390 absolutionem
1368 3342 1788 3405 perfectionemque
1827 3342 2126 3403 perductum:
2165 3355 2381 3402 magnum
2418 3349 2485 3386 est

238 3441 259 3464 »
288 3437 434 3484 opus,
462 3429 509 3467 et
542 3422 699 3467 multis
734 3420 1120 3484 quaternionibus
1145 3429 1383 3474 constans3
1412 3428 1655 3480 speratque
1689 3426 1731 3464 te
1765 3418 1872 3463 inde
1897 3433 2030 3480 posse
2058 3419 2155 3463 sine
2180 3417 2267 3463 alia
2293 3417 2483 3463 alterius

238 3518 259 3542 »
288 3515 378 3561 ope
412 3506 626 3546 mutuare
660 3500 814 3545 omnia
847 3514 966 3560 quae
1004 3497 1087 3544 tihi
1126 3499 1227 3543 usui
1262 3499 1352 3543 sint
1387 3496 1444 3542 ad
1482 3495 1810 3557 geographiam
1850 3495 2084 3555 quandam
2124 3492 2476 3541 conficiendam.

236 3595 258 3619 »
288 3576 357 3622 lbi
395 3577 521 3632 enim
558 3577 889 3638 cuiuscumque
924 3575 1242 3638 patriarchalis
1278 3573 1494 3620 ecclesiae
1532 3573 1579 3617 in
1616 3572 1794 3618 oriente
1828 3570 1944 3618 fines
1979 3571 2330 3624 describuntur,
2363 3587 2481 3632 quos

237 3672 258 3695 »
287 3654 433 3706 intra,
460 3654 541 3715 qui
567 3653 902 3715 patriarchatus
927 3668 1120 3698 munere
1145 3638 1446 3712 fungebatur,
1475 3648 1837 3699 iurisdictionem
1863 3664 1991 3695 suam
2015 3651 2264 3695 exerceret.
2296 3667 2318 3692 »
2345 3648 2481 3695 Vide-

232 3737 309 3774 tur
336 3730 492 3791 itaque
516 3730 713 3776 Allatius
738 3731 988 3776 instituisse
1013 3745 1154 3790 opus,
1184 3726 1440 3773 cuiusmodi
1470 3734 1624 3788 postea
1649 3727 1897 3789 Lequinius
1918 3726 2006 3773 sub
2029 3727 2220 3773 orientis
2246 3727 2477 3772 christiani

232 3804 368 3851 titulo
401 3806 669 3860 adornavit,
699 3807 1095 3868 posthumumque
1130 3805 1334 3866 reliquit.
1375 3803 1460 3849 Sed
1495 3802 1551 3849 ad
1587 3812 1679 3850 tres
1714 3792 1841 3849 πάνυ
1876 3802 2100 3850 diatribas
2134 3811 2183 3849 ut
2210 3802 2474 3864 regrediar,

2207 3884 2221 3901 »
