2970 4420
1260 249 1317 284 na
1349 249 1531 285 mem-is.
2461 241 2522 288 29

402 334 470 384 Ex
491 332 563 381 his
582 333 742 396 itaque
766 333 936 381 Chonis
958 342 1093 382 natus
1116 335 1352 384 choniates
1366 335 1570 391 Nicetas',
1590 334 1818 383 novennis
1840 349 1866 382 a
1890 342 2022 398 patre
2042 334 2101 382 ad
2121 335 2389 386 Michaelem
2413 342 2524 387 natu

276 412 503 458 maiorem
533 411 800 472 Byzantium
822 412 1045 465 mittitur,
1073 412 1239 460 litteris
1269 413 1461 476 aliisque
1488 413 1744 476 disciplinis
1763 412 2089 467 instruendus,
2113 414 2243 474 quod
2270 423 2394 462 tanta
2417 431 2527 464 cura

275 486 432 533 studio
466 494 512 532 et
551 484 715 532 labore
748 501 773 532 a
810 486 954 533 fratre
989 488 1246 550 perfectum
1283 498 1382 544 est,
1418 498 1470 537 ut
1500 488 1897 553 quemadmodum
1933 498 2144 534 successu
2186 493 2410 551 temporis
2443 494 2530 539 Mi-

280 562 410 624 chael
435 563 483 608 in
506 561 791 608 Athenarum
817 563 1099 625 praesidem,
1126 566 1189 612 ita
1215 566 1395 613 Nicetas
1423 567 1543 628 inter
1566 566 1812 628 primariae
1835 565 2119 611 auctoritatis
2142 565 2268 612 viros
2295 567 2343 611 in
2373 567 2524 613 aulam

274 628 525 701 exceptus,
564 639 611 685 in
645 637 903 686 scribarum
936 641 1247 703 imperialium
1289 657 1535 689 numerum
1575 641 1663 690 sub
1698 641 1910 690 Manuele
1944 641 2182 688 Comneno
2223 641 2415 689 allectus
2447 646 2525 698 sit,

277 724 328 763 et
350 717 575 762 virtutum
600 730 654 762 ac
680 716 997 764 doctrinarum
1026 717 1146 765 fama
1168 719 1290 765 inter
1314 720 1490 781 primos
1517 720 1642 767 illius
1662 720 1761 767 aevi
1785 719 2069 766 inclaruerit.
2106 719 2408 774 Postmodum
2435 722 2531 768 An-

277 791 462 839 dronici
495 793 790 854 tyrannidem
823 793 1025 856 fugiens,
1056 796 1176 861 iuris
1207 796 1354 843 civilis
1387 797 1543 844 studio
1573 813 1670 844 sese
1702 795 1856 850 dedit,
1893 805 2030 858 atque
2063 796 2180 845 adeo
2211 797 2410 859 profecit
2430 833 2441 851 ,
2478 807 2529 844 ut

278 868 588 930 quadriennio
618 878 750 932 post,
781 871 1052 918 Andronico
1078 873 1245 918 misere
1269 881 1456 926 enecto,
1484 873 1574 920 sub
1599 874 1771 921 Isaacio
1796 872 1976 935 Angelo
2000 874 2266 934 Byzantium
2289 889 2527 929 reversuS,

206 943 211 946 ’
280 945 338 992 ad
373 947 572 992 maiores
601 947 836 993 honorum
860 948 1030 1009 gradus
1055 957 1241 995 evectus
1263 950 1348 995 sit:
1380 949 1552 1011 quibus
1581 950 1642 998 ad
1663 951 1866 998 excisum
1893 966 1919 997 a
1949 951 2136 997 Francis
2163 951 2433 1012 Byzantium
2460 953 2532 997 in-

276 1030 407 1085 tegre
441 1023 749 1085 perfungitur.
785 1026 995 1086 Namque
1022 1026 1071 1072 in
1101 1025 1340 1086 Thraciam
1366 1027 1592 1081 mittitur,
1622 1035 1674 1074 ut
1700 1025 1767 1073 ibi
1802 1026 1986 1074 arcibus
2016 1026 2305 1081 reficiendis,
2337 1028 2531 1074 civitati-

277 1091 459 1161 busque
494 1101 866 1148 communiendis
906 1110 1161 1164 praeesset,
1195 1110 1334 1164 atque
1366 1103 1484 1149 adeo
1516 1104 1785 1151 militarium
1817 1104 2039 1151 ordinum
2077 1103 2285 1150 delectus
2318 1103 2526 1151 haberet.

276 1178 350 1223 Sic
382 1178 519 1224 etiam
550 1178 599 1223 in
634 1179 921 1240 provincias,
957 1187 1004 1225 et
1035 1180 1285 1242 municipia
1319 1178 1378 1226 ab
1412 1181 1512 1226 aliis
1547 1189 1683 1243 atque
1717 1181 1817 1228 aliis
1850 1181 2211 1244 imperatoribus
2234 1183 2422 1235 missus,
2457 1197 2532 1228 re-

277 1269 382 1300 rum
417 1269 622 1301 summae
649 1255 866 1317 praefuit.
895 1256 1021 1310 Quos
1044 1255 1246 1302 honores
1271 1264 1316 1302 et
1341 1258 1656 1318 magistratus,
1685 1265 1738 1304 ut
1759 1258 1953 1305 Michael
1977 1257 2212 1304 choniates
2238 1258 2363 1305 illius
2389 1259 2531 1304 frater

277 1330 464 1384 scribit,
495 1333 714 1379 continua
746 1333 1080 1394 imperatorum
1118 1322 1344 1380 successio
1378 1334 1584 1395 integros
1618 1334 1940 1397 illibatosque,
1970 1351 2055 1382 nec
2089 1351 2297 1397 unquam
2329 1337 2531 1383 interru-

279 1416 384 1469 ptos
416 1411 732 1455 conservavit:
760 1409 906 1454 immo
932 1424 1046 1455 vero
1071 1411 1152 1470 qui
1182 1409 1606 1471 subsequebantur,
1637 1412 2020 1486 praecedentibus
2045 1415 2165 1474 erga·
2179 1412 2313 1458 illum
2338 1412 2531 1460 benivo-

276 1484 419 1532 lentia
453 1487 625 1533 anteire
657 1487 788 1547 quasi
829 1486 1188 1540 contendentes,
1224 1486 1282 1533 ad
1317 1488 1537 1550 pristinos
1576 1488 1701 1534 illius
1738 1489 1942 1535 honores
1977 1489 2152 1551 aliquid
2186 1490 2378 1552 insuper
2412 1490 2529 1535 adii—

277 1561 484 1616 ciebant,
519 1563 608 1608 viri
639 1564 859 1610 nimirum
888 1563 1058 1610 virtute
1090 1563 1414 1626 obstupentes,
1445 1573 1717 1627 tantumque
1751 1581 1810 1621 ex⁴
1840 1567 2039 1629 imperio
2074 1582 2159 1613 suo
2191 1568 2402 1613 imminui
2435 1569 2531 1614 exi-

273 1640 537 1692 stimantes,
564 1648 790 1701 quantum
816 1640 878 1687 de
904 1639 1163 1687 honoribus
1189 1641 1314 1688 illius
1337 1643 1706 1689 imminueretur.
1737 1644 1940 1690 Uxorem
1966 1643 2128 1690 habuit
2156 1659 2211 1690 ex
2244 1644 2413 1690 illustri
2444 1646 2530 1691 Be-

276 1714 608 1762 lissariotarum
631 1718 877 1778 progenie,
906 1718 1034 1764 cuius
1057 1733 1252 1772 nomen,
1281 1719 1677 1780 quemadmodum
1702 1729 1748 1766 et
1770 1722 1942 1782 patris,
1973 1729 2018 1767 et
2040 1736 2098 1766 an
2123 1736 2178 1767 ex
2203 1736 2255 1767 ea
2280 1722 2530 1783 susceperit

274 1790 448 1838 liberos
471 1792 715 1839 Choniates
729 1828 740 1847 ,
763 1794 1057 1840 incommode
1081 1795 1221 1850 tacuit
1242 1795 1436 1842 Michael
1458 1796 1725 1850 Choniates‚
1753 1813 1860 1843 cum
1879 1797 2114 1844 Michaelis
2136 1806 2179 1843 et
2204 1791 2423 1843 Iohannis
2443 1799 2530 1844 Be-
2583 1820 2585 1823 ⁴

274 1868 837 1916 lissariotarumssfratrum
871 1870 1032 1917 laudes
1067 1871 1184 1917 adeo
1216 1872 1432 1933 ampliter
1472 1875 1925 1921 commemoraverit.
1962 1876 2133 1921 Verum
2166 1875 2367 1935 Byzantii
2398 1873 2528 1920 clade

273 1945 458 1992 afflictis
480 1947 759 1995 Graecorum
787 1946 954 2002 rebus,
982 1956 1028 1994 et
1061 1948 1186 1994 illius
1211 1947 1404 1995 aedibus
1428 1949 1754 2011 pulcherrimis
1788 1942 1925 2013 atque
1956 1953 2250 2014 amplissimis
2283 1953 2331 1997 in
2362 1953 2528 2014 Spora-

272 2007 348 2070 cio
376 2024 475 2069 sitis
508 2023 725 2070 incendio
750 2022 1026 2087 absumptis,
1055 2025 1161 2072 licet
1187 2026 1245 2073 ad
1279 2026 1404 2079 illius
1433 2027 1749 2075 habitaculum
1783 2023 2298 2092 porticibus'obsitum‚
2327 2028 2527 2090 ideoque

270 2099 528 2146 obscurum
559 2109 607 2147 et
641 2100 770 2148 aditu
801 2101 1016 2154 difficile,
1052 2117 1109 2148 ex
1141 2117 1240 2164 quo
1271 2112 1427 2150 tamen
1457 2114 1753 2167 opportunus
1784 2115 1883 2152 erat
1920 2106 1978 2151 ad
2005 2107 2272 2168 proximum
2301 2106 2527 2167 templum

256 2178 526 2223 'maximum
553 2192 781 2232 accessus,
811 2177 1122 2232 confluerent:
1149 2191 1256 2227 cum
1282 2179 1342 2227 ab
1370 2183 1662 2243 aggressione
1693 2183 1917 2237 militum,
1945 2184 2026 2244 qui
2057 2183 2171 2228 nihil
2201 2183 2525 2243 investigatum

217 2285 224 2286 ff
274 2254 624 2316 relinquebant,
653 2271 752 2302 sese
783 2256 1031 2304 defendere
1063 2273 1157 2305 non
1189 2259 1421 2314 valerent,
1448 2275 1539 2322 ope
1573 2261 1813 2307 cuiusdam
1842 2263 2020 2315 veneti,
2047 2262 2120 2307 cui
2154 2261 2327 2306 victum
2350 2269 2525 2306 tutum-

273 2349 368 2394 que
399 2343 636 2396 receptum
671 2335 770 2396 ipse
801 2333 1154 2397 suppeditabat,
1192 2336 1332 2383 armis
1363 2346 1410 2383 et
1442 2337 1630 2383 militari
1671 2337 1835 2385 habitu
1871 2353 1959 2401 pro
1990 2339 2268 2385 mercatorio
2301 2338 2521 2399 sumptis,
2563 2388 2569 2391 ,

269 2410 571 2473 praedatores
601 2410 888 2473 aliquamdiu
910 2412 1092 2459 fortiter
1116 2412 1299 2459 aedium
1322 2415 1530 2475 ingressu
1560 2415 1742 2477 depulsi
1774 2424 1907 2469 sunt,
1936 2416 2051 2461 dnm
2080 2431 2128 2462 se
2163 2415 2523 2478 commilitonem

270 2503 464 2542 eorum,
491 2497 538 2534 et
569 2488 704 2534 aedes
731 2488 838 2535 illas
870 2505 1229 2552 praeoccupasse
1253 2492 1461 2545 simulat,
1487 2492 1863 2554 colloquiturque
1892 2509 1999 2539 cum
2032 2493 2123 2538 illis
2157 2493 2305 2554 patria
2338 2492 2520 2553 lingua,

273 2579 394 2626 quae
426 2581 504 2611 res
532 2564 814 2626 postulabat.
854 2566 944 2612 Sed
979 2582 1109 2621 cum,
1135 2567 1228 2614 illis
1254 2570 1522 2615 catervatim
1550 2568 1856 2622 irruentibus,
1882 2578 1936 2615 et.
1956 2569 2220 2615 inhumanis
2251 2569 2524 2630 atque'effe-

273 2643 385 2688 ratis
412 2643 630 2704 ingeniis,
657 2643 870 2689 resistere
900 2659 996 2690 non
1029 2653 1207 2707 posset,
1241 2645 1428 2692 tandem
1463 2647 1647 2693 Nicetae
1683 2655 1842 2692 auctor
1878 2646 1965 2692 fuit
1999 2646 2107 2693 inde
2142 2646 2433 2700 discedendi,
2467 2662 2523 2691 ne

271 2720 396 2780 capti
431 2719 479 2764 in
511 2719 695 2764 vincula
730 2720 816 2781 ipsi
850 2721 1211 2776 coniicerentur‘,
1240 2722 1459 2768 mulieres
1492 2723 1551 2769 ad
1585 2732 1770 2785 stupra,
1799 2732 1842 2769 et
1869 2723 2088 2770 libidines
2112 2732 2401 2786 raperentur.
2436 2725 2523 2768 Ve-

274 2805 383 2843 neto
416 2797 571 2857 itaque
604 2795 746 2849 duce,
779 2804 825 2841 et
856 2804 906 2842 ut
940 2797 1160 2858 praedam
1195 2814 1339 2857 suam¹
1361 2801 1630 2854 comitante,
1665 2801 1817 2846 tristes
1849 2809 1893 2846 et
1927 2801 2047 2846 male
2080 2801 2230 2846 vestiti
2267 2799 2324 2845 ad
2359 2799 2517 2851 aedes,

272 2872 353 2920 ubi
379 2874 477 2919 noti
510 2872 603 2918 illis
622 2873 775 2919 veneti
799 2872 1092 2927 habitabant,
1119 2873 1423 2940 ducebantur.
1460 2877 1631 2922 Verum
1666 2876 1746 2923 ubi
1776 2877 1836 2923 ad
1869 2886 2047 2938 partem
2075 2875 2203 2922 urbis
2228 2876 2413 2921 Francis
2439 2875 2521 2920 ad-

272 2951 499 3012 signatam
533 2965 786 3011 pervenere
803 2984 815 3002 ,
845 2965 869 2996 a
897 2949 1082 2996 famulis
1105 2951 1418 2998 inhumaniter
1441 2952 1633 3007 deserti,
1661 2952 1817 2999 liberis
1850 2954 1928 3014 qui
1958 2953 2168 2998 nondum
2191 2951 2410 3014 progredi
2434 2966 2520 3013 po-

270 3037 423 3075 terant
457 3027 663 3073 humeris
694 3027 950 3088 impositis,
977 3042 1062 3089 per
1087 3027 1266 3074 medios
1290 3029 1416 3075 vicos
1444 3029 1658 3075 incedere
1683 3037 1915 3090 coguntur
1926 3050 1942 3083 ,·
1966 3029 2244 3090 tandemque
2274 3027 2518 3091 postquam

255 3106 370 3161 ¹dies
396 3106 602 3168 quinque
627 3103 818 3150 in·urhe
838 3105 1112 3151 commorati
1138 3104 1319 3151 fuerant
1333 3141 1344 3157 ,
1366 3104 1630 3152 discessere.
1652 3106 1964 3153 Calamitatem
1984 3105 2180 3168 augebat
2204 3106 2302 3169 dies
2327 3121 2486 3168 aspera
2504 3140 2514 3158 ‚

267 3192 317 3230 et
349 3198 466 3229 uxor
488 3182 670 3228 Nicetae
695 3182 846 3242 partui
869 3181 1041 3227 vicina:
1071 3189 1117 3227 et
1146 3188 1197 3226 ut
1230 3182 1384 3228 omnia
1406 3183 1774 3244 perquirentium
1807 3182 2007 3229 militum
2040 3181 2358 3228 crudelitatem
2383 3191 2519 3243 atque

270 3258 516 3305 libid-inem
551 3257 838 3319 effugerent,
875 3259 1155 3320 quicumque
1195 3267 1292 3304 tum
1326 3259 1374 3304 in
1412 3275 1559 3305 unum
1598 3267 1943 3313 convenerant,
1978 3259 2196 3309 mulieres
2229 3259 2278 3304 in
2313 3258 2518 3310 medium

271 3350 434 3397 agmen
468 3337 723 3398 recipiunt,
751 3343 795 3381 et
821 3335 1184 3382 adolescentulas
1209 3335 1368 3382 faciem
1391 3351 1538 3382 coeno
1563 3335 1744 3383 illinere
1759 3370 1770 3390 ,
1799 3344 1936 3398 atque
1959 3336 2021 3382 ita
2046 3350 2270 3398 genarum
2295 3333 2514 3382 ruborem

270 3414 538 3474 extinguere
570 3411 749 3458 iubent.
777 3413 836 3459 Ut
861 3413 920 3459 ad
948 3413 1107 3474 inclyti
1132 3413 1349 3474 martyris
1374 3413 1509 3460 Mocii
1534 3413 1761 3475 templum
1787 3428 1982 3468 venere,
2009 3412 2213 3460 insolens
2243 3428 2296 3460 ac
2317 3412 2518 3460 nefarius

268 3489 463 3551 quidam
496 3489 629 3536 miles
651 3490 857 3551 puellam
880 3489 1156 3543 formosam,
1187 3489 1351 3535 iudicis
1374 3488 1612 3535 cuiusdam
1645 3487 1812 3544 filiam,
1840 3505 1867 3536 e
1899 3489 2056 3537 medio
2086 3505 2250 3537 eorum
2280 3497 2516 3560 tamquam

267 3565 412 3628 lupus
444 3581 609 3628 agnam
641 3565 862 3629 abripuit.
900 3567 1210 3613 Consternatis
1242 3565 1504 3637 spectaculo
1535 3565 1723 3622 ceteri5‚
1757 3566 1939 3630 puellae
1966 3575 2098 3631 pater
2120 3568 2247 3614 senio
2276 3576 2320 3614 et
2347 3564 2515 3614 morbo

270 3642 491 3695 afflictus,
518 3651 564 3689 et
587 3647 636 3689 in
659 3659 857 3694 coenum
883 3644 1150 3706 prolapsus,
1178 3643 1344 3691 crebro
1366 3634 1572 3690 Nicetam
1595 3658 1758 3699 orare,
1785 3652 1838 3691 ut
1867 3660 1956 3707 pro
1978 3645 2102 3692 wirili
2133 3644 2192 3691 ad
2218 3644 2419 3708 puellam
2443 3660 2514 3690 re—

268 3719 582 3780 cuperandam
618 3719 706 3766 sibi
741 3729 859 3767 esset
892 3720 1176 3767 adiumento.
1213 3720 1297 3767 llle
1330 3721 1519 3783 vestigia
1547 3712 1757 3783 raptoris
1779 3736 2082 3784 persequens,
2107 3724 2204 3769 vim
2227 3722 2393 3769 factam
2418 3736 2511 3767 non

269 3794 367 3840 sine
389 3793 605 3856 lacrymis
630 3795 946 3858 proclamanS,
971 3805 1018 3844 et
1040 3795 1243 3859 gestibus
1266 3811 1404 3859 opem
1428 3796 1819 3860 praetereuntium
1843 3798 2043 3846 militum
2067 3797 2346 3863 imploranS,
2374 3812 2512 3859 quos·
2537 3787 2548 3801 '
