2970 4420
1220 280 1276 313 na
1310 274 1572 310 maonoius.
2466 263 2527 305 77

262 380 462 435 tagoras
482 379 648 415 autem
668 364 864 412 disertis
887 364 1038 412 verbis
1061 364 1304 429 scripserit
1320 364 1419 411 t'de
1442 363 1537 410 diis
1560 373 1744 418 autem,
1776 375 1924 422 neque
1950 374 2016 405 an
2041 359 2158 410 sint,
2189 376 2336 423 neque
2369 362 2533 423 quales

261 446 381 499 sint,
406 460 602 508 possum
625 442 806 495 dicere3
833 442 990 488 multa
1021 442 1148 488 enim
1174 453 1310 492 sunt,
1338 455 1461 504 quae
1488 456 1562 486 me
1586 436 1857 504 prohibent.
1896 436 2027 498 Opus
2053 435 2144 483 hoc
2166 436 2399 484 Theodori
2422 439 2532 484 citat

261 521 499 570 Arnobius
531 519 616 567 lib.
645 521 721 566 lv.
761 518 866 582 (ed.
895 520 1044 581 Lugd.
1072 520 1230 566 Batav.
1258 535 1307 581 p.
1341 517 1485 579 147.)
1521 518 1777 563 Possumus
1807 512 2000 576 quidem
2035 511 2122 558 hoe
2155 512 2205 558 in
2237 513 2337 559 loco
2373 531 2532 560 omnes

267 600 408 650 istos,
445 597 580 644 nobis
612 612 729 659 quos
764 593 1017 647 inducitis,
1054 607 1199 658 atque
1230 593 1488 659 appellatis
1524 593 1658 650 deos,
1693 590 1905 638 homines
1934 589 2096 652 fuisse
2135 601 2427 641 monstrare,
2467 594 2538 638 rel

264 675 576 740 agrigentino
598 675 825 720 Evemero
856 673 1107 736 replicato,
1136 672 1271 718 euius
1303 671 1484 717 libellos
1511 670 1720 720 Ennius,
1749 669 1936 715 clarum
1958 678 2010 713 ut
2025 667 2176 729 fieret
2199 666 2406 717 cunetis,
2435 684 2532 713 ser-

234 805 238 808 *
266 769 453 800 monem
484 752 535 797 in
561 751 734 797 italum
767 750 1040 796 transtulit.-
1069 751 1140 796 vel
1164 749 1413 812 Nicagora
1437 747 1629 812 cyprio,
1662 747 1734 793 vel
1750 747 1935 810 pellaeo
1961 746 2158 795 Leonte,
2191 745 2263 791 vel
2292 746 2539 808 cyrenensi

267 830 531 879 Theodoro.
563 829 636 876 vel
664 828 888 891 Hippone
920 844 980 873 ao
1010 827 1232 891 Diagora
1267 825 1446 876 meliis,
1478 826 1549 871 vel
1575 824 1851 872 auctoribus
1880 821 1995 869 aliis
2027 822 2174 868 mille.
2295 815 2301 825 i

397 908 587 954 Sectarii
619 906 741 957 eiuS,
772 904 1024 951 Theodorii
1058 905 1168 950 dicti
1204 911 1334 955 sunt,
1363 910 1406 948 et
1435 903 1534 949 eius
1568 911 1741 949 sectam
1775 888 2090 963 θεοὸὤρειαν
2125 899 2311 946 vocavit
2340 898 2534 951 Strabo,

266 1001 408 1047 quam
435 985 574 1030 etiam
599 991 822 1029 sectatum
848 982 988 1028 fuisse
1012 983 1204 1028 Bionem
1229 980 1624 1042 borysthenitem‚
1652 987 1808 1026 narrat
1831 978 2041 1024 Laertius
2064 979 2111 1023 in
2135 978 2279 1023 Bione
2305 977 2405 1039 (lv.
2429 977 2536 1038 52.)

262 1051 376 1106 ’.Eni
412 1051 479 1105 τὰ
513 1047 806 1122 θεοὸώρεια
839 1045 1094 1120 μετῆλθε,
1125 1045 1405 1108 διακούσας
1444 1045 1717 1120 Θεοδώρου
1752 1046 1848 1099 τοῦ
1882 1043 2080 1106 ἀθέου,
2107 1040 2233 1097 nessei
2263 1044 2361 1099 πᾶν
2399 1040 2537 1104 εἶδος

268 1128 444 1202 λόγου
476 1125 877 1194 σοφιστεύοντος.
912 1136 1117 1181 Demum
1147 1150 1252 1180 vero
1275 1151 1323 1180 se
1351 1134 1420 1179 ad
1441 1133 1691 1179 theodoria
1725 1131 2002 1183 transtulit,
2037 1129 2267 1177 Theodori
2287 1129 2422 1176 athei
2451 1146 2541 1176 au-

267 1215 502 1261 ditorium
521 1214 870 1276 frequentans,
899 1211 986 1281 qui
1016 1211 1150 1257 omni
1179 1210 1415 1256 orationis
1448 1227 1619 1273 genere
1645 1209 1720 1256 uti
1750 1209 1932 1255 solebat
1965 1209 2015 1254 in
2044 1204 2260 1254 dicendo,
2298 1207 2540 1270 Sophisma

269 1293 492 1341 adversus
519 1292 722 1338 eundem
745 1289 1056 1353 Hipparchiae
1088 1289 1213 1351 apud
1240 1289 1591 1350 Lysimachum,
1619 1296 1663 1333 et
1689 1288 1897 1335 eiusdem
1924 1295 1970 1333 et
1995 1286 2254 1333 eorundem
2282 1294 2442 1332 mutua
2469 1286 2540 1332 di—

269 1381 368 1424 cta,
404 1370 576 1416 videsis
610 1368 734 1431 apud
769 1368 1005 1414 Laertium
1037 1368 1086 1412 in
1121 1366 1433 1428 Hipparchia‚
1472 1365 1660 1410 Suidam
1700 1366 1747 1410 in
1784 1363 2025 1410 vocabulis
2049 1350 2218 1426 ”Ηρα,
2252 1371 2299 1409 et
2327 1353 2540 1427 Ἱπωαρὲ

270 1443 396 1507 χιά,
430 1457 477 1494 et
507 1447 720 1493 laertiani
753 1445 846 1491 loci
878 1459 1071 1491 examen
1105 1452 1243 1505 atque
1271 1442 1643 1489 emendationem
1676 1442 1801 1502 apud
1829 1441 2129 1488 Theodorum
2157 1441 2403 1487 Canterum
2434 1455 2533 1485 var.

272 1527 379 1573 lect.
407 1525 493 1572 lib.
522 1526 559 1571 1.
589 1540 691 1586 cap.
722 1526 769 1571 6.

400 1604 505 1658 Quo
540 1602 636 1648 leto
669 1601 882 1664 perierit,
918 1616 1071 1662 neque
1109 1598 1245 1646 nobis
1270 1599 1412 1651 alius,
1448 1614 1601 1660 neque
1631 1599 1840 1644 Laertius
1871 1598 1970 1660 ipse
2003 1606 2182 1643 certum
2215 1596 2392 1659 aliquid
2426 1612 2539 1658 pro-

271 1680 508 1726 nunciavit
542 1678 633 1741 (1),
661 1678 742 1740 qui
776 1685 933 1723 narrat
969 1676 1084 1739 (lib.
1112 1677 1171 1722 11.
1198 1675 1350 1738 103.)
1383 1691 1491 1722 eum
1523 1675 1718 1721 demum
1753 1675 1980 1736 Cyrenem
2011 1674 2313 1736 profectum„
2332 1681 2379 1719 et
2413 1673 2538 1735 apud

270 1757 469 1802 Marium
498 1756 642 1800 vitam
676 1761 915 1815 agentem,
944 1753 992 1798 in
1015 1767 1201 1798 summo
1226 1753 1378 1814 pretio
1405 1759 1544 1813 atque
1573 1751 1757 1797 honore
1791 1750 2004 1797 habitum
2035 1751 2198 1805 fuisse;
2225 1765 2281 1796 ex
2304 1752 2396 1811 qua
2421 1747 2539 1795 urbe

272 1849 378 1879 cum
410 1834 615 1895 primum
652 1832 923 1882 eiiceretur,
956 1846 1053 1876 non
1087 1829 1279 1892 illepide
1313 1829 1432 1875 illud
1467 1830 1636 1875 dixisse
1671 1829 1846 1875 fertur:
1886 1818 2049 1878 κακῶς
2084 1816 2322 1879 «ποιεῖτε,
2358 1814 2538 1888 ἄνδρες

275 1901 541 1974 κυρηναῖοι
562 1942 574 1962 ,
607 1899 661 1952 ἔκ
693 1898 782 1959 wig
809 1895 1008 1961 Λιβύης
1040 1897 1088 1956 ἐς
1117 1895 1204 1953 τὴν
1230 1893 1479 1950 “Ελλα’ὃα
1510 1919 1572 1968 με
1611 1892 1934 1969 ἐξορίζονὛες.
1970 1905 2077 1950 Νοη
2100 1915 2223 1950 recte
2243 1902 2423 1965 sac-itis
2446 1902 2540 1949 viri

273 1987 529 2050 Cyrenaei,
558 1986 643 2049 qui
662 2002 738 2030 me
761 2002 825 2030 ex
848 1983 1004 2048 Libya
1029 1983 1080 2029 in
1105 1983 1384 2034 Graeciam,
1414 1985 1607 2029 exulem
1631 1983 1800 2047 agitis.
1829 1982 1966 2037 Quod
1990 1982 2167 2028 dictum
2190 1982 2420 2026 Henricus
2441 1981 2541 2026 Ste-

270 2064 455 2127 phanus
477 2065 526 2109 in
549 2063 771 2125 epistola,
797 2070 939 2123 quam
962 2060 1178 2123 praefixit
1201 2077 1310 2107 suae
1334 2061 1526 2107 editioni
1550 2061 1610 2106 ad
1631 2061 1800 2106 Laertii
1824 2060 2080 2111 studiosos,
2107 2073 2378 2121 persuasum
2399 2055 2541 2102 habet

271 2157 372 2187 esse
403 2141 740 2203 depravatum,
774 2147 820 2185 et
853 2141 1049 2200 gratiam
1082 2139 1316 2191 amittere,
1344 2147 1391 2184 et
1425 2137 1650 2200 frigidum
1683 2154 1805 2185 esse:
1839 2137 2040 2199 ideoque
2075 2126 2238 2186 κακῶς
2273 2136 2322 2180 in
2355 2143 2541 2180 contra-

270 2219 394 2264 rium
430 2207 601 2268 καλῶς
635 2215 914 2262 mutandum
949 2231 1048 2262 esse
1085 2214 1364 2270 arbitratur,
1397 2223 1446 2261 et
1478 2216 1526 2261 in
1564 2217 1664 2262 eius
1701 2215 2086 2277 interpretatione
2119 2211 2385 2265 substituit,
2419 2223 2540 2256 reete

261 2294 464 2358 facitis:
492 2310 644 2357 neque
667 2295 792 2340 enim
826 2292 1002 2354 alioqui
1027 2302 1183 2356 posset
1208 2293 1300 2339 dici
1327 2292 1502 2341 habere
1533 2293 1654 2340 illud
1688 2287 1865 2356 χαρίεν
1882 2324 1894 2344 ,
1929 2300 1982 2338 ut
2007 2299 2142 2337 vocat
2165 2290 2390 2336 Laertius.
2427 2289 2541 2335 Am-

272 2373 504 2437 phicrates
530 2381 684 2419 tamen
709 2372 759 2417 in
783 2370 908 2417 libro
932 2371 994 2417 de
1020 2372 1132 2417 siris
1159 2370 1422 2435 illustribus
1452 2380 1632 2425 narrat,
1660 2371 1796 2418 illum
1819 2371 2091 2417 damnatum
2116 2369 2312 2415 cicutam
2342 2366 2537 2420 bibisse,
2603 2411 2608 2414 ,

269 2468 298 2498 a
332 2463 428 2512 quo
451 2466 549 2496 non
573 2450 760 2496 videtur
786 2449 1031 2495 dissentire
1053 2449 1319 2495 Athenaeus
1349 2449 1695 2512 dipnosophist.
1723 2450 1846 2495 Xlll.
1877 2463 1980 2510 cap.
2009 2449 2056 2493 9.
2083 2462 2140 2493 ex
2163 2444 2537 2492 Chamaeleonte.

273 2517 498 2579 Εἰκότως
536 2513 621 2572 οὖν
655 2515 854 2570 πολλαὶ
894 2516 991 2568 τῶν
1027 2514 1269 2578 «πόλεων,
1298 2515 1387 2569 καὶ
1426 2515 1662 2586 μα’λιστα
1698 2516 1723 2573 ἦ
1761 2512 2205 2586 Λακεδαιμονίων,
2238 2513 2304 2574 ὦς
2338 2516 2540 2583 Χαμαι-

270 2593 407 2648 λέων
446 2593 680 2657 φησὶνὲέν
713 2594 786 2666 τῷ
819 2590 929 2664 περὶ
969 2591 1288 2664 Σιμωνίδου,
1325 2594 1382 2645 ου’
1419 2592 1712 2666 προσίενται
1753 2590 1867 2646 οὔτε
1905 2590 2201 2666 ῥητορικὴν,
2239 2587 2354 2643 οὔτε
2392 2598 2540 2653 φιλο-

272 2676 487 2736 σοφίαν,
526 2668 615 2722 Sui
649 2668 740 2731 τοὶς
779 2670 826 2724 ἐν
861 2669 972 2730 τοῖς
1008 2669 1198 2743 λόγοις
1236 2670 1373 2741 ὑμῶν
1411 2675 1717 2742 φιλοτιμίας
1753 2669 1834 2730 καὶ
1877 2666 2084 2741 ἔριδας,
2121 2665 2202 2720 καὶ
2242 2662 2360 2726 τούς
2396 2665 2538 2719 ἀκαί-

270 2771 393 2820 ρους
426 2746 699 2815 ε’λεΤχους,
734 2743 805 2798 δι’
839 2741 925 2806 οὓς
953 2744 1228 2818 Σωκράτης
1262 2745 1352 2815 μὲν
1382 2745 1655 2809 ἀπέθανεν,
1686 2747 1709 2799 ὁ
1739 2746 1863 2820 πρὸς
1890 2745 2008 2806 τούς
2045 2745 2115 2806 εἷς
2143 2742 2209 2797 τοὶ
2243 2740 2537 2814 ὃικασὟῆρια

271 2822 742 2897 διακληρουμένους
779 2820 1138 2892 διαλεΓόμενος
1174 2824 1283 2896 περὶ
1319 2823 1415 2875 τοῦ
1448 2822 1681 2885 δικαίου,
1710 2820 2102 2882 κλεπτισΎείτους
2133 2818 2287 2880 ἔν’Τας
2321 2816 2534 2872 ἀπέθανε

269 2900 330 2954 δὲ
363 2898 451 2954 ὃιοὶ
478 2901 649 2954 ταῦτα
678 2898 760 2953 καὶ
795 2895 1064 2972 Θεόδωρος
1093 2899 1117 2951 o‘
1151 2897 1330 2961 ἄθεος,
1360 2899 1444 2952 καὶ
1479 2899 1734 2972 ΔιαΓόρας
1765 2896 2106 2963 ε’φυΓαδεύθη,
2138 2894 2218 2950 ὅτε
2255 2894 2338 2948 καὶ
2368 2893 2535 2949 πλέων

275 2982 500 3051 ναυαγίῳ
539 2975 811 3049 ἐχρήσατο.
847 2986 955 3031 Νοη
991 3000 1106 3047 ergo
1144 2985 1230 3030 abs
1264 3001 1315 3030 re
1351 2986 1611 3047 est,rquod
1642 2984 1859 3032 civitates
1891 2985 2101 3033 multae,
2137 2981 2536 3028 Lacedaemonio-

267 3081 380 3111 rum
404 3063 715 3128 praesertim,
748 3074 802 3108 ut
836 3062 887 3107 in
920 3077 1058 3125 opere
1085 3061 1144 3106 de
1170 3061 1414 3106 Simonide
1440 3061 1513 3107 ait
1549 3060 1881 3111 Chamaeleon,
1912 3078 1998 3106 nee
2022 3059 2285 3106 rhetoricen
2317 3074 2402 3103 nec·
2425 3057 2536 3121 phi-

270 3140 538 3205 losophiam
571 3139 860 3189 admittant,
891 3139 948 3184 ob
981 3150 1158 3203 vestras
1193 3137 1244 3182 in
1276 3137 1586 3200 disceptando
1619 3137 1902 3183 ambitiones
1925 3149 1970 3182 et
1997 3136 2160 3186 rixas,
2191 3148 2334 3199 atque
2358 3134 2536 3199 impor-

273 3232 416 3266 tunas
447 3217 848 3282 reprehensiones,
879 3216 937 3263 ob
970 3232 1090 3278 quas
1123 3217 1340 3262 Socrates
1365 3215 1537 3278 periit,
1567 3232 1675 3260 eum
1702 3215 1836 3279 apud
1868 3215 2047 3260 iudices
2071 3225 2195 3259 sorte
2220 3213 2359 3259 datos
2381 3213 2536 3275 sura-

266 3296 485 3342 cissimos
522 3295 734 3341 homines
773 3294 831 3340 de
870 3294 993 3340 iusto
1029 3292 1341 3339 disseruisset.
1382 3292 1450 3338 Ob
1488 3293 1688 3337 eandem
1729 3308 1924 3338 eausam
1958 3309 1984 3336 e
2021 3291 2177 3336 medio
2213 3290 2430 3336 sublatus
2467 3302 2533 3335 est

277 3371 541 3419 Theodorus
574 3371 763 3422 atheas,
792 3371 1034 3434 exilioque
1060 3370 1321 3426 damnatus
1339 3385 1398 3415 ac·
1413 3368 1710 3432 proscriptus
1736 3369 2002 3432 Diagoras,
2027 3367 2112 3430 qui
2134 3367 2183 3415 in
2194 3367 2331 3430 suga
2353 3378 2534 3412 tentato

272 3449 404 3495 mari
433 3449 754 3512 naufragium
779 3465 953 3512 passus
983 3459 1050 3494 est
1086 3447 1167 3510 (2).

402 3528 478 3574 lv.
516 3528 718 3582 Quartus
750 3535 842 3579 est,
869 3526 950 3586 qui
985 3512 1297 3580 φωνασκικὸν
1332 3524 1618 3585 composuit,
1653 3511 1890 3585 τέταρὛος
1921 3509 1982 3566 οὗ
2007 3511 2064 3566 τὸ
2100 3510 2414 3578 φωνασκικὸν
2449 3510 2531 3575 φέ-

271 3615 413 3666 ρεται
450 3598 663 3675 βιβλίον
690 3591 951 3665 πώμαλον.
989 3602 1199 3656 Quartus
1231 3611 1320 3649 est.
1351 3600 1485 3645 ouius
1506 3599 1676 3661 fertur
1707 3600 1894 3647 libellus
1928 3600 1986 3646 de
2020 3600 2144 3647 vocis
2166 3598 2528 3646 exercitatione.

361 3735 409 3776 (ι)
431 3736 623 3770 Atttamen
641 3733 856 3770 Athenaeus
881 3733 950 3770 lib.
967 3733 1071 3769 XIV.
1091 3730 1149 3768 ed.
1167 3732 1250 3768 cas.
1269 3741 1304 3778 p.
1325 3735 1406 3767 618.
1426 3731 1586 3768 violenta
1611 3737 1728 3769 morte
1746 3731 1881 3770 obiisse
1906 3732 2008 3770 hunc
2026 3732 2183 3780 impium
2203 3730 2438 3768 Theodorum
2458 3730 2526 3766 ait:

270 3791 427 3828 ἀπέθανε
455 3795 488 3828 δὲ
514 3795 574 3829 καί
601 3795 707 3836 αὐτός
735 3795 752 3830 o‘
777 3795 947 3837 Θεόδωρος
975 3794 1116 3840 ὕστερον
1144 3793 1242 3838 βιαίῳ
1268 3791 1415 3838 θανάτῳ.
1441 3789 1486 3827 Α.
1513 3793 1565 3827 Μ.

360 3855 409 3895 (2)
434 3852 477 3888 In
502 3853 841 3900 Schweighaeuseri
866 3852 1028 3891 editione
1054 3854 1096 3889 T.
1125 3853 1167 3888 V.
1197 3862 1233 3900 p.
1257 3855 1338 3890 212.
1366 3851 1506 3890 variare
1530 3842 1762 3901 aliQuantum
1788 3851 1891 3889 video
1918 3852 1983 3889 lat.
2015 3852 2264 3901 interpretem.
2294 3854 2335 3888 Α.
2366 3852 2416 3887 Μ.
