2970 4420
547 313 2247 526 Quouasaffiffiaaau

994 536 1647 625 mamimus
1711 565 1776 619 1.

814 723 914 768 DE
970 722 1476 770 NICETARUM
1533 721 1946 769 SCRIPTIS.

385 1058 422 1105 1.
462 1009 709 1105 Primum
732 1058 888 1105 locum
913 1066 1109 1121 occupet
1131 1057 1312 1105 Nicetas
1336 1051 1664 1118 syracusanus,
1691 1057 1750 1104 de
1773 1074 1869 1120 quo
1892 1072 1988 1104 non
2012 1056 2138 1104 aliud
2164 1057 2338 1112 dicam,
2364 1074 2506 1122 quam

253 1137 387 1200 quod
420 1136 480 1183 de
513 1151 571 1183 eo
604 1137 763 1183 Cicero
799 1136 1048 1183 academie.
1076 1143 1256 1197 quaest.
1285 1133 1370 1180 lib.
1399 1135 1457 1180 ll.
1488 1136 1567 1181 39.
1596 1136 1791 1182 Nicetas
1814 1151 2160 1200 syracusanus,
2190 1147 2243 1181 ut
2267 1136 2340 1181 ait
2367 1135 2508 1183 Theo-

250 1213 505 1277 phrastus‚
533 1213 744 1264 caelum,
772 1207 940 1264 solem,
970 1213 1160 1262 lunam,
1188 1211 1373 1262 stellas,
1404 1228 1576 1275 supera
1611 1212 1811 1275 denique
1843 1212 2030 1264 omnia,
2061 1224 2190 1258 stare
2222 1224 2399 1258 censet:
2426 1231 2506 1259 ne-

253 1308 345 1354 que
365 1303 560 1355 praeter
583 1303 786 1342 terram,
810 1306 910 1336 rem
931 1290 1082 1336 ullam
1106 1289 1158 1335 in
1182 1289 1360 1334 mundo
1383 1289 1584 1342 moveri,·
1606 1306 1727 1352 quae
1751 1307 1859 1336 cum
1880 1280 2059 1336 circum
2082 1305 2226 1335 axem
2250 1306 2299 1335 se
2318 1306 2506 1336 summa.

255 1364 498 1415 eeleritate
525 1379 769 1415 convertat
800 1379 846 1413 et
869 1374 1111 1430 torqueat,
1140 1367 1306 1412 eadem
1328 1366 1450 1427 effici
1472 1366 1659 1418 omnia,
1682 1367 1830 1435 ‘quasi
1855 1380 2009 1413 stante
2038 1379 2168 1413 terra
2200 1366 2384 1413 caelum
2406 1384 2507 1413 mo-

252 1458 457 1493 veretur.
501 1448 652 1508 Atque
688 1443 776 1490 hoc
816 1444 964 1490 etiam
1007 1444 1252 1490 Platonem
1293 1443 1343 1488 in
1388 1442 1577 1489 Timaeo
1618 1443 1773 1489 dicere
1812 1444 2010 1506 quidam
2055 1443 2359 1490 arbitrantur
2375 1481 2387 1494 ,
2425 1445 2509 1490 sed

251 1523 400 1585 paulo
435 1521 695 1568 obscurius.

382 1635 441 1688 11.
477 1642 659 1688 Nicetas
685 1639 901 1702 Hybreae
926 1649 972 1687 et
994 1639 1242 1687 Theodoro
1270 1639 1498 1701 aequalis,
1528 1637 1616 1685 sub
1638 1639 1890 1686 Octaviano
1919 1641 2107 1687 Caesare
2138 1649 2244 1687 ante
2274 1641 2507 1688 Christum

254 1726 417 1764 natum
441 1717 573 1763 annis
597 1719 658 1763 29
675 1751 686 1771 ,
714 1718 795 1779 qui
818 1717 957 1763 fuerit
981 1718 1218 1764 Octaviani
1242 1716 1533 1763 undecimus.
1561 1717 1668 1762 Eius
1690 1716 1866 1762 mentio
1888 1715 2086 1762 habetur
2109 1717 2232 1778 apud
2257 1715 2506 1763 Eusebium

253 1796 302 1842 in
327 1795 548 1841 chronico
573 1787 753 1856 olymp.
786 1795 894 1840 187.
922 1793 1142 1844 Nicetas,
1175 1805 1221 1838 et
1252 1793 1497 1856 Hybreas,
1533 1804 1578 1838 et
1614 1795 1651 1839 T
1648 1792 1902 1843 heodorus‚
1938 1805 1983 1838 et
2007 1791 2189 1844 Plutia,
2224 1793 2510 1840 nobilissimi

252 1871 376 1918 artis
409 1869 673 1918 rhetoricae
709 1870 877 1935 graeci
904 1882 1232 1935 praeceptores
1267 1869 1520 1917 habentur.
1556 1872 1613 1917 Et
1646 1870 2014 1932 frequentissime
2050 1871 2174 1933 apud
2209 1873 2424 1918 Senecam
2460 1873 2507 1918 in

251 1958 468 1997 controv.
496 1957 543 1995 et
564 1949 860 2010 potissimum
886 1947 971 1994 lib.
991 1949 1070 1994 IX.
1093 1957 1306 1995 controv.
1329 1948 1511 1994 ultima.
1538 1947 1732 1993 Nicetas
1754 1947 1942 2011 egregie
1965 1947 2095 1993 dixit
2121 1947 2171 1993 in
2196 1948 2356 1994 eodem
2379 1949 2503 1998 loco,

250 2027 308 2073 Et
335 2033 550 2073 controv.
578 2027 627 2071 2.
664 2025 762 2071 Nec
794 2024 943 2076 Iulio,
972 2041 1057 2071 nec
1085 2024 1179 2071 alii
1204 2023 1459 2088 contigisse
1487 2041 1594 2076 suo,
1626 2014 1734 2087 (alii
1761 2023 1995 2070 scribunt:
2021 2041 2105 2070 nec
2130 2024 2282 2076 Vibio,
2313 2041 2396 2071 nec
2418 2025 2510 2071 alii

249 2102 506 2167 contigisse
537 2101 664 2162 scio)
700 2117 846 2165 quam
877 2102 1012 2166 apud
1045 2102 1248 2149 Graecos
1281 2101 1501 2154 Nicetae‚
1531 2102 1667 2166 apud
1695 2103 1931 2148 Romanos
1964 2102 2187 2152 Latroni,
2218 2114 2270 2148 ut
2302 2117 2333 2147 a
2362 2101 2506 2147 disci-

244 2178 378 2243 pulis
405 2195 500 2226 non
523 2177 692 2224 audiri
716 2177 1058 2225 desiderarent.
1096 2179 1244 2234 Quem
1268 2187 1399 2225 notat
1423 2179 1642 2226 Nicolaus
1672 2178 1820 2226 Faber
1849 2194 1946 2224 non
1970 2194 2068 2225 esse
2102 2178 2396 2225 Sacerdotem
2426 2179 2507 2225 Ni·-

209 2294 214 2295 .
251 2265 399 2304 cetam
433 2271 757 2318 Smyrnaeum,
783 2265 830 2302 et
861 2271 973 2304 vere
1006 2265 1138 2303 notat
1166 2255 1331 2314 inlib.
1359 2258 1395 2302 1.
1426 2265 1642 2303 controv.
1670 2257 1717 2302 lt.
1753 2256 1811 2303 ad
1837 2256 1916 2302 illa
1947 2255 2091 2303 verba
2123 2258 2342 2303 Senecae:
2368 2255 2506 2301 Nice-

250 2345 328 2379 tas
362 2333 500 2379 illam
532 2332 817 2378 sententiam
849 2344 939 2378 etc.
975 2333 1084 2379 Non
1119 2333 1198 2379 ille
1227 2332 1484 2384 Sacerdos,
1518 2349 1656 2395 quem
1678 2334 1913 2396 Smyrnae
1937 2332 2120 2383 docere,
2150 2350 2256 2378 cum
2286 2318 2506 2379 scriberet
2558 2375 2562 2377 .

250 2408 502 2473 dialogum
525 2409 583 2455 de
610 2409 901 2460 oratoribus,
931 2409 1004 2455 ait
1033 2408 1250 2463 Tacitus,·
1276 2421 1412 2455 aetas
1434 2409 1560 2455 enim
1585 2426 1679 2455 non
1697 2409 1915 2474 patitur‚·
1942 2409 2026 2456 sed
2051 2409 2090 2455 is
2114 2427 2251 2472 quem
2274 2426 2420 2474 supra
2443 2428 2506 2456 eoe

250 2480 454 2532 Eusebio
486 2485 734 2549 aequalem
766 2484 1011 2550 Hybreae,
1047 2498 1093 2532 et
1126 2484 1362 2533 Theodoro
1397 2486 1637 2538 dioeimus,
1674 2504 1788 2550 quos
1819 2499 2004 2533 constat
2041 2487 2180 2533 initio
2203 2487 2506 2552 principatus

251 2564 459 2628 Augusti
487 2563 686 2610 celebres
706 2563 885 2626 fuisse.
922 2565 1075 2610 Iustus
1100 2565 1281 2626 Lipsius
1314 2565 1359 2610 in
1395 2565 1518 2611 notis
1553 2565 1610 2611 ad
1644 2565 1885 2627 dialogum
1917 2566 2082 2619 Taciti,
2109 2581 2256 2612 unum
2280 2581 2385 2611 cum
2413 2565 2506 2610 alio

222 2641 226 2647 ’
251 2639 523 2694 confundit,
551 2656 658 2687 cum
691 2656 743 2687 ea
767 2656 887 2703 quae
911 2643 1110 2688 Senecae
1143 2650 1274 2695 sunt,
1311 2642 1370 2687 ad
1398 2642 1524 2688 hunc
1547 2643 1778 2688 iuniorem
1808 2643 2013 2689 Nicetam
2042 2652 2088 2694 et
2116 2643 2435 2695 Sacerdotem,
2461 2650 2506 2688 et

252 2716 312 2762 de
342 2731 439 2778 quo
473 2717 654 2762 Tacitus
690 2733 956 2763 sermonem
989 2716 1155 2772 habet,
1188 2717 1374 2764 referat.
1411 2719 1468 2764 Et
1502 2719 1641 2780 plane
1675 2727 1796 2765 aetas
1829 2718 2070 2781 utriusque
2097 2720 2146 2765 id
2177 2719 2393 2783 prohibet
2426 2735 2506 2764 ex-

253 2809 427 2855 presse.
467 2793 556 2848 Qui
592 2794 717 2839 enim
746 2792 847 2839 fieri
880 2802 1057 2860 potest,
1094 2802 1144 2839 ut
1177 2795 1259 2856 qui
1295 2796 1428 2841 initio
1468 2796 1733 2863 dominatus
1764 2796 1959 2858 Augusti
1988 2812 2154 2858 magna
2195 2798 2264 2842 sui
2305 2797 2508 2841 nominis

251 2870 375 2916 fama
405 2870 527 2916 inter
551 2868 890 2921 declamatores
917 2868 1254 2931 praecellebat,
1283 2871 1522 2917 audiretur
1555 2887 1580 2917 a
1612 2872 1762 2918 Plinio
1788 2881 1832 2918 et
1857 2872 2042 2918 Tacito?
2076 2873 2226 2926 Quare
2251 2871 2503 2917 necessario

250 2948 339 2994 erit
372 2946 506 2993 alius.

380 3066 460 3111 ΙΙΙ.
497 3065 679 3111 Nicetas
703 3064 928 3111 Sacerdos
952 3079 1244 3127 smyrnaeus,
1272 3065 1332 3111 de
1357 3082 1453 3128 quo
1478 3066 1812 3122 Quintilianus,
1841 3069 1936 3113 sive
1959 3067 2136 3113 Tacitus
2159 3068 2208 3112 in
2233 3066 2421 3128 dialogo
2445 3067 2503 3113 de

251 3142 518 3190 oratoribus
548 3158 651 3204 cap.
686 3143 761 3189 15.
799 3144 864 3188 Et
894 3142 1026 3205 quod
1053 3142 1338 3206 quibusdam
1369 3143 1540 3188 solatio
1561 3155 1653 3194 est,
1682 3142 1805 3189 mihi
1836 3156 1980 3207 auget
2014 3143 2356 3206 quaestionem,
2386 3145 2503 3206 quia

252 3219 385 3266 video
409 3220 557 3266 etiam
584 3219 744 3266 Graiis
768 3219 1020 3271 accidisse,
1044 3232 1097 3266 ut
1126 3219 1314 3285 longius
1338 3220 1461 3266 absit
1486 3219 1734 3272 Aeschine,
1761 3233 1804 3266 et
1830 3219 2139 3266 Demosthene
2162 3221 2391 3267 Sacerdos
2416 3221 2503 3267 iste

251 3296 470 3347 Nicetas,
504 3308 549 3342 et
581 3296 625 3347 si
652 3296 758 3359 quis
781 3296 908 3343 alius
932 3295 1194 3360 Ephesum,
1231 3297 1301 3343 vel
1326 3297 1604 3360 Mytilenas,
1635 3308 1876 3342 contentus
1907 3296 2294 3343 scholasticorum
2323 3298 2501 3343 clamo-

252 3372 384 3419 ribus
408 3372 596 3435 .quatit,
630 3389 775 3436 quam
799 3374 938 3436 Aser,
967 3385 1055 3419 aut
1085 3373 1365 3434 Africanus,
1397 3385 1483 3419 aut
1513 3390 1589 3419 vos
1619 3373 1713 3437 ipsi
1743 3389 1775 3419 a
1811 3373 2029 3434 Cicerone
2052 3385 2138 3419 aut
2161 3374 2325 3420 Asinio
2356 3391 2503 3422 reces-

250 3450 395 3496 sistis.
425 3450 478 3496 In
499 3466 640 3512 quem
663 3451 815 3497 locum
842 3452 1045 3514 Lipsius:
1075 3450 1146 3496 ita
1170 3449 1436 3500 emendavi,
1466 3466 1588 3500 vere,
1612 3461 1656 3494 et
1684 3439 1940 3510 εὐστόχως
1959 3482 1970 3503 ,
1996 3466 2101 3496 cum
2127 3449 2178 3496 in
2201 3451 2336 3498 libris
2359 3464 2498 3498 esset:

251 3526 476 3573 Sacerdos
497 3527 583 3573 iste
609 3528 768 3574 enitet.
795 3527 990 3573 Nicetas
1017 3527 1247 3573 Sacerdos
1271 3526 1564 3572 declamator
1585 3525 1755 3571 nobilis
1780 3543 1832 3572 eo
1854 3522 1964 3589 quo.
2001 3528 2173 3574 Plinius
2196 3527 2320 3575 libro
2344 3531 2419 3576 Vl.
2449 3532 2496 3575 6.

253 3603 554 3664 epistolarum
568 3638 579 3657 ,
602 3603 782 3650 audisse
808 3619 914 3650 eum
935 3604 1122 3649 fatetur.
1155 3604 1273 3648 Erat
1296 3619 1389 3648 non
1414 3602 1677 3648 studiorum
1696 3614 1884 3651 tantum
1905 3603 1988 3650 sed
2010 3604 2330 3651 studiosorum
2353 3605 2500 3650 etiam

252 3679 632 3730 amantissimus,
663 3695 722 3725 ac
743 3696 890 3743 prope
920 3679 1132 3743 quotidie
1159 3679 1227 3724 ad
1261 3678 1542 3729 audiendos,
1573 3695 1688 3740 quos
1710 3669 1822 3725 tunc
1845 3696 1932 3744 ego
1950 3681 2327 3744 frequentabam
2352 3680 2500 3736 Quin-

252 3753 503 3807 tilianum,
534 3768 578 3802 et
601 3756 902 3810 Sacerdotem
927 3757 1171 3807 Nicetam,
1201 3755 1480 3803 ventitabat.
1518 3757 1650 3802 Extat
1674 3757 1936 3804 Philostrati
1958 3758 2120 3818 lemnii
2149 3759 2207 3805 de
2232 3759 2322 3805 hoc
2342 3760 2499 3805 Niceta

252 3830 300 3875 in
334 3831 440 3878 vitis
471 3832 784 3894 sophistarum
814 3833 1042 3895 elogium,
1070 3833 1129 3879 de
1153 3848 1249 3895 quo
1272 3833 1484 3880 Pithaeus
1509 3847 1594 3880 nos
1617 3835 1823 3889 monuit,
1849 3837 1947 3898 ipse
1968 3837 2174 3882 monitus
2200 3851 2225 3882 a
2249 3836 2494 3882 Nauclero.

2247 3925 2262 3955 1
