2970 4420
2413 260 2509 307 445

350 346 409 384 De
431 343 568 385 Niceta
590 342 851 390 Maroniensi,
880 341 1172 385 :thessalonicae
1191 347 1332 394 postea
1355 345 1668 394 archiepiscopo,
1691 343 1877 382 nonnulla
1902 346 2120 383 testimonia
2147 349 2326 386 recitavit
2351 347 2523 386 Allatius

258 407 301 442 in
319 403 499 446 diatriba
521 415 562 442 n.
586 407 640 442 Χ.
665 404 743 442 Sed
764 406 946 442 notitiam
972 404 1102 442 adhuc
1126 404 1326 442 cumulare
1350 405 1492 453 placet.
1521 405 1631 442 Vixit
1656 403 1721 441 hic
1746 403 1970 441 duodecimo
1994 403 2169 450 saeculo,
2192 407 2407 455 imperante
2433 410 2524 445 Em-

256 463 431 502 manuele
455 466 666 509 comneno,
683 473 756 510 quo
779 465 950 511 tempore
965 464 1166 512 florebant
1186 462 1518 512 Constantinopoli
1533 462 1664 500 stadia
1678 463 1916 513 praesertim
1938 461 2162 509 theoloqica.
2183 463 2242 500 Ibi
2263 467 2389 502 noster
2404 465 2525 503 italus

255 526 367 572 Huyo
385 525 595 569 Eterianus
611 534 690 572 pro
709 523 890 571 doqmate
907 524 957 562 de
972 526 1144 572 Spiritus
1161 525 1289 561 sancti
1312 525 1431 561 etiam
1450 534 1476 560 a
1495 523 1592 560 Filio
1610 524 1854 572 processione
1877 523 2026 570 eqreqie
2049 521 2273 560 decertavit.
2299 527 2370 561 Ait
2385 527 2525 574 quippe

256 583 299 619 in
322 581 484 619 exordio
508 581 697 619 librorum
722 593 880 620 suoram
903 583 952 620 de
967 586 1036 631 Sp.
1055 585 1095 621 S.
1116 597 1133 615 n
1135 581 1484 639 Constantinopoli
1500 593 1587 619 cum
1604 592 1742 628 essem,
1758 582 1965 619 accersitas
1982 591 2067 618 sum
2081 581 2328 619 consulendus
2344 594 2369 619 a
2384 594 2524 631 maquo

258 656 276 673 ι»
303 643 419 688 atque
436 651 525 688 ουρ
543 643 638 690 imp.
660 641 931 688 Emmanuele,
951 644 1130 680 utrumne
1146 643 1277 679 Latini
1287 640 1457 690 aliquas
1476 643 1696 678 sanctorum
1719 639 1908 686 haberent
1922 641 2196 685 auctoritates,
2217 650 2315 686 quae
2337 641 2534 688 Spiritum

258 717 275 733 υ
301 703 478 739 sanctum
509 712 559 738 ex
591 701 690 738 Filio
720 712 800 738 esse
830 703 1100 739 asseverarent
1129 703 1200 738 etc.
1228 716 1246 733 υ
1272 702 1477 748 Scripsisse
1504 703 1636 738 autem
1654 701 1748 748 post
1774 699 1897 736 editos
1920 711 1946 736 a
1967 701 2107 738 Niceta
2135 699 2184 736 de
2208 699 2430 757 doqmatica
2453 700 2526 738 illa

254 762 475 808 quaestione
498 760 693 808 diciamus,
713 763 829 809 patet
849 763 942 808 quia
961 762 1071 809 ano
1095 762 1235 808 quater
1256 759 1395 797 saltem
1419 761 1646 798 nominatim
1669 761 1772 796 inter
1795 759 2040 797 adversarios
2063 759 2241 807 appellat
2264 752 2436 809 nostrum
2459 763 2525 798 Ni-

227 842 234 845 -
254 822 400 866 cetam,
416 830 552 868 nempe
577 820 642 856 lib.
663 824 713 858 ll.
733 824 769 858 6.
792 824 857 866 10,
874 820 940 857 lib.
956 823 1026 859 111.
1049 824 1107 857 11.
1126 822 1167 857 et
1185 823 1240 857 18.
1269 821 1322 856 Et
1343 819 1494 866 quidem
1512 821 1710 866 postremo
1733 818 1816 856 loco
1834 818 1895 855 his
1917 818 2063 856 verbis.-
2084 833 2102 850 α
2118 822 2205 856 Iam
2219 819 2445 856 veniendum
2473 823 2530 857 est

257 893 274 911 υ
302 878 358 916 ad
381 882 567 917 curiosas.
571 882 901 933 perscrutationes
918 882 1078 918 Nicetae
1095 878 1293 928 praesulis
1316 877 1724 925 Thessalonicensium,
1743 879 1792 916 de
1809 881 2052 927 processione
2074 880 2200 915 sancti
2219 880 2408 926 Spiritus,
2430 890 2528 926 quae

257 953 274 969 ι»
301 938 545 986 approbatae
567 940 779 976 sententiae
801 950 877 976 non
899 941 975 976 rite
999 940 1248 976 consentiant.
1268 953 1285 971 ι·
1306 940 1439 986 Perqit
1460 949 1546 986 cap.
1564 949 1641 985 seq.
1667 941 1778 986 Huyo
1802 935 1972 984 referens
1993 935 2108 984 atque
2124 936 2300 984 refictans
2319 937 2438 974 verba
2461 940 2528 976 Ni·

254 998 376 1033 cetae.
401 999 616 1045 Supersunt
639 1000 771 1046 itaque
793 998 908 1035 leuitas
931 997 1206 1036 lucubrationis
1229 997 1530 1037 seaeadmodum
1551 997 1703 1044 prolixi
1727 997 1875 1045 dialoqi
1897 999 1939 1034 in
1962 996 2092 1034 codice
2119 998 2200 1033 vat.
2225 999 2340 1038 ’1115;
2365 998 2529 1043 spissum

253 1066 369 1104 opus,
387 1058 533 1104 inqenii
555 1059 754 1103 acumine,
779 1060 820 1095 et
839 1057 1042 1095 verborum
1066 1058 1200 1105 copia,
1223 1068 1300 1094 non
1321 1058 1402 1093 sine
1425 1059 1620 1093 venustate
1643 1056 1887 1101 redundans,
1913 1058 1955 1093 in
1977 1066 2050 1103 qao
2074 1056 2300 1104 doqmatica
2324 1056 2420 1092 haec
2436 1060 2528 1095 Vco'n-

252 1116 450 1152 troversia
472 1117 632 1152 summis
655 1116 801 1153 viribus
825 1116 1015 1153 evolvitur
1038 1127 1087 1153 ac
1109 1115 1345 1161 ventilatur,
1370 1126 1468 1163 quae
1494 1117 1742 1152 oecumenicis
1769 1115 1924 1152 demum
1952 1115 2118 1152 decretis
2147 1114 2308 1162 definita
2327 1113 2426 1161 fuit.
2455 1117 2529 1161 Qui

254 1184 347 1222 erqo
377 1178 574 1222 Huqonem
601 1177 742 1212 merito
772 1177 1010 1223 suspiciunt,
1038 1177 1069 1212 ii
1100 1177 1275 1214 Nicetam
1304 1185 1450 1222 quoque
1478 1177 1524 1212 ut
1548 1175 1724 1212 arbitror
1750 1174 2035 1212 desiderabunt.
2067 1174 2159 1213 Nos
2178 1177 2308 1211 tamen
2329 1177 2528 1222 prooemio

253 1235 358 1280 eius,
382 1235 541 1271 interim
567 1233 730 1280 saltem,
755 1236 923 1272 contenti
951 1236 1117 1280 erimus,
1144 1234 1246 1282 quod
1276 1235 1391 1271 totius
1414 1236 1542 1283 operis
1567 1234 1718 1271 brevem
1742 1236 1951 1281 imaginem
1981 1234 2162 1280 esclzibet;
2185 1235 2300 1282 idque
2324 1236 2443 1271 etiam
2468 1234 2526 1271 la-

255 1294 341 1330 tina
365 1296 467 1330 veste
489 1294 703 1331 induemus.

257 1395 411 1432 Domini
429 1395 864 1450 Nicetaeflmaroniensis,
877 1396 942 1446 qui
959 1397 1032 1435 fuit
1047 1397 1283 1435 beatissimus
1301 1408 1358 1435 ar-

324 1453 585 1502 chiepiscopus
611 1455 916 1502 Thessalonicae,
941 1461 979 1494 et
1005 1467 1161 1504 magnae
1185 1457 1275 1494 olim
1300 1467 1358 1494 ec-

327 1513 461 1552 clesiae
476 1515 761 1564 chartophylax,
778 1517 1008 1564 prooemium
1026 1516 1258 1564 dialogorum
1277 1516 1357 1554 eius

323 1571 370 1610 de
392 1573 555 1621 Spiritus
578 1573 696 1611 sancti
723 1576 974 1623 processione3
1001 1587 1161 1624 quorum
1186 1580 1276 1613 sunt
1299 1576 1357 1613 in-

322 1633 567 1672 terlocutores
590 1634 755 1672 Graecus
778 1640 816 1672 et
837 1636 1009 1674 Latinus.

255 1749 396 1831 Libri
409 1787 545 1826 scopus
571 1782 628 1815 est
649 1777 860 1827 disquisitio
883 1783 924 1816 et
946 1778 1148 1827 disputatio
1171 1778 1217 1817 de
1241 1779 1354 1827 spiri-

255 1842 315 1875 tus
326 1839 451 1875 sancti
467 1838 720 1886 processione,
735 1849 779 1876 ac
793 1838 930 1876 solutio
945 1839 1046 1885 eius,
1062 1850 1157 1887 quae
1172 1839 1270 1876 inter
1285 1850 1354 1877 nos

253 1896 481 1946 Latinosque
504 1901 582 1948 est,
602 1897 855 1945 ambiguitatis
879 1897 926 1935 de
949 1897 1021 1935 hac
1044 1898 1279 1946 quaestione,
1305 1898 1353 1936 ob

251 1955 542 2004 extinguendum
558 1956 670 2004 ›quod
688 1957 778 1994 hinc
799 1962 952 1994 enatum
971 1962 1028 1994 est
1047 1957 1219 2004 utrisque
1244 1956 1354 1994 disci-

252 2015 371 2053 dium.
398 2016 555 2062 Forma,
581 2015 719 2062 dialogi
749 2021 829 2060 est;
854 2020 984 2063 utpote
1009 2015 1212 2053 subtilitati
1238 2027 1352 2064 quae·

253 2073 438 2120 stionum,
462 2074 628 2111 acutiore
650 2066 917 2122 disceptatione
941 2073 1210 2121 indigentium,
1233 2075 1353 2112 multo

252 2133 462 2181 aptissima,
482 2138 520 2171 et
536 2133 868 2171 ecclesiasticorum
887 2132 1104 2181 dogmatum
1119 2134 1353 2172 ventilationi

251 2192 598 2231 convenientissima
613 2221 624 2239 ‚
656 2198 768 2241 atque
792 2192 1035 2230 inveniendae
1062 2194 1231 2240 veritati,
1256 2194 1370 2231 inter*

251 2251 404 2299 eosqui
423 2251 580 2289 minime
595 2251 763 2289 cavillari
778 2252 929 2297 volunt,
948 2252 1148 2290 utilissima
1167 2254 1352 2301 apprime-

160 2305 164 2311 '
188 2340 190 2342 ,
249 2320 324 2358 que
354 2310 572 2347 necessaria.
607 2311 731 2358 Quare
765 2315 808 2364 et·
834 2321 1054 2358 magnorum
1087 2312 1352 2360 magistrorum

250 2369 424 2406 nonnulli
447 2368 521 2406 hoc
542 2369 819 2407 sermocinandi
844 2379 978 2418 genere
994 2371 1053 2408 usi
1076 2377 1176 2408 sunt.
1202 2371 1352 2419 Dialogi

251 2437 337 2465 vero
352 2438 531 2476 personae
543 2434 633 2465 sunt
644 2429 801 2466 Latinus
817 2434 854 2466 et
865 2429 1042 2467 Graecus.
1058 2431 1202 2467 Horum
1216 2432 1352 2468 utrius-

255 2497 330 2535 que
365 2487 483 2524 oratio
521 2487 619 2535 paris
650 2487 824 2536 ponderis
857 2489 1067 2536 viriumque
1098 2489 1349 2537 confingitur;

251 2551 401 2594 propter
424 2547 649 2594 propositam
669 2557 804 2595 nempe
829 2548 1043 2594 materiam,
1060 2548 1146 2596 quia
1171 2560 1229 2586 res
1254 2561 1350 2587 non-

251 2603 343 2642 dum
369 2605 460 2642 satis
486 2605 598 2642 fuerit
626 2617 825 2654 perpensa,
850 2617 971 2654 neque
998 2607 1176 2657 synodico
1203 2608 1350 2647 decreto

251 2663 396 2710 decisa3
416 2669 530 2712 atque
553 2664 601 2702 ob
624 2664 666 2702 id
682 2676 758 2702 non
782 2665 861 2703 leve
882 2665 1006 2703 adhuc
1027 2666 1142 2704 robur
1161 2668 1351 2716 utrimque

250 2723 421 2760 retineat.
438 2725 485 2760 Et
498 2723 656 2760 Latinus
671 2723 823 2771 quidem
839 2735 940 2762 more
956 2735 1044 2770 suo,
1060 2736 1138 2763 non
1158 2727 1294 2773 patitur
1310 2737 1350 2765 se

251 2782 370 2820 videri
394 2783 623 2830 argumentis
645 2782 804 2828 vietum;
823 2777 890 2821 sed
912 2785 1066 2822 omnino
1090 2787 1257 2833 superior
1271 2797 1351 2825 esse

250 2842 348 2880 vult:
367 2847 405 2879 et
417 2841 615 2890 siquando
630 2843 664 2880 ei
678 2843 828 2880 victoria
844 2854 920 2880 non
938 2850 995 2881 est
1010 2844 1152 2890 facilis,
1173 2846 1350 2884 cervicem

250 2901 371 2938 nihilo
401 2901 525 2939 minus
549 2901 678 2949 erigit,
704 2907 742 2939 et
771 2913 857 2939 cum
887 2902 985 2940 fastu
1017 2903 1202 2951 loquitur,
1228 2905 1347 2942 abun·

226 2959 388 3008 xdatque
419 2960 636 2998 ambitiosae
665 2960 845 2998 orationis
874 2962 1119 3000 ostentatione
1133 2991 1144 3010 ,
1173 2974 1222 3000 ne
1254 2963 1350 3002 forte

251 3021 393 3058 Graeco
417 3021 620 3067 sapientiae
643 3021 805 3068 palmam
827 3020 956 3059 cedere
981 3021 1158 3060 videatur.
1185 3023 1349 3061 Graecus

251 3079 445 3128 posthinc,
462 3085 506 3116 ut
534 3079 734 3118 modestiae
760 3091 849 3118 suae
874 3082 1061 3128 specimen
1085 3082 1190 3130 edat,
1218 3089 1349 3130 sponte

250 3138 370 3181 multa
393 3133 583 3184 concedit,
605 3144 642 3176 et
666 3140 812 3177 mitiore
833 3145 957 3177 mente
981 3151 1026 3178 ac
1048 3141 1188 3178 iudicio
1212 3153 1349 3180 sermo·

249 3208 335 3235 nem
352 3208 463 3235 suum
490 3197 722 3243 moderatum
738 3198 935 3236 ostendens
949 3200 1090 3238 scilicet
1105 3211 1144 3238 se
1161 3212 1237 3239 non
1262 3213 1350 3239 eon-

252 3256 431 3311 tendendi
447 3257 512 3295 sed
528 3258 716 3295 veritatem
733 3258 934 3306 quaerendi
949 3259 1073 3297 studio
1098 3259 1204 3306 duci;
1221 3272 1349 3299 navos·

250 3327 325 3365 que
346 3317 518 3354 imitatur
534 3317 784 3365 palaestritas,
802 3318 868 3365 qui
885 3328 924 3355 se
942 3319 1155 3357 simulando
1171 3320 1210 3357 in
1226 3331 1348 3368 genua

250 3369 511 3423 procumbere,
532 3377 607 3412 iam
632 3376 780 3424 iamque
798 3386 967 3423 casuros,
991 3377 1217 3416 adversarios
1242 3390 1349 3427 saepe

250 3434 435 3479 vicerunt,
458 3446 570 3484 seque
595 3435 812 3473 constrictos
836 3435 1032 3484 fingendo,
1052 3437 1137 3475 illos
1155 3438 1278 3486 potius
1296 3439 1347 3476 ir-

250 3494 453 3532 retiverunt
468 3506 511 3532 ac
528 3494 810 3533 subverterunt
822 3495 893 3533 Sed
909 3497 1074 3544 apprime
1093 3499 1348 3546 unusquisque

250 3554 400 3601 propria
424 3555 574 3602 exponit
597 3561 835 3603 argumenta;
854 3556 1017 3593 Graecus
1040 3556 1182 3593 scilicet
1205 3556 1251 3594 ad
1282 3557 1347 3594 ab·

252 3611 411 3650 surdum
437 3614 659 3662 compellere
674 3614 806 3651 nititur
827 3614 952 3651 Latini
968 3614 1194 3660 orationem3
1215 3615 1348 3653 multa-

253 3682 326 3721 que
350 3672 597 3712 absurdorum
620 3673 856 3723 apparentia,
873 3673 1071 3712 absurdam
1097 3673 1348 3713 demonstrare

1429 1402 1607 1448 Προοίμιον
1629 1403 1689 1435 τῶν
1711 1401 1923 1435 διαλεκτικῶν
1948 1399 2054 1447 λόγων
2080 1400 2142 1434 τοῦ
2163 1398 2419 1449 μακαριωτάτου
2442 1401 2531 1452 Θεσ-

1503 1459 1704 1504 σαλονίκης,
1725 1462 1782 1497 καί
1804 1460 1982 1508 γεγονότος
2001 1461 2268 1508 χαρτοφύλακος
2289 1462 2349 1501 τῆς
2369 1459 2528 1508 μεγάλης

1504 1522 1712 1566 ἐκκλησίας,
1738 1525 1839 1571 κυροό
1864 1523 1997 1561 Naxi-toz
2029 1525 2090 1557 τοῦ
2117 1520 2332 1570 Μαρωνείας,
2359 1524 2418 1556 τῶν
2451 1522 2527 1570 περὶ

1500 1585 1560 1625 τῆς
1585 1583 1811 1631 ἔκπορεύσεως
1833 1585 1893 1618 τοῦ
1915 1583 2016 1631 ἁγίου
2043 1581 2305 1631 πνεύματος”;ὦν
2332 1584 2376 1618 τοὶ
2396 1582 2528 1631 ’πρόσω-

1502 1659 1554 1681 πα
1577 1646 1717 1693 γραικός
1743 1645 1802 1680 καί
1826 1648 1974 1686 λατῖνος.

1443 1755 1497 1816 O
1520 1779 1585 1827 μὲν
1611 1781 1740 1821 σκοπὸς
1774 1781 1837 1815 τοῦ
1865 1778 1970 1827 λόγου
1998 1777 2187 1827 συζῆτησις
2215 1780 2273 1814 καὶ
2308 1779 2525 1822 συνεξέτασις

1425 1843 1502 1891 περὶ
1534 1844 1595 1883 τῆς
1627 1844 1688 1876 τοῦ
1718 1840 1818 1888 αἷγιίου
1854 1839 2042 1887 πνεύματος
2074 1839 2395 1888 ε’κπορεύσεως·-και“
2426 1839 2525 1881 λύσις

1425 1907 1486 1946 τῆς
1509 1904 1615 1952 μέσον
1647 1903 1738 1950 η’μῶν
1763 1902 1822 1938 καί
1857 1905 1918 1937 τῶν
1950 1900 2087 1936 λατίνων
2120 1900 2332 1949 ἀμφιβολίας
2360 1902 2436 1949 περὶ
2465 1904 2524 1937 τοῦ

1425 1966 1576 2001 τοιούτου
1599 1964 1816 2013 ζητήματος,
1836 1963 1919 2012 πρὸς
1939 1963 2108 2010 ἀναίρεσιν
2128 1963 2290 2012 ἁφορῶσα
2310 1969 2370 2014 τῆς
2390 1964 2427 1999 ἐκ
2450 1965 2524 2000 τού-

1425 2042 1483 2063 του
1510 2026 1690 2075 γενομένης
1716 2026 1843 2075 ἀμφοῖν
1870 2028 2089 2067 διαστάσεως·
2109 2026 2127 2062 o‘
2153 2026 2189 2061 δέ
2208 2028 2392 2075 χαρακτήρ
2412 2030 2525 2062 διαλο-

1424 2090 1539 2140 γικός,
1560 2089 1690 2137 πρέπων
1715 2091 1759 2136 τῇ
1780 2087 1993 2135 λεπτολογίᾳ
2012 2090 2072 2123 τῶν
2093 2089 2251 2135 δεομένων
2276 2088 2522 2139 ἀκριβεστέρας

1424 2149 1624 2197 συσκέψεως
1650 2149 1870 2197 ζητημάτων,
1891 2150 1948 2184 καί
1974 2150 2134 2198 μάλιστα
2157 2152 2202 2198 τῇ
2224 2152 2301 2199 περὶ
2323 2154 2381 2186 τῶν
2402 2150 2523 2191 ε’κκλη-

1425 2214 1606 2248 σιαστικῶν
1632 2211 1805 2259 δογμάτων
1831 2211 2046 2255 συνεξετάσει
2072 2213 2340 2260 ἁρμοδιώτατος,
2362 2214 2420 2249 και1
2441 2214 2523 2261 πρὸς

1425 2273 1553 2321 εὕρεσιν
1578 2275 1638 2315 τῆς
1664 2271 1834 2314 α’ληθείας
1855 2275 1926 2314 τοῖς
1951 2274 2000 2320 μή
2023 2271 2142 2320 ἐρίζειν
2163 2273 2322 2310 ἐθέλουσι
2345 2275 2524 2324 χρησιμώ-

1424 2350 1526 2377 τατος
1552 2336 1609 2371 καὶ
1637 2333 1918 2382 ἀναγκαιότατος·
1940 2334 1991 2369 διό
2015 2335 2075 2370 καί
2100 2338 2159 2370 τῶν
2183 2335 2339 2383 μεγάλων
2365 2337 2524 2372 διδασκά-

1422 2400 1486 2433 λων
1512 2398 1597 2438 τινὲς
1623 2399 1666 2443 τῷ
1693 2396 1828 2443 τοιούτῳ
1859 2396 1939 2432 εἴδει
1965 2399 2028 2432 τοῦ
2053 2396 2157 2444 λόγου
2183 2397 2385 2446 ἐχρήσαντο.
2409 2401 2461 2434 Τὰ
2486 2401 2521 2435 δὲ

1423 2462 1484 2495 τοῦ
1508 2460 1668 2506 διαλόγου
1694 2460 1876 2508 πρόσωπα,
1897 2460 1916 2494 ό
1939 2461 2076 2501 λατῖνος
2098 2460 2160 2495 ’καὶ
2187 2461 2206 2496 ὁ
2235 2461 2383 2508 γραικός·
2405 2461 2521 2498 ἑκατέ-

1422 2535 1482 2569 ρων
1498 2523 1537 2557 Αδὲ
1559 2521 1679 2556 τούτων
1700 2521 1718 2556 o‘
1739 2520 1859 2568 λόγος,
1876 2521 2048 2562 ι’σοπαλη’ς
2065 2536 2101 2556 τε
2119 2522 2177 2557 καὶ
2194 2522 2396 2571 ι’σοδύναμος
2414 2525 2523 2560 πλάτ-

1423 2593 1529 2619 τεται·
1551 2584 1590 2619 τό
1614 2583 1676 2631 μέν
1702 2583 1761 2618 καί
1783 2584 1840 2618 διοὶ
1863 2584 1923 2622 τήν
1948 2582 2166 2630 ὑποκειμένην
2186 2583 2269 2622 ὅλην
2296 2585 2338 2626 ὦς
2359 2588 2419 2627 τῆς
2439 2587 2520 2622 zizo-

1422 2644 1549 2686 θέσεως
1573 2645 1673 2692 μήπω
1706 2645 1863 2694 πρότερον
1897 2644 2146 2688 ἐξετασθείσης
2179 2646 2215 2680 τὲ
2241 2647 2300 2682 καί
2325 2646 2520 2694 τμηθείσης

1423 2709 1617 2749 συνοδικῶς,
1636 2705 1818 2751 κᾷντεῦθεν
1839 2705 1990 2754 ἐχούσης
2010 2705 2112 2754 ἰσχύν
2133 2707 2172 2742 ού
2191 2708 2322 2756 μικροὶνΥ
2337 2708 2377 2750 ἐξ
2402 2699 2520 2744 ἑκατέζ

1422 2783 1480 2816 ρων
1506 2771 1620 2816 μερῶν·
1642 2769 1680 2803 τό
1702 2768 1737 2803 δέ
1757 2767 1808 2803 ἔτι
1834 2768 1892 2802 καὶ
1919 2770 1979 2803 τοῦ
2004 2767 2111 2809 ἤθους
2133 2767 2206 2803 ἔστι
2232 2770 2293 2803 τοῦ
2310 2769 2454 2804 Λατίνου
2478 2771 2516 2805 τό

1420 2832 1470 2878 μή
1495 2828 1686 2877 ἀνέχεσθαι
1709 2830 1763 2864 τόν
1783 2828 1910 2879 ἥττονα
1927 2829 2030 2877 λόγον
2051 2829 2143 2877 ἔχειν
2170 2832 2294 2874 δοκεῖν,
2314 2820 2407 2865 ἄλλα
2426 2835 2517 2876 νικᾷν

1421 2889 1491 2927 οἷον
1516 2890 1698 2939 ἐφίεσθαι,
1718 2891 1777 2926 καῖ
1802 2889 1835 2926 ἐν
1862 2888 1914 2932 οἷς
1939 2891 1998 2926 οὐκ
2024 2890 2115 2926 ἔστιν
2138 2891 2276 2940 εὐχερὲς
2302 2893 2389 2938 αὐτῷ
2409 2894 2447 2928 τό
2473 2907 2518 2929 νι-

1421 2956 1498 2999 κᾷν,
1523 2954 1581 2989 κατ’
1610 2953 1816 3000 ὑψαυχενεῖν
1843 2953 1988 3000 ὥσπερεὶ
2014 2955 2059 2998 τῷ
2082 2951 2172 3000 λόγῳ
2197 2953 2432 3001 γαυρούμενον·
2458 2955 2516 2990 καί

1422 3016 1471 3051 ὅτι
1498 3013 1652 3063 περιττός
1681 3014 1758 3049 ἐστι
1789 3014 1832 3048 τοὶ
1861 3013 1896 3055 ἐς
1926 3013 2052 3061 λόγους
2087 3014 2362 3062 φιλοτιμούμενον
2393 3014 2518 3050 ἐπιδεί-

1422 3077 1566 3113 κνυσθαι
1585 3077 1656 3124 (1),
1674 3075 1730 3110 ἵνα
1744 3063 2063 3122 μῆ.οἰπολει’πεσθαι
2081 3077 2172 3111 κατοὶ
2191 3076 2314 3124 σοφίαν
2332 3076 2437 3121 δόξειε
2458 3080 2519 3113 τοῦ

1420 3141 1570 3186 γραικοῦ·
1596 3138 1634 3173 τό
1667 3138 1700 3172 δὲ
1730 3136 1780 3173 ὅτι
1806 3138 1866 3172 καί
1894 3137 1911 3172 o‘
1939 3137 2078 3184 γραικός
2105 3135 2206 3178 αὖθις
2235 3140 2274 3172 δι’
2300 3137 2432 3182 ἔνδειξιν
2456 3155 2517 3188 με-

1421 3199 1659 3249 τριοφροσύνης
1693 3199 1772 3235 ἑκών
1805 3198 1937 3246 ὑφίεται
1969 3199 2014 3233 τοὶ
2043 3199 2173 3241 πολλοὶ,
2200 3200 2258 3234 καί
2286 3196 2531 3250 ἐπιεικεστέρα

1421 3262 1575 3311 φρονήσει
1601 3262 1658 3296 καὶ
1692 3260 1799 3309 κρίσει
1831 3261 1910 3301 τούς
1941 3260 2065 3307 λόγους
2092 3259 2278 3309 οἰκονομῶν·
2304 3263 2370 3297 καὶ.
2391 3264 2515 3306 δεικνύς

1420 3325 1462 3366 ὦς
1490 3325 1528 3360 ού
1555 3325 1638 3373 πρὸς
1671 3323 1737 3372 ἔριν
1764 3322 1854 3368 αὐτῷ
1881 3327 1897 3357 ὀ
1926 3322 2048 3370 λόγος,
2074 3322 2168 3357 ἀλλά,
2191 3324 2274 3372 πρὸς
2302 3323 2465 3363 ἀλήθειαν
2492 3326 2515 3364 ἦ

1420 3387 1562 3426 σπουδή·
1581 3389 1738 3434 μιμεῖται
1765 3386 1799 3420 δέ
1826 3385 1886 3420 καί
1911 3386 1988 3426 τούς
2014 3385 2091 3433 περὶ
2117 3386 2179 3426 τοὶς
2205 3387 2424 3435 παλαίστρας
2453 3390 2516 3423 δει-

1419 3448 1512 3490 νούς,
1537 3444 1571 3482 οἲ
1596 3447 1674 3488 τούς
1698 3445 1903 3487 ἀντιπάλους
1928 3446 2152 3494 προσχήματι
2187 3450 2245 3481 τοῦ
2273 3446 2426 3495 ὀκλάζειν
2456 3450 2516 3484 καί

1418 3509 1555 3557 μέλλειν
1581 3507 1659 3543 ὅσον
1684 3507 1748 3547 ἤδη
1773 3509 1998 3551 καταπεσεῖν,
2018 3507 2183 3550 πολλάκις
2205 3507 2369 3548 ἐνίκησαν·
2392 3511 2449 3545 καὶ
2476 3511 2516 3546 τό

1419 3570 1695 3619 συμποδισθῆναι
1722 3570 1983 3626 πλιιισσιιίμενοι,Δ
2002 3573 2134 3618 μᾶλλον
2159 3570 2302 3613 ἐκείνους
2335 3572 2517 3612 συνεπόδη-

1420 3647 1482 3668 σαν
1516 3633 1574 3668 καὶ
1605 3632 1807 3675 κατέβαλον·
1836 3633 1923 3672 πλήν
1952 3633 1985 3668 ἐν
2014 3633 2157 3682 πρώτοις
2183 3634 2246 3681 μὲν
2279 3635 2436 3683 ἑκάτερος
2463 3634 2517 3670 ε’κ·

1419 3693 1553 3729 τίθεται
1581 3695 1642 3735 τοὶς
1668 3693 1757 3735 ι’διάς
1783 3693 1906 3742 ἀρχάς·
1933 3696 1992 3730 καί
2018 3695 2036 3730 ἅ
2060 3696 2122 3743 μὲν
2147 3696 2284 3743 γραικός
2313 3695 2362 3736 εἷς
2387 3695 2514 3731 ἄτοπον

344 3800 393 3842 (ι)
419 3799 538 3836 Immo
562 3798 632 3836 hoc
660 3799 783 3847 ipsum
811 3799 898 3836 vitio
921 3799 1029 3835 vertit
1050 3799 1199 3838 Nicetae
1226 3801 1420 3838 Eterianus
1447 3805 1572 3839 noster
1600 3800 1666 3839 lib.
1694 3802 1761 3839 111.
1794 3806 1848 3841 19.
1880 3801 1987 3841 Unde
2018 3803 2111 3851 tibi,
2137 3814 2159 3841 ο
2187 3806 2360 3852 episcope
2387 3806 2503 3851 impe-

250 3858 373 3903 riose,
399 3860 510 3895 vocis·
524 3861 750 3897 continuata
770 3858 948 3909 fiducia?
968 3865 1038 3896 etc.

2562 1785 2640 1815 cod.
2659 1786 2721 1814 vat.
2746 1789 2823 1815 ¹115.

2562 1821 2584 1851 t.
2604 1825 2648 1851 58.
2668 1820 2700 1851 b.
