<?xml version="1.0" encoding="UTF-8"?>
<!DOCTYPE html PUBLIC "-//W3C//DTD XHTML 1.0 Transitional//EN"
    "http://www.w3.org/TR/xhtml1/DTD/xhtml1-transitional.dtd">
<html xmlns="http://www.w3.org/1999/xhtml" xml:lang="en" lang="en">
 <head>
  <title>
</title>
<meta http-equiv="Content-Type" content="text/html;charset=utf-8" />
  <meta name='ocr-system' content='tesseract 3.04.00' />
  <meta name='ocr-capabilities' content='ocr_page ocr_carea ocr_par ocr_line ocrx_word'/>
</head>
<body>
  <div class='ocr_page' id='page_1' title='image "./novaepatrumbibli06maiauoft/novaepatrumbibli06maiauoft_0409.png"; bbox 0 0 2970 4420; ppageno 0'>
   <div class='ocr_carea' id='block_1_1' title="bbox 1219 262 2520 309">
    <p class='ocr_par' dir='ltr' id='par_1_1' title="bbox 1219 262 2520 309">
     <span class='ocr_line' id='line_1_1' title="bbox 1219 262 2520 309; baseline 0.002 -4"><span class='ocrx_word' id='word_1_1' title='bbox 1219 274 1280 305; x_wconf 70' lang='grc' dir='ltr'><em>ω’.</em></span> <span class='ocrx_word' id='word_1_2' title='bbox 1307 273 1571 306; x_wconf 72' lang='grc' dir='ltr'><em>ΤΗΕουοιιιε.</em></span> <span class='ocrx_word' id='word_1_3' title='bbox 2434 262 2520 309; x_wconf 86' lang='grc'><em>171</em></span> 
     </span>
    </p>
   </div>
   <div class='ocr_carea' id='block_1_2' title="bbox 270 346 2519 445">
    <p class='ocr_par' dir='ltr' id='par_1_2' title="bbox 270 346 2519 445">
     <span class='ocr_line' id='line_1_2' title="bbox 270 346 2519 425; baseline 0 -18"><span class='ocrx_word' id='word_1_4' title='bbox 270 350 458 407; x_wconf 80' lang='grc' dir='ltr'>σκόπου</span> <span class='ocrx_word' id='word_1_5' title='bbox 495 346 937 424; x_wconf 70' lang='grc' dir='ltr'>ὑπαγορευθεῗσοι,</span> <span class='ocrx_word' id='word_1_6' title='bbox 975 346 1061 403; x_wconf 68' lang='grc' dir='ltr'><em>διὰ</em></span> <span class='ocrx_word' id='word_1_7' title='bbox 1097 347 1151 404; x_wconf 69' lang='grc' dir='ltr'><em>δὲ</em></span> <span class='ocrx_word' id='word_1_8' title='bbox 1191 349 1428 420; x_wconf 59' lang='grc' dir='ltr'><em>Μιχαὴλ,</em></span> <span class='ocrx_word' id='word_1_9' title='bbox 1456 348 1584 421; x_wconf 71' lang='grc' dir='ltr'>ἐμοῦ</span> <span class='ocrx_word' id='word_1_10' title='bbox 1613 348 1707 403; x_wconf 76' lang='grc' dir='ltr'><em>τοῦ</em></span> <span class='ocrx_word' id='word_1_11' title='bbox 1741 347 2024 417; x_wconf 74' lang='grc' dir='ltr'>ἐλαχίστου</span> <span class='ocrx_word' id='word_1_12' title='bbox 2059 348 2400 425; x_wconf 72' lang='grc' dir='ltr'><em>πρεσβυτέρου</em></span> <span class='ocrx_word' id='word_1_13' title='bbox 2435 353 2519 407; x_wconf 82' lang='grc' dir='ltr'><em>καὶ</em></span> 
     </span>
     <span class='ocr_line' id='line_1_3' title="bbox 2292 424 2402 445; baseline 0 -9"><span class='ocrx_word' id='word_1_14' title='bbox 2292 426 2304 445; x_wconf 86' lang='grc'>,</span> <span class='ocrx_word' id='word_1_15' title='bbox 2379 424 2402 436; x_wconf 48' lang='grc' dir='ltr'><strong>Ν</strong></span> 
     </span>
    </p>
   </div>
   <div class='ocr_carea' id='block_1_3' title="bbox 268 421 2519 500">
    <p class='ocr_par' dir='ltr' id='par_1_3' title="bbox 268 421 2519 500">
     <span class='ocr_line' id='line_1_4' title="bbox 268 421 2519 500; baseline -0 -16"><span class='ocrx_word' id='word_1_16' title='bbox 268 427 553 484; x_wconf 78' lang='grc' dir='ltr'>συΓκέλλου</span> <span class='ocrx_word' id='word_1_17' title='bbox 589 426 684 480; x_wconf 73' lang='grc' dir='ltr'><em>τοῦ</em></span> <span class='ocrx_word' id='word_1_18' title='bbox 717 425 1064 480; x_wconf 72' lang='grc' dir='ltr'>οἷποσἺολικοῧ</span> <span class='ocrx_word' id='word_1_19' title='bbox 1098 425 1278 500; x_wconf 78' lang='grc' dir='ltr'><em>θρόνου</em></span> <span class='ocrx_word' id='word_1_20' title='bbox 1308 424 1682 499; x_wconf 76' lang='grc' dir='ltr'>Ἱεροσολύμων</span> <span class='ocrx_word' id='word_1_21' title='bbox 1716 421 2158 499; x_wconf 75' lang='grc' dir='ltr'><em>με’Τοιφρασθεῖσα,</em></span> <span class='ocrx_word' id='word_1_22' title='bbox 2186 429 2294 496; x_wconf 70' lang='grc' dir='ltr'><em>μεθ</em></span> <span class='ocrx_word' id='word_1_23' title='bbox 2342 433 2398 481; x_wconf 82' lang='grc' dir='ltr'><em>οὐ</em></span> <span class='ocrx_word' id='word_1_24' title='bbox 2436 429 2519 483; x_wconf 77' lang='grc' dir='ltr'><em>καὶ</em></span> 
     </span>
    </p>
   </div>
   <div class='ocr_carea' id='block_1_4' title="bbox 262 503 2535 2119">
    <p class='ocr_par' dir='ltr' id='par_1_4' title="bbox 262 503 2535 1414">
     <span class='ocr_line' id='line_1_5' title="bbox 268 503 2528 576; baseline 0.001 -17"><span class='ocrx_word' id='word_1_25' title='bbox 268 503 606 559; x_wconf 71' lang='grc' dir='ltr'><em>ἀπέσταλται.</em></span> <span class='ocrx_word' id='word_1_26' title='bbox 642 512 864 576; x_wconf 84' lang='lat' dir='ltr'><em>Epistola</em></span> <span class='ocrx_word' id='word_1_27' title='bbox 897 513 1140 560; x_wconf 89' lang='lat' dir='ltr'><em>continens</em></span> <span class='ocrx_word' id='word_1_28' title='bbox 1167 514 1318 574; x_wconf 82' lang='lat' dir='ltr'><em>sidem</em></span> <span class='ocrx_word' id='word_1_29' title='bbox 1349 525 1529 559; x_wconf 91' lang='lat' dir='ltr'><em>rectam</em></span> <span class='ocrx_word' id='word_1_30' title='bbox 1562 525 1707 576; x_wconf 90' lang='lat' dir='ltr'><em>atque</em></span> <span class='ocrx_word' id='word_1_31' title='bbox 1742 511 2066 575; x_wconf 81' lang='lat' dir='ltr'><em>inculpatam,</em></span> <span class='ocrx_word' id='word_1_32' title='bbox 2104 510 2250 558; x_wconf 90' lang='lat' dir='ltr'><em>missa</em></span> <span class='ocrx_word' id='word_1_33' title='bbox 2287 528 2319 558; x_wconf 92' lang='lat' dir='ltr'><em>a</em></span> <span class='ocrx_word' id='word_1_34' title='bbox 2355 514 2528 561; x_wconf 87' lang='lat' dir='ltr'><em>beatis-</em></span> 
     </span>
     <span class='ocr_line' id='line_1_6' title="bbox 264 587 2531 654; baseline -0 -16"><span class='ocrx_word' id='word_1_35' title='bbox 264 592 385 639; x_wconf 87' lang='lat' dir='ltr'><em>simo</em></span> <span class='ocrx_word' id='word_1_36' title='bbox 424 593 462 637; x_wconf 86' lang='grc' dir='ltr'><strong><em>Τ</em></strong></span> <span class='ocrx_word' id='word_1_37' title='bbox 457 590 601 637; x_wconf 90' lang='lat' dir='ltr'><em>homa</em></span> <span class='ocrx_word' id='word_1_38' title='bbox 628 589 921 654; x_wconf 82' lang='lat' dir='ltr'><em>patriarcba</em></span> <span class='ocrx_word' id='word_1_39' title='bbox 954 589 1374 654; x_wconf 87' lang='lat' dir='ltr'><em>hierosolymitano</em></span> <span class='ocrx_word' id='word_1_40' title='bbox 1409 590 1479 636; x_wconf 88' lang='lat' dir='ltr'><em>ad</em></span> <span class='ocrx_word' id='word_1_41' title='bbox 1507 589 1770 636; x_wconf 88' lang='lat' dir='ltr'><em>haereticos</em></span> <span class='ocrx_word' id='word_1_42' title='bbox 1800 588 1852 635; x_wconf 77' lang='lat' dir='ltr'><em>in</em></span> <span class='ocrx_word' id='word_1_43' title='bbox 1884 587 2163 635; x_wconf 79' lang='lat' dir='ltr'><em>Armeniam</em></span> <span class='ocrx_word' id='word_1_44' title='bbox 2178 625 2191 640; x_wconf 93' lang='lat'><em>,</em></span> <span class='ocrx_word' id='word_1_45' title='bbox 2226 589 2420 636; x_wconf 81' lang='lat' dir='ltr'><em>arabice</em></span> <span class='ocrx_word' id='word_1_46' title='bbox 2455 592 2531 637; x_wconf 85' lang='lat' dir='ltr'><em>di—</em></span> 
     </span>
     <span class='ocr_line' id='line_1_7' title="bbox 264 664 2530 730; baseline -0.002 -15"><span class='ocrx_word' id='word_1_47' title='bbox 264 681 397 715; x_wconf 86' lang='lat' dir='ltr'><em>ctata</em></span> <span class='ocrx_word' id='word_1_48' title='bbox 432 684 466 713; x_wconf 89' lang='lat' dir='ltr'><em>a</em></span> <span class='ocrx_word' id='word_1_49' title='bbox 499 666 737 713; x_wconf 89' lang='lat' dir='ltr'><em>Theodoro</em></span> <span class='ocrx_word' id='word_1_50' title='bbox 771 678 1080 730; x_wconf 84' lang='lat' dir='ltr'><em>cognomento</em></span> <span class='ocrx_word' id='word_1_51' title='bbox 1110 666 1333 713; x_wconf 86' lang='lat' dir='ltr'><em>Abucara</em></span> <span class='ocrx_word' id='word_1_52' title='bbox 1365 666 1581 730; x_wconf 89' lang='lat' dir='ltr'><em>episcopo</em></span> <span class='ocrx_word' id='word_1_53' title='bbox 1608 668 1863 716; x_wconf 85' lang='lat' dir='ltr'><em>Carorum,</em></span> <span class='ocrx_word' id='word_1_54' title='bbox 1892 677 1938 710; x_wconf 87' lang='lat' dir='ltr'><em>ct</em></span> <span class='ocrx_word' id='word_1_55' title='bbox 1962 680 1994 710; x_wconf 91' lang='lat' dir='ltr'><em>a</em></span> <span class='ocrx_word' id='word_1_56' title='bbox 2017 681 2091 710; x_wconf 91' lang='lat' dir='ltr'><em>me</em></span> <span class='ocrx_word' id='word_1_57' title='bbox 2114 664 2314 711; x_wconf 90' lang='lat' dir='ltr'><em>minimo</em></span> <span class='ocrx_word' id='word_1_58' title='bbox 2334 667 2530 730; x_wconf 83' lang='lat' dir='ltr'><em>presby-</em></span> 
     </span>
     <span class='ocr_line' id='line_1_8' title="bbox 264 742 2526 807; baseline -0.001 -15"><span class='ocrx_word' id='word_1_59' title='bbox 264 757 364 792; x_wconf 88' lang='lat' dir='ltr'><em>tero</em></span> <span class='ocrx_word' id='word_1_60' title='bbox 386 743 618 791; x_wconf 83' lang='lat' dir='ltr'><em>Michae&#39;le</em></span> <span class='ocrx_word' id='word_1_61' title='bbox 639 755 684 788; x_wconf 88' lang='lat' dir='ltr'><em>et</em></span> <span class='ocrx_word' id='word_1_62' title='bbox 708 744 912 807; x_wconf 82' lang='lat' dir='ltr'><em>syncello</em></span> <span class='ocrx_word' id='word_1_63' title='bbox 935 743 1156 790; x_wconf 85' lang='lat' dir='ltr'><em>ecclesiae</em></span> <span class='ocrx_word' id='word_1_64' title='bbox 1179 742 1630 806; x_wconf 77' lang='lat' dir='ltr'><em>hierosolymitanae</em></span> <span class='ocrx_word' id='word_1_65' title='bbox 1654 743 1705 789; x_wconf 90' lang='lat' dir='ltr'><em>in</em></span> <span class='ocrx_word' id='word_1_66' title='bbox 1727 757 1956 806; x_wconf 84' lang='lat' dir='ltr'><em>graecum</em></span> <span class='ocrx_word' id='word_1_67' title='bbox 1979 758 2239 788; x_wconf 89' lang='lat' dir='ltr'><em>sermonem</em></span> <span class='ocrx_word' id='word_1_68' title='bbox 2263 744 2526 795; x_wconf 87' lang='lat' dir='ltr'><em>translata,</em></span> 
     </span>
     <span class='ocr_line' id='line_1_9' title="bbox 262 819 2531 885; baseline 0 -19"><span class='ocrx_word' id='word_1_69' title='bbox 262 838 349 885; x_wconf 83' lang='lat' dir='ltr'><em>per</em></span> <span class='ocrx_word' id='word_1_70' title='bbox 378 826 518 883; x_wconf 84' lang='lat' dir='ltr'><em>quem</em></span> <span class='ocrx_word' id='word_1_71' title='bbox 552 831 597 866; x_wconf 85' lang='lat' dir='ltr'><em>et</em></span> <span class='ocrx_word' id='word_1_72' title='bbox 630 819 780 866; x_wconf 89' lang='lat' dir='ltr'><em>missa</em></span> <span class='ocrx_word' id='word_1_73' title='bbox 814 832 899 867; x_wconf 86' lang='lat' dir='ltr'><em>est.</em></span> <span class='ocrx_word' id='word_1_74' title='bbox 937 822 980 866; x_wconf 91' lang='lat' dir='ltr'><em>Si</em></span> <span class='ocrx_word' id='word_1_75' title='bbox 1022 820 1110 867; x_wconf 93' lang='lat' dir='ltr'><em>sub</em></span> <span class='ocrx_word' id='word_1_76' title='bbox 1149 820 1326 866; x_wconf 89' lang='lat' dir='ltr'><em>Thoma</em></span> <span class='ocrx_word' id='word_1_77' title='bbox 1358 821 1451 866; x_wconf 91' lang='lat' dir='ltr'><em>iam</em></span> <span class='ocrx_word' id='word_1_78' title='bbox 1488 820 1721 882; x_wconf 88' lang='lat' dir='ltr'><em>perfectus</em></span> <span class='ocrx_word' id='word_1_79' title='bbox 1754 827 1928 873; x_wconf 89' lang='lat' dir='ltr'><em>aetate,</em></span> <span class='ocrx_word' id='word_1_80' title='bbox 1965 827 2018 865; x_wconf 91' lang='lat' dir='ltr'><em>ut</em></span> <span class='ocrx_word' id='word_1_81' title='bbox 2052 819 2316 865; x_wconf 83' lang='lat' dir='ltr'><em>verosimile</em></span> <span class='ocrx_word' id='word_1_82' title='bbox 2355 828 2448 874; x_wconf 89' lang='lat' dir='ltr'><em>est,</em></span> <span class='ocrx_word' id='word_1_83' title='bbox 2486 829 2531 866; x_wconf 90' lang='lat' dir='ltr'><em>et</em></span> 
     </span>
     <span class='ocr_line' id='line_1_10' title="bbox 265 888 2532 961; baseline -0.001 -16"><span class='ocrx_word' id='word_1_84' title='bbox 265 899 500 961; x_wconf 88' lang='lat' dir='ltr'><em>conspicui</em></span> <span class='ocrx_word' id='word_1_85' title='bbox 538 899 741 944; x_wconf 87' lang='lat' dir='ltr'><em>nominis</em></span> <span class='ocrx_word' id='word_1_86' title='bbox 774 898 942 945; x_wconf 88' lang='lat' dir='ltr'><em>doctor</em></span> <span class='ocrx_word' id='word_1_87' title='bbox 976 897 1197 960; x_wconf 88' lang='lat' dir='ltr'><em>dogmata</em></span> <span class='ocrx_word' id='word_1_88' title='bbox 1230 896 1457 943; x_wconf 85' lang='lat' dir='ltr'><em>catholica</em></span> <span class='ocrx_word' id='word_1_89' title='bbox 1490 888 1731 944; x_wconf 77' lang='lat' dir='ltr'><em>haereticis</em></span> <span class='ocrx_word' id='word_1_90' title='bbox 1762 896 1947 960; x_wconf 87' lang='lat' dir='ltr'><em>pandit,</em></span> <span class='ocrx_word' id='word_1_91' title='bbox 1983 910 2103 958; x_wconf 77' lang='lat' dir='ltr'><em>quae</em></span> <span class='ocrx_word' id='word_1_92' title='bbox 2138 897 2250 942; x_wconf 89' lang='lat' dir='ltr'><em>tanti</em></span> <span class='ocrx_word' id='word_1_93' title='bbox 2288 898 2532 943; x_wconf 89' lang='lat' dir='ltr'><em>aestiman-</em></span> 
     </span>
     <span class='ocr_line' id='line_1_11' title="bbox 265 972 2534 1036; baseline -0.001 -14"><span class='ocrx_word' id='word_1_94' title='bbox 265 984 366 1029; x_wconf 89' lang='lat' dir='ltr'><em>tur,</em></span> <span class='ocrx_word' id='word_1_95' title='bbox 404 983 457 1021; x_wconf 91' lang='lat' dir='ltr'><em>ut</em></span> <span class='ocrx_word' id='word_1_96' title='bbox 491 976 541 1022; x_wconf 89' lang='lat' dir='ltr'><em>in</em></span> <span class='ocrx_word' id='word_1_97' title='bbox 575 974 688 1021; x_wconf 88' lang='lat' dir='ltr'><em>alias</em></span> <span class='ocrx_word' id='word_1_98' title='bbox 723 989 915 1036; x_wconf 89' lang='lat' dir='ltr'><em>quoque</em></span> <span class='ocrx_word' id='word_1_99' title='bbox 953 990 1088 1021; x_wconf 64' lang='lat' dir='ltr'><em>x‘ersa</em></span> <span class='ocrx_word' id='word_1_100' title='bbox 1121 973 1304 1036; x_wconf 84' lang='lat' dir='ltr'><em>linguas</em></span> <span class='ocrx_word' id='word_1_101' title='bbox 1334 972 1532 1035; x_wconf 88' lang='lat' dir='ltr'><em>legenda</em></span> <span class='ocrx_word' id='word_1_102' title='bbox 1565 973 1666 1020; x_wconf 84' lang='lat' dir='ltr'><em>aliis</em></span> <span class='ocrx_word' id='word_1_103' title='bbox 1704 982 1842 1035; x_wconf 89' lang='lat' dir='ltr'><em>atque</em></span> <span class='ocrx_word' id='word_1_104' title='bbox 1876 973 1977 1019; x_wconf 89' lang='lat' dir='ltr'><em>aliis</em></span> <span class='ocrx_word' id='word_1_105' title='bbox 2009 974 2404 1027; x_wconf 78' lang='lat' dir='ltr'><em>transmittantur,</em></span> <span class='ocrx_word' id='word_1_106' title='bbox 2441 989 2534 1035; x_wconf 84' lang='lat' dir='ltr'><em>qua</em></span> 
     </span>
     <span class='ocr_line' id='line_1_12' title="bbox 265 1050 2534 1125; baseline 0 -27"><span class='ocrx_word' id='word_1_107' title='bbox 265 1054 446 1099; x_wconf 90' lang='lat' dir='ltr'><em>ratione</em></span> <span class='ocrx_word' id='word_1_108' title='bbox 475 1051 564 1099; x_wconf 87' lang='lat' dir='ltr'><em>sub</em></span> <span class='ocrx_word' id='word_1_109' title='bbox 596 1052 898 1099; x_wconf 88' lang='lat' dir='ltr'><em>Constantino</em></span> <span class='ocrx_word' id='word_1_110' title='bbox 931 1052 1086 1098; x_wconf 87' lang='lat' dir='ltr'><em>adhuc</em></span> <span class='ocrx_word' id='word_1_111' title='bbox 1117 1058 1453 1125; x_wconf 27' lang='lat' dir='ltr'><em>vegetataetate</em></span> <span class='ocrx_word' id='word_1_112' title='bbox 1481 1051 1652 1098; x_wconf 90' lang='lat' dir='ltr'><em>florere</em></span> <span class='ocrx_word' id='word_1_113' title='bbox 1686 1051 1777 1098; x_wconf 91' lang='lat' dir='ltr'><em>dici</em></span> <span class='ocrx_word' id='word_1_114' title='bbox 1811 1051 2015 1113; x_wconf 75' lang='lat' dir='ltr'><em>poterit?</em></span> <span class='ocrx_word' id='word_1_115' title='bbox 2050 1050 2185 1097; x_wconf 82' lang='lat' dir='ltr'><em>Adde</em></span> <span class='ocrx_word' id='word_1_116' title='bbox 2219 1051 2268 1096; x_wconf 91' lang='lat' dir='ltr'><em>in</em></span> <span class='ocrx_word' id='word_1_117' title='bbox 2297 1066 2404 1097; x_wconf 92' lang='lat' dir='ltr'><em>meo</em></span> <span class='ocrx_word' id='word_1_118' title='bbox 2433 1066 2534 1098; x_wconf 88' lang='lat' dir='ltr'><em>ma-</em></span> 
     </span>
     <span class='ocr_line' id='line_1_13' title="bbox 265 1127 2534 1192; baseline -0.001 -16"><span class='ocrx_word' id='word_1_119' title='bbox 265 1130 508 1192; x_wconf 89' lang='lat' dir='ltr'><em>nuscripto</em></span> <span class='ocrx_word' id='word_1_120' title='bbox 542 1129 691 1175; x_wconf 87' lang='lat' dir='ltr'><em>multa</em></span> <span class='ocrx_word' id='word_1_121' title='bbox 726 1129 777 1175; x_wconf 88' lang='lat' dir='ltr'><em>in</em></span> <span class='ocrx_word' id='word_1_122' title='bbox 806 1129 1015 1191; x_wconf 83' lang='lat' dir='ltr'><em>margine</em></span> <span class='ocrx_word' id='word_1_123' title='bbox 1048 1127 1268 1174; x_wconf 81' lang='lat' dir='ltr'><em>adnotata</em></span> <span class='ocrx_word' id='word_1_124' title='bbox 1300 1142 1398 1174; x_wconf 90' lang='lat' dir='ltr'><em>esse</em></span> <span class='ocrx_word' id='word_1_125' title='bbox 1427 1127 1626 1182; x_wconf 88' lang='lat' dir='ltr'><em>scholia,</em></span> <span class='ocrx_word' id='word_1_126' title='bbox 1653 1143 1773 1190; x_wconf 90' lang='lat' dir='ltr'><em>quae</em></span> <span class='ocrx_word' id='word_1_127' title='bbox 1799 1136 2036 1174; x_wconf 86' lang='lat' dir='ltr'><em>auctorem</em></span> <span class='ocrx_word' id='word_1_128' title='bbox 2069 1127 2391 1190; x_wconf 87' lang='lat' dir='ltr'><em>praeseferunt</em></span> <span class='ocrx_word' id='word_1_129' title='bbox 2418 1129 2534 1175; x_wconf 90' lang='lat' dir='ltr'><em>Are-</em></span> 
     </span>
     <span class='ocr_line' id='line_1_14' title="bbox 267 1203 2533 1269; baseline -0.001 -16"><span class='ocrx_word' id='word_1_130' title='bbox 267 1207 420 1261; x_wconf 90' lang='lat' dir='ltr'><em>tham‚</em></span> <span class='ocrx_word' id='word_1_131' title='bbox 457 1222 600 1269; x_wconf 88' lang='lat' dir='ltr'><em>quem</em></span> <span class='ocrx_word' id='word_1_132' title='bbox 631 1206 871 1268; x_wconf 89' lang='lat' dir='ltr'><em>aequalem</em></span> <span class='ocrx_word' id='word_1_133' title='bbox 901 1206 1044 1268; x_wconf 85' lang='lat' dir='ltr'><em>aliqui</em></span> <span class='ocrx_word' id='word_1_134' title='bbox 1075 1206 1243 1252; x_wconf 90' lang='lat' dir='ltr'><em>Photio</em></span> <span class='ocrx_word' id='word_1_135' title='bbox 1267 1203 1460 1252; x_wconf 88' lang='lat' dir='ltr'><em>faciunt.</em></span> <span class='ocrx_word' id='word_1_136' title='bbox 1497 1206 1618 1252; x_wconf 90' lang='lat' dir='ltr'><em>Hinc</em></span> <span class='ocrx_word' id='word_1_137' title='bbox 1653 1206 1967 1267; x_wconf 86' lang='lat' dir='ltr'><em>argumentari</em></span> <span class='ocrx_word' id='word_1_138' title='bbox 1998 1205 2105 1252; x_wconf 89' lang='lat' dir='ltr'><em>licet</em></span> <span class='ocrx_word' id='word_1_139' title='bbox 2139 1205 2403 1252; x_wconf 90' lang='lat' dir='ltr'><em>Abucaram</em></span> <span class='ocrx_word' id='word_1_140' title='bbox 2436 1221 2533 1252; x_wconf 87' lang='lat' dir='ltr'><em>esse</em></span> 
     </span>
     <span class='ocr_line' id='line_1_15' title="bbox 267 1280 2535 1346; baseline -0.001 -15"><span class='ocrx_word' id='word_1_141' title='bbox 267 1286 596 1346; x_wconf 84' lang='lat' dir='ltr'><em>antiquiorem.</em></span> <span class='ocrx_word' id='word_1_142' title='bbox 625 1285 778 1339; x_wconf 81' lang='lat' dir='ltr'><em>Quare</em></span> <span class='ocrx_word' id='word_1_143' title='bbox 803 1284 1028 1330; x_wconf 86' lang='lat' dir='ltr'><em>assentior</em></span> <span class='ocrx_word' id='word_1_144' title='bbox 1050 1283 1299 1336; x_wconf 88' lang='lat' dir='ltr'><em>Turriano,</em></span> <span class='ocrx_word' id='word_1_145' title='bbox 1323 1283 1487 1329; x_wconf 89' lang='lat' dir='ltr'><em>iisdem</em></span> <span class='ocrx_word' id='word_1_146' title='bbox 1515 1299 1622 1329; x_wconf 90' lang='lat' dir='ltr'><em>cum</em></span> <span class='ocrx_word' id='word_1_147' title='bbox 1646 1284 1928 1329; x_wconf 79' lang='lat' dir='ltr'><em>Damascene</em></span> <span class='ocrx_word' id='word_1_148' title='bbox 1951 1281 2242 1344; x_wconf 82' lang='lat' dir='ltr'><em>temporibus</em></span> <span class='ocrx_word' id='word_1_149' title='bbox 2267 1283 2390 1328; x_wconf 91' lang='lat' dir='ltr'><em>hunc</em></span> <span class='ocrx_word' id='word_1_150' title='bbox 2415 1280 2535 1328; x_wconf 90' lang='lat' dir='ltr'><em>Abu·</em></span> 
     </span>
     <span class='ocr_line' id='line_1_16' title="bbox 267 1355 1467 1414; baseline -0.002 -6"><span class='ocrx_word' id='word_1_151' title='bbox 267 1377 422 1409; x_wconf 90' lang='lat' dir='ltr'><em>caram</em></span> <span class='ocrx_word' id='word_1_152' title='bbox 457 1363 648 1414; x_wconf 77' lang='lat' dir='ltr'><em>vixisse,</em></span> <span class='ocrx_word' id='word_1_153' title='bbox 675 1370 722 1408; x_wconf 89' lang='lat' dir='ltr'><em>et</em></span> <span class='ocrx_word' id='word_1_154' title='bbox 754 1360 815 1407; x_wconf 91' lang='lat' dir='ltr'><em>ab</em></span> <span class='ocrx_word' id='word_1_155' title='bbox 848 1377 906 1407; x_wconf 92' lang='lat' dir='ltr'><em>eo</em></span> <span class='ocrx_word' id='word_1_156' title='bbox 939 1361 1090 1408; x_wconf 90' lang='lat' dir='ltr'><em>multa</em></span> <span class='ocrx_word' id='word_1_157' title='bbox 1122 1360 1210 1407; x_wconf 91' lang='lat' dir='ltr'><em>sibi</em></span> <span class='ocrx_word' id='word_1_158' title='bbox 1245 1355 1467 1407; x_wconf 81' lang='lat' dir='ltr'><em>hausisse.</em></span> 
     </span>
    </p>

    <p class='ocr_par' dir='ltr' id='par_1_5' title="bbox 266 1436 2534 2119">
     <span class='ocr_line' id='line_1_17' title="bbox 395 1436 2534 1502; baseline -0.001 -17"><span class='ocrx_word' id='word_1_159' title='bbox 395 1440 545 1486; x_wconf 88' lang='lat' dir='ltr'><em>Huius</em></span> <span class='ocrx_word' id='word_1_160' title='bbox 574 1439 800 1502; x_wconf 87' lang='lat' dir='ltr'><em>opuscula</em></span> <span class='ocrx_word' id='word_1_161' title='bbox 841 1446 1002 1484; x_wconf 90' lang='lat' dir='ltr'><em>contra</em></span> <span class='ocrx_word' id='word_1_162' title='bbox 1036 1439 1192 1484; x_wconf 88' lang='lat' dir='ltr'><em>varios</em></span> <span class='ocrx_word' id='word_1_163' title='bbox 1230 1437 1444 1484; x_wconf 86' lang='lat' dir='ltr'><em>infideles</em></span> <span class='ocrx_word' id='word_1_164' title='bbox 1484 1436 1687 1491; x_wconf 78' lang='lat' dir='ltr'><em>Araba5‚</em></span> <span class='ocrx_word' id='word_1_165' title='bbox 1725 1438 1989 1500; x_wconf 86' lang='lat' dir='ltr'><em>Agarenos‚</em></span> <span class='ocrx_word' id='word_1_166' title='bbox 2025 1438 2288 1492; x_wconf 87' lang='lat' dir='ltr'><em>Tritheitas‚</em></span> <span class='ocrx_word' id='word_1_167' title='bbox 2324 1437 2534 1500; x_wconf 90' lang='lat' dir='ltr'><em>Theopa-</em></span> 
     </span>
     <span class='ocr_line' id='line_1_18' title="bbox 267 1515 2532 1578; baseline 0 -16"><span class='ocrx_word' id='word_1_168' title='bbox 267 1515 459 1570; x_wconf 88' lang='lat' dir='ltr'><em>schitas‚</em></span> <span class='ocrx_word' id='word_1_169' title='bbox 487 1516 812 1568; x_wconf 89' lang='lat' dir='ltr'><em>Nestorianos‚</em></span> <span class='ocrx_word' id='word_1_170' title='bbox 849 1515 1099 1570; x_wconf 87' lang='lat' dir='ltr'><em>Iacobitas‚</em></span> <span class='ocrx_word' id='word_1_171' title='bbox 1135 1515 1509 1578; x_wconf 67' lang='lat' dir='ltr'><em>Monophysssas,</em></span> <span class='ocrx_word' id='word_1_172' title='bbox 1547 1515 1768 1568; x_wconf 80' lang='lat' dir='ltr'><em>ludaeos,</em></span> <span class='ocrx_word' id='word_1_173' title='bbox 1805 1531 1890 1562; x_wconf 91' lang='lat' dir='ltr'><em>nec</em></span> <span class='ocrx_word' id='word_1_174' title='bbox 1920 1531 2015 1562; x_wconf 89' lang='lat' dir='ltr'><em>non</em></span> <span class='ocrx_word' id='word_1_175' title='bbox 2049 1516 2351 1577; x_wconf 85' lang='lat' dir='ltr'><em>Origenistas‚</em></span> <span class='ocrx_word' id='word_1_176' title='bbox 2385 1517 2532 1562; x_wconf 87' lang='lat' dir='ltr'><em>inter-</em></span> 
     </span>
     <span class='ocr_line' id='line_1_19' title="bbox 268 1591 2531 1655; baseline 0.001 -17"><span class='ocrx_word' id='word_1_177' title='bbox 268 1591 479 1655; x_wconf 86' lang='lat' dir='ltr'><em>pretibus</em></span> <span class='ocrx_word' id='word_1_178' title='bbox 513 1593 758 1639; x_wconf 84' lang='lat' dir='ltr'><em>Francisco</em></span> <span class='ocrx_word' id='word_1_179' title='bbox 791 1594 1043 1645; x_wconf 86' lang='lat' dir='ltr'><em>Turriano,</em></span> <span class='ocrx_word' id='word_1_180' title='bbox 1081 1601 1127 1639; x_wconf 90' lang='lat' dir='ltr'><em>et</em></span> <span class='ocrx_word' id='word_1_181' title='bbox 1163 1591 1335 1639; x_wconf 90' lang='lat' dir='ltr'><em>Iacobo</em></span> <span class='ocrx_word' id='word_1_182' title='bbox 1371 1594 1614 1646; x_wconf 86' lang='lat' dir='ltr'><em>Gretsero‚</em></span> <span class='ocrx_word' id='word_1_183' title='bbox 1651 1607 1813 1653; x_wconf 88' lang='lat' dir='ltr'><em>graece</em></span> <span class='ocrx_word' id='word_1_184' title='bbox 1847 1601 1893 1638; x_wconf 86' lang='lat' dir='ltr'><em>et</em></span> <span class='ocrx_word' id='word_1_185' title='bbox 1926 1592 2067 1639; x_wconf 90' lang='lat' dir='ltr'><em>latine</em></span> <span class='ocrx_word' id='word_1_186' title='bbox 2104 1593 2374 1653; x_wconf 80' lang='lat' dir='ltr'><em>ingolstadii</em></span> <span class='ocrx_word' id='word_1_187' title='bbox 2408 1593 2531 1640; x_wconf 90' lang='lat' dir='ltr'><em>edita</em></span> 
     </span>
     <span class='ocr_line' id='line_1_20' title="bbox 267 1668 2533 1732; baseline 0 -17"><span class='ocrx_word' id='word_1_188' title='bbox 267 1678 375 1715; x_wconf 89' lang='lat' dir='ltr'><em>sunt</em></span> <span class='ocrx_word' id='word_1_189' title='bbox 391 1705 402 1722; x_wconf 95' lang='lat'>‚</span> <span class='ocrx_word' id='word_1_190' title='bbox 431 1685 487 1715; x_wconf 80' lang='lat' dir='ltr'><em>ex</em></span> <span class='ocrx_word' id='word_1_191' title='bbox 522 1669 830 1732; x_wconf 82' lang='lat' dir='ltr'><em>typographia</em></span> <span class='ocrx_word' id='word_1_192' title='bbox 857 1669 1024 1715; x_wconf 90' lang='lat' dir='ltr'><em>Adami</em></span> <span class='ocrx_word' id='word_1_193' title='bbox 1055 1671 1245 1716; x_wconf 89' lang='lat' dir='ltr'><em>Sertorii</em></span> <span class='ocrx_word' id='word_1_194' title='bbox 1271 1685 1394 1716; x_wconf 91' lang='lat' dir='ltr'><em>anno</em></span> <span class='ocrx_word' id='word_1_195' title='bbox 1424 1671 1571 1722; x_wconf 81' lang='lat'><em>1606,</em></span> <span class='ocrx_word' id='word_1_196' title='bbox 1599 1678 1645 1716; x_wconf 87' lang='lat' dir='ltr'><em>et</em></span> <span class='ocrx_word' id='word_1_197' title='bbox 1669 1678 1799 1716; x_wconf 88' lang='lat' dir='ltr'><em>antea</em></span> <span class='ocrx_word' id='word_1_198' title='bbox 1824 1669 1946 1716; x_wconf 91' lang='lat' dir='ltr'><em>edita</em></span> <span class='ocrx_word' id='word_1_199' title='bbox 1971 1669 2153 1715; x_wconf 89' lang='lat' dir='ltr'><em>fuerant</em></span> <span class='ocrx_word' id='word_1_200' title='bbox 2178 1671 2226 1715; x_wconf 88' lang='lat' dir='ltr'><em>in</em></span> <span class='ocrx_word' id='word_1_201' title='bbox 2251 1668 2533 1716; x_wconf 87' lang='lat' dir='ltr'><em>bibliotheca</em></span> 
     </span>
     <span class='ocr_line' id='line_1_21' title="bbox 267 1745 2534 1808; baseline 0 -17"><span class='ocrx_word' id='word_1_202' title='bbox 267 1755 480 1793; x_wconf 59' lang='lat' dir='ltr'><em>veterum</em></span> <span class='ocrx_word' id='word_1_203' title='bbox 503 1747 690 1792; x_wconf 86' lang='lat' dir='ltr'><em>Patrum</em></span> <span class='ocrx_word' id='word_1_204' title='bbox 719 1746 949 1793; x_wconf 88' lang='lat' dir='ltr'><em>secundae</em></span> <span class='ocrx_word' id='word_1_205' title='bbox 973 1746 1191 1793; x_wconf 82' lang='lat' dir='ltr'><em>editionis</em></span> <span class='ocrx_word' id='word_1_206' title='bbox 1216 1754 1345 1794; x_wconf 84' lang='lat' dir='ltr'><em>tomo</em></span> <span class='ocrx_word' id='word_1_207' title='bbox 1371 1747 1453 1800; x_wconf 87' lang='lat' dir='ltr'><em>lv,</em></span> <span class='ocrx_word' id='word_1_208' title='bbox 1483 1746 1708 1793; x_wconf 86' lang='lat' dir='ltr'><em>latinitate</em></span> <span class='ocrx_word' id='word_1_209' title='bbox 1736 1746 1908 1793; x_wconf 88' lang='lat' dir='ltr'><em>donata</em></span> <span class='ocrx_word' id='word_1_210' title='bbox 1936 1762 1960 1792; x_wconf 89' lang='lat' dir='ltr'><em>a</em></span> <span class='ocrx_word' id='word_1_211' title='bbox 1988 1745 2312 1801; x_wconf 87' lang='lat' dir='ltr'><em>Genebrardo‚</em></span> <span class='ocrx_word' id='word_1_212' title='bbox 2341 1747 2534 1808; x_wconf 88' lang='lat' dir='ltr'><em>passim-</em></span> 
     </span>
     <span class='ocr_line' id='line_1_22' title="bbox 266 1822 2534 1886; baseline 0 -18"><span class='ocrx_word' id='word_1_213' title='bbox 266 1838 359 1884; x_wconf 89' lang='lat' dir='ltr'><em>que</em></span> <span class='ocrx_word' id='word_1_214' title='bbox 383 1823 695 1885; x_wconf 88' lang='lat' dir='ltr'><em>manuscripta</em></span> <span class='ocrx_word' id='word_1_215' title='bbox 728 1824 1030 1870; x_wconf 86' lang='lat' dir='ltr'><em>inveniuntur</em></span> <span class='ocrx_word' id='word_1_216' title='bbox 1059 1825 1110 1869; x_wconf 90' lang='lat' dir='ltr'><em>in</em></span> <span class='ocrx_word' id='word_1_217' title='bbox 1131 1822 1428 1878; x_wconf 81' lang='lat' dir='ltr'><em>bibliothecis</em></span> <span class='ocrx_word' id='word_1_218' title='bbox 1450 1824 1637 1877; x_wconf 88' lang='lat' dir='ltr'><em>italicis,</em></span> <span class='ocrx_word' id='word_1_219' title='bbox 1662 1840 1722 1870; x_wconf 84' lang='lat' dir='ltr'><em>ex</em></span> <span class='ocrx_word' id='word_1_220' title='bbox 1745 1823 1916 1886; x_wconf 90' lang='lat' dir='ltr'><em>quibus</em></span> <span class='ocrx_word' id='word_1_221' title='bbox 1941 1832 2129 1886; x_wconf 87' lang='lat' dir='ltr'><em>possent</em></span> <span class='ocrx_word' id='word_1_222' title='bbox 2158 1823 2233 1870; x_wconf 90' lang='lat' dir='ltr'><em>edi</em></span> <span class='ocrx_word' id='word_1_223' title='bbox 2254 1825 2534 1870; x_wconf 82' lang='lat' dir='ltr'><em>correctiora</em></span> 
     </span>
     <span class='ocr_line' id='line_1_23' title="bbox 268 1898 2534 1962; baseline 0 -16"><span class='ocrx_word' id='word_1_224' title='bbox 268 1908 408 1961; x_wconf 89' lang='lat' dir='ltr'><em>atque</em></span> <span class='ocrx_word' id='word_1_225' title='bbox 444 1901 675 1953; x_wconf 87' lang='lat' dir='ltr'><em>auctiora,</em></span> <span class='ocrx_word' id='word_1_226' title='bbox 703 1908 749 1946; x_wconf 87' lang='lat' dir='ltr'><em>et</em></span> <span class='ocrx_word' id='word_1_227' title='bbox 782 1901 1072 1962; x_wconf 80' lang='lat' dir='ltr'><em>potissimum</em></span> <span class='ocrx_word' id='word_1_228' title='bbox 1103 1917 1160 1947; x_wconf 85' lang='lat' dir='ltr'><em>ex</em></span> <span class='ocrx_word' id='word_1_229' title='bbox 1190 1917 1298 1948; x_wconf 91' lang='lat' dir='ltr'><em>meo</em></span> <span class='ocrx_word' id='word_1_230' title='bbox 1327 1901 1504 1948; x_wconf 86' lang='lat' dir='ltr'><em>codice.</em></span> <span class='ocrx_word' id='word_1_231' title='bbox 1544 1903 1595 1947; x_wconf 88' lang='lat' dir='ltr'><em>ln</em></span> <span class='ocrx_word' id='word_1_232' title='bbox 1622 1898 1906 1948; x_wconf 86' lang='lat' dir='ltr'><em>bibliotheca</em></span> <span class='ocrx_word' id='word_1_233' title='bbox 1935 1901 2146 1948; x_wconf 78' lang='lat' dir='ltr'><em>bavarica</em></span> <span class='ocrx_word' id='word_1_234' title='bbox 2179 1917 2310 1947; x_wconf 87' lang='lat' dir='ltr'><em>num.</em></span> <span class='ocrx_word' id='word_1_235' title='bbox 2343 1903 2418 1947; x_wconf 88' lang='grc'><em>16.</em></span> <span class='ocrx_word' id='word_1_236' title='bbox 2447 1916 2534 1947; x_wconf 92' lang='lat' dir='ltr'><em>no-</em></span> 
     </span>
     <span class='ocr_line' id='line_1_24' title="bbox 269 1974 2532 2042; baseline 0 -21"><span class='ocrx_word' id='word_1_237' title='bbox 269 1983 447 2022; x_wconf 89' lang='lat' dir='ltr'><em>tantur:</em></span> <span class='ocrx_word' id='word_1_238' title='bbox 488 1978 526 2021; x_wconf 94' lang='lat' dir='ltr'><em>T</em></span> <span class='ocrx_word' id='word_1_239' title='bbox 522 1974 727 2028; x_wconf 78' lang='lat' dir='ltr'><em>heodori,</em></span> <span class='ocrx_word' id='word_1_240' title='bbox 751 1977 961 2040; x_wconf 81' lang='lat' dir='ltr'><em>episcopi</em></span> <span class='ocrx_word' id='word_1_241' title='bbox 995 1976 1166 2024; x_wconf 86' lang='lat' dir='ltr'><em>Cariae</em></span> <span class='ocrx_word' id='word_1_242' title='bbox 1197 1990 1510 2041; x_wconf 81' lang='lat' dir='ltr'><em>cognomento</em></span> <span class='ocrx_word' id='word_1_243' title='bbox 1544 1978 1795 2024; x_wconf 73' lang='lat' dir='ltr'><em>Abucarae</em></span> <span class='ocrx_word' id='word_1_244' title='bbox 1830 1978 2078 2042; x_wconf 80' lang='lat' dir='ltr'><em>dialogus,</em></span> <span class='ocrx_word' id='word_1_245' title='bbox 2114 1994 2205 2040; x_wconf 88' lang='lat' dir='ltr'><em>quo</em></span> <span class='ocrx_word' id='word_1_246' title='bbox 2240 1978 2532 2023; x_wconf 85' lang='lat' dir='ltr'><em>demonstrat</em></span> 
     </span>
     <span class='ocr_line' id='line_1_25' title="bbox 266 2052 2532 2119; baseline 0 -22"><span class='ocrx_word' id='word_1_247' title='bbox 266 2068 365 2099; x_wconf 90' lang='lat' dir='ltr'><em>esse</em></span> <span class='ocrx_word' id='word_1_248' title='bbox 387 2054 559 2100; x_wconf 90' lang='lat' dir='ltr'><em>Deum.</em></span> <span class='ocrx_word' id='word_1_249' title='bbox 597 2052 827 2099; x_wconf 87' lang='lat' dir='ltr'><em>Eiusdem</em></span> <span class='ocrx_word' id='word_1_250' title='bbox 858 2054 916 2099; x_wconf 92' lang='lat' dir='ltr'><em>de</em></span> <span class='ocrx_word' id='word_1_251' title='bbox 946 2053 1095 2102; x_wconf 75' lang='lat' dir='ltr'><em>variis</em></span> <span class='ocrx_word' id='word_1_252' title='bbox 1125 2054 1365 2119; x_wconf 83' lang='lat' dir='ltr'><em>capitibus</em></span> <span class='ocrx_word' id='word_1_253' title='bbox 1399 2055 1697 2118; x_wconf 84' lang='lat' dir='ltr'><em>quaestiones</em></span> <span class='ocrx_word' id='word_1_254' title='bbox 1730 2066 1775 2100; x_wconf 90' lang='lat' dir='ltr'><em>et</em></span> <span class='ocrx_word' id='word_1_255' title='bbox 1799 2055 2134 2119; x_wconf 84' lang='lat' dir='ltr'><em>responsiones.</em></span> <span class='ocrx_word' id='word_1_256' title='bbox 2172 2054 2390 2117; x_wconf 86' lang='lat' dir='ltr'><em>Epistola</em></span> <span class='ocrx_word' id='word_1_257' title='bbox 2417 2052 2532 2099; x_wconf 89' lang='lat' dir='ltr'><em>Tho-</em></span> 
     </span>
    </p>
   </div>
   <div class='ocr_carea' id='block_1_5' title="bbox 192 2128 2534 2194">
    <p class='ocr_par' dir='ltr' id='par_1_6' title="bbox 192 2128 2534 2194">
     <span class='ocr_line' id='line_1_26' title="bbox 192 2128 2534 2194; baseline 0 -19"><span class='ocrx_word' id='word_1_258' title='bbox 192 2139 196 2143; x_wconf 75' lang='grc'>’</span> <span class='ocrx_word' id='word_1_259' title='bbox 266 2145 375 2175; x_wconf 89' lang='lat' dir='ltr'><em>mae</em></span> <span class='ocrx_word' id='word_1_260' title='bbox 402 2128 720 2193; x_wconf 76' lang='lat' dir='ltr'><em>patriarchae</em></span> <span class='ocrx_word' id='word_1_261' title='bbox 750 2129 1167 2194; x_wconf 78' lang='lat' dir='ltr'><em>hierosolymitani</em></span> <span class='ocrx_word' id='word_1_262' title='bbox 1185 2131 1256 2177; x_wconf 88' lang='lat' dir='ltr'><em>ad</em></span> <span class='ocrx_word' id='word_1_263' title='bbox 1277 2134 1504 2183; x_wconf 84' lang='lat' dir='ltr'><em>Armenos</em></span> <span class='ocrx_word' id='word_1_264' title='bbox 1534 2131 1812 2178; x_wconf 88' lang='lat' dir='ltr'><em>haereticos.</em></span> <span class='ocrx_word' id='word_1_265' title='bbox 1852 2133 2147 2179; x_wconf 83' lang='lat' dir='ltr'><em>Collectanea</em></span> <span class='ocrx_word' id='word_1_266' title='bbox 2184 2130 2413 2177; x_wconf 83' lang='lat' dir='ltr'><em>Theodori</em></span> <span class='ocrx_word' id='word_1_267' title='bbox 2433 2130 2534 2194; x_wconf 88' lang='lat' dir='ltr'><em>epi-</em></span> 
     </span>
    </p>
   </div>
   <div class='ocr_carea' id='block_1_6' title="bbox 260 2201 2533 3892">
    <p class='ocr_par' dir='ltr' id='par_1_7' title="bbox 260 2201 2533 3567">
     <span class='ocr_line' id='line_1_27' title="bbox 266 2201 2533 2274; baseline 0 -22"><span class='ocrx_word' id='word_1_268' title='bbox 266 2207 396 2271; x_wconf 87' lang='lat' dir='ltr'><em>scopi</em></span> <span class='ocrx_word' id='word_1_269' title='bbox 429 2206 599 2253; x_wconf 87' lang='lat' dir='ltr'><em>Cariae</em></span> <span class='ocrx_word' id='word_1_270' title='bbox 633 2206 691 2252; x_wconf 88' lang='lat' dir='ltr'><em>cle</em></span> <span class='ocrx_word' id='word_1_271' title='bbox 726 2207 875 2255; x_wconf 73' lang='lat' dir='ltr'><em>variis</em></span> <span class='ocrx_word' id='word_1_272' title='bbox 908 2208 1149 2272; x_wconf 83' lang='lat' dir='ltr'><em>capitibus</em></span> <span class='ocrx_word' id='word_1_273' title='bbox 1183 2221 1352 2255; x_wconf 90' lang='lat' dir='ltr'><em>contra</em></span> <span class='ocrx_word' id='word_1_274' title='bbox 1385 2201 1683 2260; x_wconf 69' lang='lat' dir='ltr'><em>Severianos,</em></span> <span class='ocrx_word' id='word_1_275' title='bbox 1713 2221 1758 2255; x_wconf 91' lang='lat' dir='ltr'><em>et</em></span> <span class='ocrx_word' id='word_1_276' title='bbox 1786 2208 2068 2274; x_wconf 83' lang='lat' dir='ltr'><em>Acephalos,</em></span> <span class='ocrx_word' id='word_1_277' title='bbox 2102 2220 2147 2254; x_wconf 85' lang='lat' dir='ltr'><em>et</em></span> <span class='ocrx_word' id='word_1_278' title='bbox 2178 2220 2343 2254; x_wconf 87' lang='lat' dir='ltr'><em>contra</em></span> <span class='ocrx_word' id='word_1_279' title='bbox 2374 2207 2533 2254; x_wconf 88' lang='lat' dir='ltr'><em>Mani-</em></span> 
     </span>
     <span class='ocr_line' id='line_1_28' title="bbox 267 2283 2532 2352; baseline 0.001 -22"><span class='ocrx_word' id='word_1_280' title='bbox 267 2283 453 2331; x_wconf 87' lang='lat' dir='ltr'><em>chaeos.</em></span> <span class='ocrx_word' id='word_1_281' title='bbox 490 2286 548 2331; x_wconf 85' lang='lat' dir='ltr'><em>Et</em></span> <span class='ocrx_word' id='word_1_282' title='bbox 582 2285 688 2331; x_wconf 89' lang='lat' dir='ltr'><em>cod.</em></span> <span class='ocrx_word' id='word_1_283' title='bbox 721 2287 829 2332; x_wconf 87' lang='lat'><em>175.</em></span> <span class='ocrx_word' id='word_1_284' title='bbox 871 2285 1102 2333; x_wconf 86' lang='lat' dir='ltr'><em>Theodori</em></span> <span class='ocrx_word' id='word_1_285' title='bbox 1133 2287 1343 2351; x_wconf 88' lang='lat' dir='ltr'><em>episcopi</em></span> <span class='ocrx_word' id='word_1_286' title='bbox 1377 2287 1548 2335; x_wconf 88' lang='lat' dir='ltr'><em>Cariae</em></span> <span class='ocrx_word' id='word_1_287' title='bbox 1581 2299 1888 2352; x_wconf 84' lang='lat' dir='ltr'><em>cognomento</em></span> <span class='ocrx_word' id='word_1_288' title='bbox 1917 2287 2167 2333; x_wconf 86' lang='lat' dir='ltr'><em>Abucarae</em></span> <span class='ocrx_word' id='word_1_289' title='bbox 2196 2287 2444 2347; x_wconf 90' lang='lat' dir='ltr'><em>opuscula,</em></span> <span class='ocrx_word' id='word_1_290' title='bbox 2475 2287 2532 2332; x_wconf 84' lang='lat' dir='ltr'><em>de</em></span> 
     </span>
     <span class='ocr_line' id='line_1_29' title="bbox 266 2361 2531 2430; baseline 0.001 -23"><span class='ocrx_word' id='word_1_291' title='bbox 266 2361 361 2407; x_wconf 87' lang='lat' dir='ltr'><em>Dei</em></span> <span class='ocrx_word' id='word_1_292' title='bbox 390 2362 678 2409; x_wconf 84' lang='lat' dir='ltr'><em>nominibus.</em></span> <span class='ocrx_word' id='word_1_293' title='bbox 717 2364 912 2409; x_wconf 90' lang='lat' dir='ltr'><em>Patrem</em></span> <span class='ocrx_word' id='word_1_294' title='bbox 944 2381 1129 2428; x_wconf 88' lang='lat' dir='ltr'><em>semper</em></span> <span class='ocrx_word' id='word_1_295' title='bbox 1166 2381 1398 2428; x_wconf 82' lang='lat' dir='ltr'><em>generare</em></span> <span class='ocrx_word' id='word_1_296' title='bbox 1414 2403 1426 2418; x_wconf 90' lang='lat'><em>,</em></span> <span class='ocrx_word' id='word_1_297' title='bbox 1456 2366 1623 2428; x_wconf 86' lang='lat' dir='ltr'><em>filium</em></span> <span class='ocrx_word' id='word_1_298' title='bbox 1657 2382 1838 2430; x_wconf 90' lang='lat' dir='ltr'><em>semper</em></span> <span class='ocrx_word' id='word_1_299' title='bbox 1874 2365 2115 2429; x_wconf 81' lang='lat' dir='ltr'><em>generari.</em></span> <span class='ocrx_word' id='word_1_300' title='bbox 2153 2365 2389 2428; x_wconf 82' lang='lat' dir='ltr'><em>Dialogus</em></span> <span class='ocrx_word' id='word_1_301' title='bbox 2425 2381 2531 2409; x_wconf 93' lang='lat' dir='ltr'><em>cum</em></span> 
     </span>
     <span class='ocr_line' id='line_1_30' title="bbox 266 2439 2530 2507; baseline 0.001 -22"><span class='ocrx_word' id='word_1_302' title='bbox 266 2439 583 2486; x_wconf 79' lang='lat' dir='ltr'><em>NestorianiS.</em></span> <span class='ocrx_word' id='word_1_303' title='bbox 622 2440 860 2504; x_wconf 83' lang='lat' dir='ltr'><em>Dialogus</em></span> <span class='ocrx_word' id='word_1_304' title='bbox 881 2458 989 2487; x_wconf 90' lang='lat' dir='ltr'><em>cum</em></span> <span class='ocrx_word' id='word_1_305' title='bbox 1014 2442 1250 2489; x_wconf 88' lang='lat' dir='ltr'><em>Iacobita.</em></span> <span class='ocrx_word' id='word_1_306' title='bbox 1289 2444 1422 2499; x_wconf 81' lang='lat' dir='ltr'><em>Quae</em></span> <span class='ocrx_word' id='word_1_307' title='bbox 1446 2443 1509 2490; x_wconf 91' lang='lat' dir='ltr'><em>sit</em></span> <span class='ocrx_word' id='word_1_308' title='bbox 1532 2444 1750 2490; x_wconf 77' lang='lat' dir='ltr'><em>maxime</em></span> <span class='ocrx_word' id='word_1_309' title='bbox 1771 2444 1973 2507; x_wconf 92' lang='lat' dir='ltr'><em>propria</em></span> <span class='ocrx_word' id='word_1_310' title='bbox 1998 2443 2289 2506; x_wconf 77' lang='lat' dir='ltr'><em>differentia.</em></span> <span class='ocrx_word' id='word_1_311' title='bbox 2319 2444 2390 2488; x_wconf 92' lang='lat' dir='ltr'><em>De</em></span> <span class='ocrx_word' id='word_1_312' title='bbox 2413 2455 2530 2488; x_wconf 89' lang='lat' dir='ltr'><em>tem-</em></span> 
     </span>
     <span class='ocr_line' id='line_1_31' title="bbox 264 2516 2531 2582; baseline 0.002 -21"><span class='ocrx_word' id='word_1_313' title='bbox 264 2532 397 2578; x_wconf 89' lang='lat' dir='ltr'><em>pore.</em></span> <span class='ocrx_word' id='word_1_314' title='bbox 434 2516 597 2563; x_wconf 78' lang='lat' dir='ltr'><em>Brevis</em></span> <span class='ocrx_word' id='word_1_315' title='bbox 632 2517 854 2564; x_wconf 88' lang='lat' dir='ltr'><em>doctrina</em></span> <span class='ocrx_word' id='word_1_316' title='bbox 887 2518 945 2564; x_wconf 88' lang='lat' dir='ltr'><em>de</em></span> <span class='ocrx_word' id='word_1_317' title='bbox 976 2519 1152 2566; x_wconf 78' lang='lat' dir='ltr'><em>divinis</em></span> <span class='ocrx_word' id='word_1_318' title='bbox 1181 2520 1476 2572; x_wconf 88' lang='lat' dir='ltr'><em>nominibus,</em></span> <span class='ocrx_word' id='word_1_319' title='bbox 1515 2537 1622 2567; x_wconf 88' lang='lat' dir='ltr'><em>cum</em></span> <span class='ocrx_word' id='word_1_320' title='bbox 1654 2518 1746 2567; x_wconf 89' lang='lat' dir='ltr'><em>toti</em></span> <span class='ocrx_word' id='word_1_321' title='bbox 1779 2523 1816 2567; x_wconf 88' lang='lat' dir='ltr'><em>T</em></span> <span class='ocrx_word' id='word_1_322' title='bbox 1813 2520 2008 2566; x_wconf 88' lang='lat' dir='ltr'><em>rinitati</em></span> <span class='ocrx_word' id='word_1_323' title='bbox 2039 2520 2389 2582; x_wconf 88' lang='lat' dir='ltr'><em>communibus,</em></span> <span class='ocrx_word' id='word_1_324' title='bbox 2429 2531 2531 2565; x_wconf 91' lang='lat' dir='ltr'><em>tum</em></span> 
     </span>
     <span class='ocr_line' id='line_1_32' title="bbox 262 2590 2531 2662; baseline 0.002 -24"><span class='ocrx_word' id='word_1_325' title='bbox 262 2593 476 2656; x_wconf 90' lang='lat' dir='ltr'><em>propriis</em></span> <span class='ocrx_word' id='word_1_326' title='bbox 502 2590 826 2657; x_wconf 84' lang='lat' dir='ltr'><em>singularum&#39;</em></span> <span class='ocrx_word' id='word_1_327' title='bbox 835 2612 1170 2659; x_wconf 87' lang='lat' dir='ltr'><em>personarum.</em></span> <span class='ocrx_word' id='word_1_328' title='bbox 1210 2598 1516 2653; x_wconf 79' lang='lat' dir='ltr'><em>Quaestiones</em></span> <span class='ocrx_word' id='word_1_329' title='bbox 1543 2598 1926 2662; x_wconf 81' lang='lat' dir='ltr'><em>Origenistarum</em></span> <span class='ocrx_word' id='word_1_330' title='bbox 1947 2598 2244 2662; x_wconf 89' lang='lat' dir='ltr'><em>propositae,</em></span> <span class='ocrx_word' id='word_1_331' title='bbox 2273 2614 2531 2660; x_wconf 88' lang='lat' dir='ltr'><em>earumque</em></span> 
     </span>
     <span class='ocr_line' id='line_1_33' title="bbox 268 2670 2531 2736; baseline 0.002 -21"><span class='ocrx_word' id='word_1_332' title='bbox 268 2670 540 2717; x_wconf 88' lang='lat' dir='ltr'><em>solutiones.</em></span> <span class='ocrx_word' id='word_1_333' title='bbox 578 2673 635 2717; x_wconf 92' lang='lat' dir='ltr'><em>Et</em></span> <span class='ocrx_word' id='word_1_334' title='bbox 668 2673 716 2718; x_wconf 90' lang='lat' dir='ltr'><em>in</em></span> <span class='ocrx_word' id='word_1_335' title='bbox 748 2670 1032 2720; x_wconf 87' lang='lat' dir='ltr'><em>bibliotheca</em></span> <span class='ocrx_word' id='word_1_336' title='bbox 1062 2676 1187 2736; x_wconf 89' lang='lat' dir='ltr'><em>regia</em></span> <span class='ocrx_word' id='word_1_337' title='bbox 1220 2677 1443 2730; x_wconf 82' lang='lat' dir='ltr'><em>Scoriaci,</em></span> <span class='ocrx_word' id='word_1_338' title='bbox 1475 2685 1528 2722; x_wconf 91' lang='lat' dir='ltr'><em>ut</em></span> <span class='ocrx_word' id='word_1_339' title='bbox 1559 2680 1690 2723; x_wconf 87' lang='lat' dir='ltr'><em>notat</em></span> <span class='ocrx_word' id='word_1_340' title='bbox 1722 2676 1861 2722; x_wconf 79' lang='lat' dir='ltr'><em>index</em></span> <span class='ocrx_word' id='word_1_341' title='bbox 1892 2692 1980 2722; x_wconf 77' lang='lat' dir='ltr'><em>ms·</em></span> <span class='ocrx_word' id='word_1_342' title='bbox 2023 2674 2253 2722; x_wconf 88' lang='lat' dir='ltr'><em>Theodori</em></span> <span class='ocrx_word' id='word_1_343' title='bbox 2282 2675 2531 2721; x_wconf 79' lang='lat' dir='ltr'><em>Abucarae</em></span> 
     </span>
     <span class='ocr_line' id='line_1_34' title="bbox 268 2742 2530 2817; baseline 0.002 -25"><span class='ocrx_word' id='word_1_344' title='bbox 268 2747 497 2793; x_wconf 88' lang='lat' dir='ltr'><em>cariensis</em></span> <span class='ocrx_word' id='word_1_345' title='bbox 531 2747 762 2812; x_wconf 85' lang='lat' dir='ltr'><em>episcopi.</em></span> <span class='ocrx_word' id='word_1_346' title='bbox 791 2749 850 2795; x_wconf 91' lang='lat' dir='ltr'><em>de</em></span> <span class='ocrx_word' id='word_1_347' title='bbox 874 2751 1146 2797; x_wconf 86' lang='lat' dir='ltr'><em>nominibus</em></span> <span class='ocrx_word' id='word_1_348' title='bbox 1172 2751 1280 2798; x_wconf 89' lang='lat' dir='ltr'><em>Dei.</em></span> <span class='ocrx_word' id='word_1_349' title='bbox 1319 2742 1458 2807; x_wconf 79' lang='lat' dir='ltr'><em>Quod</em></span> <span class='ocrx_word' id='word_1_350' title='bbox 1487 2769 1670 2817; x_wconf 85' lang='lat' dir='ltr'><em>semper</em></span> <span class='ocrx_word' id='word_1_351' title='bbox 1694 2764 1910 2817; x_wconf 82' lang='lat' dir='ltr'><em>generat.</em></span> <span class='ocrx_word' id='word_1_352' title='bbox 1948 2751 2174 2806; x_wconf 86' lang='lat' dir='ltr'><em>Eiusdem</em></span> <span class='ocrx_word' id='word_1_353' title='bbox 2198 2752 2421 2798; x_wconf 71' lang='lat' dir='ltr'><em>adversus</em></span> <span class='ocrx_word' id='word_1_354' title='bbox 2448 2767 2530 2796; x_wconf 89' lang='lat' dir='ltr'><em>ne-</em></span> 
     </span>
     <span class='ocr_line' id='line_1_35' title="bbox 269 2823 2529 2902; baseline 0.001 -33"><span class='ocrx_word' id='word_1_355' title='bbox 269 2823 559 2875; x_wconf 86' lang='lat' dir='ltr'><em>storianum,</em></span> <span class='ocrx_word' id='word_1_356' title='bbox 588 2837 634 2870; x_wconf 90' lang='lat' dir='ltr'><em>et</em></span> <span class='ocrx_word' id='word_1_357' title='bbox 665 2826 942 2897; x_wconf 81' lang='lat' dir='ltr'><em>iac-obitam.</em></span> <span class='ocrx_word' id='word_1_358' title='bbox 980 2829 1052 2873; x_wconf 92' lang='lat' dir='ltr'><em>De</em></span> <span class='ocrx_word' id='word_1_359' title='bbox 1082 2828 1374 2891; x_wconf 76' lang='lat' dir='ltr'><em>differentia.</em></span> <span class='ocrx_word' id='word_1_360' title='bbox 1412 2831 1483 2875; x_wconf 90' lang='lat' dir='ltr'><em>De</em></span> <span class='ocrx_word' id='word_1_361' title='bbox 1516 2842 1739 2902; x_wconf 53' lang='lat' dir='ltr'><em>tempore..</em></span> <span class='ocrx_word' id='word_1_362' title='bbox 1778 2831 1848 2875; x_wconf 92' lang='lat' dir='ltr'><em>De</em></span> <span class='ocrx_word' id='word_1_363' title='bbox 1880 2829 2112 2875; x_wconf 88' lang='lat' dir='ltr'><em>Trinitate</em></span> <span class='ocrx_word' id='word_1_364' title='bbox 2142 2841 2188 2874; x_wconf 85' lang='lat' dir='ltr'><em>et</em></span> <span class='ocrx_word' id='word_1_365' title='bbox 2219 2827 2529 2892; x_wconf 88' lang='lat' dir='ltr'><em>proprietati-</em></span> 
     </span>
     <span class='ocr_line' id='line_1_36' title="bbox 269 2900 2532 2970; baseline 0.001 -24"><span class='ocrx_word' id='word_1_366' title='bbox 269 2900 354 2946; x_wconf 88' lang='lat' dir='ltr'><em>bus</em></span> <span class='ocrx_word' id='word_1_367' title='bbox 392 2917 726 2965; x_wconf 86' lang='lat' dir='ltr'><em>personarum.</em></span> <span class='ocrx_word' id='word_1_368' title='bbox 771 2903 1052 2967; x_wconf 77' lang='lat' dir='ltr'><em>Explicatio</em></span> <span class='ocrx_word' id='word_1_369' title='bbox 1088 2922 1394 2952; x_wconf 89' lang='lat' dir='ltr'><em>numerorum</em></span> <span class='ocrx_word' id='word_1_370' title='bbox 1434 2906 1706 2953; x_wconf 89' lang='lat' dir='ltr'><em>dubiorum.</em></span> <span class='ocrx_word' id='word_1_371' title='bbox 1752 2906 2078 2970; x_wconf 80' lang='lat' dir='ltr'><em>Interrogatio</em></span> <span class='ocrx_word' id='word_1_372' title='bbox 2118 2905 2418 2968; x_wconf 82' lang='lat' dir='ltr'><em>Origenistae</em></span> <span class='ocrx_word' id='word_1_373' title='bbox 2462 2904 2532 2949; x_wconf 81' lang='lat' dir='ltr'><em>ad</em></span> 
     </span>
     <span class='ocr_line' id='line_1_37' title="bbox 260 2977 2527 3047; baseline 0.001 -25"><span class='ocrx_word' id='word_1_374' title='bbox 260 2977 472 3038; x_wconf 79' lang='lat' dir='ltr'><em>fidelem.</em></span> <span class='ocrx_word' id='word_1_375' title='bbox 511 2979 764 3042; x_wconf 86' lang='lat' dir='ltr'><em>Responsio</em></span> <span class='ocrx_word' id='word_1_376' title='bbox 788 2980 857 3025; x_wconf 88' lang='lat' dir='ltr'><em>ad</em></span> <span class='ocrx_word' id='word_1_377' title='bbox 879 2980 1134 3039; x_wconf 79' lang='lat' dir='ltr'><em>infidelem.</em></span> <span class='ocrx_word' id='word_1_378' title='bbox 1172 2983 1371 3029; x_wconf 85' lang='lat' dir='ltr'><em>Musices</em></span> <span class='ocrx_word' id='word_1_379' title='bbox 1395 3000 1527 3047; x_wconf 90' lang='lat' dir='ltr'><em>opus.</em></span> <span class='ocrx_word' id='word_1_380' title='bbox 1566 2985 1637 3029; x_wconf 91' lang='lat' dir='ltr'><em>De</em></span> <span class='ocrx_word' id='word_1_381' title='bbox 1669 2983 2048 3029; x_wconf 87' lang='lat' dir='ltr'><em>condensatione.</em></span> <span class='ocrx_word' id='word_1_382' title='bbox 2088 2983 2157 3027; x_wconf 93' lang='lat' dir='ltr'><em>De</em></span> <span class='ocrx_word' id='word_1_383' title='bbox 2181 2980 2423 3044; x_wconf 82' lang='lat' dir='ltr'><em>analogiis</em></span> <span class='ocrx_word' id='word_1_384' title='bbox 2446 2997 2527 3026; x_wconf 89' lang='lat' dir='ltr'><em>seu</em></span> 
     </span>
     <span class='ocr_line' id='line_1_38' title="bbox 261 3055 2526 3124; baseline 0.002 -25"><span class='ocrx_word' id='word_1_385' title='bbox 261 3055 686 3118; x_wconf 88' lang='lat' dir='ltr'><em>proportionibus.-</em></span> <span class='ocrx_word' id='word_1_386' title='bbox 706 3057 1017 3120; x_wconf 81' lang='lat' dir='ltr'><em>Synopticum</em></span> <span class='ocrx_word' id='word_1_387' title='bbox 1048 3070 1310 3123; x_wconf 81' lang='lat' dir='ltr'><em>syntagma</em></span> <span class='ocrx_word' id='word_1_388' title='bbox 1340 3059 1687 3124; x_wconf 87' lang='lat' dir='ltr'><em>philosophiae.</em></span> <span class='ocrx_word' id='word_1_389' title='bbox 1725 3061 2063 3122; x_wconf 90' lang='lat' dir='ltr'><em>Epitomatores</em></span> <span class='ocrx_word' id='word_1_390' title='bbox 2087 3059 2369 3120; x_wconf 87' lang='lat' dir='ltr'><em>gesneriani‚</em></span> <span class='ocrx_word' id='word_1_391' title='bbox 2396 3057 2526 3119; x_wconf 91' lang='lat' dir='ltr'><em>quod</em></span> 
     </span>
     <span class='ocr_line' id='line_1_39' title="bbox 271 3132 2526 3201; baseline 0.002 -25"><span class='ocrx_word' id='word_1_392' title='bbox 271 3132 406 3177; x_wconf 91' lang='lat' dir='ltr'><em>unius</em></span> <span class='ocrx_word' id='word_1_393' title='bbox 441 3141 532 3186; x_wconf 87' lang='lat' dir='ltr'><em>est,</em></span> <span class='ocrx_word' id='word_1_394' title='bbox 570 3134 618 3179; x_wconf 89' lang='lat' dir='ltr'><em>in</em></span> <span class='ocrx_word' id='word_1_395' title='bbox 653 3141 747 3179; x_wconf 87' lang='lat' dir='ltr'><em>tres</em></span> <span class='ocrx_word' id='word_1_396' title='bbox 780 3134 1012 3181; x_wconf 89' lang='lat' dir='ltr'><em>dividunt.</em></span> <span class='ocrx_word' id='word_1_397' title='bbox 1054 3134 1284 3182; x_wconf 85' lang='lat' dir='ltr'><em>Theodori</em></span> <span class='ocrx_word' id='word_1_398' title='bbox 1315 3137 1524 3201; x_wconf 84' lang='lat' dir='ltr'><em>episcopi</em></span> <span class='ocrx_word' id='word_1_399' title='bbox 1553 3149 1720 3183; x_wconf 87' lang='lat' dir='ltr'><em>contra</em></span> <span class='ocrx_word' id='word_1_400' title='bbox 1752 3137 1954 3187; x_wconf 84' lang='lat' dir='ltr'><em>Arabes,</em></span> <span class='ocrx_word' id='word_1_401' title='bbox 1992 3147 2036 3181; x_wconf 91' lang='lat' dir='ltr'><em>et</em></span> <span class='ocrx_word' id='word_1_402' title='bbox 2066 3147 2231 3181; x_wconf 89' lang='lat' dir='ltr'><em>contra</em></span> <span class='ocrx_word' id='word_1_403' title='bbox 2269 3133 2526 3198; x_wconf 81' lang='lat' dir='ltr'><em>Acephalos</em></span> 
     </span>
     <span class='ocr_line' id='line_1_40' title="bbox 267 3207 2530 3275; baseline 0.001 -22"><span class='ocrx_word' id='word_1_404' title='bbox 267 3207 615 3271; x_wconf 86' lang='lat' dir='ltr'><em>disputationes</em></span> <span class='ocrx_word' id='word_1_405' title='bbox 642 3210 920 3274; x_wconf 83' lang='lat' dir='ltr'><em>religiosae.</em></span> <span class='ocrx_word' id='word_1_406' title='bbox 951 3211 1001 3258; x_wconf 89' lang='lat' dir='ltr'><em>in</em></span> <span class='ocrx_word' id='word_1_407' title='bbox 1034 3213 1081 3258; x_wconf 76' lang='grc' dir='ltr'><em>[ι.</em></span> <span class='ocrx_word' id='word_1_408' title='bbox 1110 3229 1198 3259; x_wconf 88' lang='lat' dir='ltr'><em>ms.</em></span> <span class='ocrx_word' id='word_1_409' title='bbox 1236 3215 1289 3259; x_wconf 91' lang='lat' dir='ltr'><em>ln</em></span> <span class='ocrx_word' id='word_1_410' title='bbox 1325 3211 1608 3260; x_wconf 86' lang='lat' dir='ltr'><em>bibliotheca</em></span> <span class='ocrx_word' id='word_1_411' title='bbox 1642 3214 1936 3275; x_wconf 87' lang='lat' dir='ltr'><em>imperatoris</em></span> <span class='ocrx_word' id='word_1_412' title='bbox 1962 3211 2267 3259; x_wconf 86' lang='lat' dir='ltr'><em>Vindobonae</em></span> <span class='ocrx_word' id='word_1_413' title='bbox 2300 3210 2530 3257; x_wconf 86' lang='lat' dir='ltr'><em>Theodori</em></span> 
     </span>
     <span class='ocr_line' id='line_1_41' title="bbox 269 3285 2527 3352; baseline 0.002 -22"><span class='ocrx_word' id='word_1_414' title='bbox 269 3285 478 3349; x_wconf 84' lang='lat' dir='ltr'><em>episcopi</em></span> <span class='ocrx_word' id='word_1_415' title='bbox 501 3285 719 3334; x_wconf 81' lang='lat' dir='ltr'><em>Charran</em></span> <span class='ocrx_word' id='word_1_416' title='bbox 741 3301 1049 3352; x_wconf 83' lang='lat' dir='ltr'><em>cognomento</em></span> <span class='ocrx_word' id='word_1_417' title='bbox 1072 3290 1322 3336; x_wconf 82' lang='lat' dir='ltr'><em>Abucarae</em></span> <span class='ocrx_word' id='word_1_418' title='bbox 1345 3307 1451 3336; x_wconf 87' lang='lat' dir='ltr'><em>cum</em></span> <span class='ocrx_word' id='word_1_419' title='bbox 1477 3290 1664 3352; x_wconf 84' lang='lat' dir='ltr'><em>infideli</em></span> <span class='ocrx_word' id='word_1_420' title='bbox 1688 3290 1924 3352; x_wconf 86' lang='lat' dir='ltr'><em>(sortasse</em></span> <span class='ocrx_word' id='word_1_421' title='bbox 1948 3290 2258 3352; x_wconf 84' lang='lat' dir='ltr'><em>colloquium)</em></span> <span class='ocrx_word' id='word_1_422' title='bbox 2286 3289 2344 3335; x_wconf 90' lang='lat' dir='ltr'><em>de</em></span> <span class='ocrx_word' id='word_1_423' title='bbox 2367 3288 2527 3335; x_wconf 85' lang='lat' dir='ltr'><em>ortho-</em></span> 
     </span>
     <span class='ocr_line' id='line_1_42' title="bbox 268 3362 2526 3429; baseline 0.002 -22"><span class='ocrx_word' id='word_1_424' title='bbox 268 3362 402 3408; x_wconf 76' lang='lat' dir='ltr'><em>doxa</em></span> <span class='ocrx_word' id='word_1_425' title='bbox 426 3362 548 3423; x_wconf 83' lang='lat' dir='ltr'><em>fide.</em></span> <span class='ocrx_word' id='word_1_426' title='bbox 586 3366 912 3429; x_wconf 83' lang='lat' dir='ltr'><em>Interrogatio</em></span> <span class='ocrx_word' id='word_1_427' title='bbox 949 3367 1162 3413; x_wconf 83' lang='lat' dir='ltr'><em>Arabum</em></span> <span class='ocrx_word' id='word_1_428' title='bbox 1199 3367 1269 3414; x_wconf 85' lang='lat' dir='ltr'><em>ad</em></span> <span class='ocrx_word' id='word_1_429' title='bbox 1299 3367 1640 3418; x_wconf 86' lang='lat' dir='ltr'><em>christianum,</em></span> <span class='ocrx_word' id='word_1_430' title='bbox 1675 3379 1720 3413; x_wconf 82' lang='lat' dir='ltr'><em>et</em></span> <span class='ocrx_word' id='word_1_431' title='bbox 1755 3367 1963 3413; x_wconf 88' lang='lat' dir='ltr'><em>aliorum</em></span> <span class='ocrx_word' id='word_1_432' title='bbox 2002 3367 2071 3413; x_wconf 89' lang='lat' dir='ltr'><em>ad</em></span> <span class='ocrx_word' id='word_1_433' title='bbox 2102 3367 2324 3418; x_wconf 84' lang='lat' dir='ltr'><em>eundem,</em></span> <span class='ocrx_word' id='word_1_434' title='bbox 2364 3382 2526 3429; x_wconf 88' lang='lat' dir='ltr'><em>graece</em></span> 
     </span>
     <span class='ocr_line' id='line_1_43' title="bbox 267 3441 2527 3508; baseline 0.002 -24"><span class='ocrx_word' id='word_1_435' title='bbox 267 3447 422 3485; x_wconf 82' lang='lat' dir='ltr'><em>extant</em></span> <span class='ocrx_word' id='word_1_436' title='bbox 450 3441 497 3486; x_wconf 92' lang='lat' dir='ltr'><em>in</em></span> <span class='ocrx_word' id='word_1_437' title='bbox 530 3441 676 3488; x_wconf 88' lang='lat' dir='ltr'><em>Italia.</em></span> <span class='ocrx_word' id='word_1_438' title='bbox 719 3441 950 3489; x_wconf 83' lang='lat' dir='ltr'><em>Theodori</em></span> <span class='ocrx_word' id='word_1_439' title='bbox 973 3442 1250 3508; x_wconf 87' lang='lat' dir='ltr'><em>philosophi</em></span> <span class='ocrx_word' id='word_1_440' title='bbox 1272 3444 1484 3491; x_wconf 76' lang='lat' dir='ltr'><em>dialeoeis</em></span> <span class='ocrx_word' id='word_1_441' title='bbox 1508 3460 1615 3489; x_wconf 91' lang='lat' dir='ltr'><em>cum</em></span> <span class='ocrx_word' id='word_1_442' title='bbox 1639 3443 1935 3494; x_wconf 85' lang='lat' dir='ltr'><em>nestoriano,</em></span> <span class='ocrx_word' id='word_1_443' title='bbox 1965 3455 2009 3489; x_wconf 88' lang='lat' dir='ltr'><em>et</em></span> <span class='ocrx_word' id='word_1_444' title='bbox 2040 3444 2142 3490; x_wconf 88' lang='lat' dir='ltr'><em>alia</em></span> <span class='ocrx_word' id='word_1_445' title='bbox 2169 3443 2380 3490; x_wconf 77' lang='lat' dir='ltr'><em>dialeoeis</em></span> <span class='ocrx_word' id='word_1_446' title='bbox 2404 3442 2527 3489; x_wconf 91' lang='lat' dir='ltr'><em>eius-</em></span> 
     </span>
     <span class='ocr_line' id='line_1_44' title="bbox 269 3513 849 3567; baseline 0.016 -9"><span class='ocrx_word' id='word_1_447' title='bbox 269 3513 399 3567; x_wconf 88' lang='lat' dir='ltr'><em>dem,</em></span> <span class='ocrx_word' id='word_1_448' title='bbox 429 3525 586 3563; x_wconf 86' lang='lat' dir='ltr'><em>extant</em></span> <span class='ocrx_word' id='word_1_449' title='bbox 617 3520 665 3565; x_wconf 90' lang='lat' dir='ltr'><em>in</em></span> <span class='ocrx_word' id='word_1_450' title='bbox 706 3520 849 3567; x_wconf 87' lang='lat' dir='ltr'><em>ltalia.</em></span> 
     </span>
    </p>

    <p class='ocr_par' dir='ltr' id='par_1_8' title="bbox 268 3587 2523 3892">
     <span class='ocr_line' id='line_1_45' title="bbox 395 3587 2519 3662; baseline 0 -23"><span class='ocrx_word' id='word_1_451' title='bbox 395 3593 506 3639; x_wconf 86' lang='lat' dir='ltr'><em>CVI.</em></span> <span class='ocrx_word' id='word_1_452' title='bbox 542 3594 774 3644; x_wconf 86' lang='lat' dir='ltr'><em>Theodori</em></span> <span class='ocrx_word' id='word_1_453' title='bbox 806 3587 1126 3645; x_wconf 87' lang='lat' dir='ltr'><em>Trimithuntis</em></span> <span class='ocrx_word' id='word_1_454' title='bbox 1160 3599 1365 3662; x_wconf 88' lang='lat' dir='ltr'><em>episcopi</em></span> <span class='ocrx_word' id='word_1_455' title='bbox 1405 3614 1551 3660; x_wconf 92' lang='lat' dir='ltr'><em>usque</em></span> <span class='ocrx_word' id='word_1_456' title='bbox 1585 3613 1708 3645; x_wconf 90' lang='lat' dir='ltr'><em>nunc</em></span> <span class='ocrx_word' id='word_1_457' title='bbox 1744 3606 1866 3645; x_wconf 83' lang='lat' dir='ltr'><em>extat</em></span> <span class='ocrx_word' id='word_1_458' title='bbox 1897 3600 2036 3646; x_wconf 89' lang='lat' dir='ltr'><em>etiam</em></span> <span class='ocrx_word' id='word_1_459' title='bbox 2075 3606 2218 3662; x_wconf 84' lang='lat' dir='ltr'><em>penes</em></span> <span class='ocrx_word' id='word_1_460' title='bbox 2254 3614 2357 3646; x_wconf 89' lang='lat' dir='ltr'><em>me:</em></span> <span class='ocrx_word' id='word_1_461' title='bbox 2395 3588 2519 3662; x_wconf 61' lang='grc' dir='ltr'><em>περὶ</em></span> 
     </span>
     <span class='ocr_line' id='line_1_46' title="bbox 268 3658 2523 3739; baseline 0.005 -30"><span class='ocrx_word' id='word_1_462' title='bbox 268 3658 363 3710; x_wconf 72' lang='grc' dir='ltr'><em>τοῦ</em></span> <span class='ocrx_word' id='word_1_463' title='bbox 395 3665 512 3724; x_wconf 84' lang='grc' dir='ltr'><em>βίου</em></span> <span class='ocrx_word' id='word_1_464' title='bbox 541 3661 624 3715; x_wconf 79' lang='grc' dir='ltr'><em>καὶ</em></span> <span class='ocrx_word' id='word_1_465' title='bbox 655 3663 744 3726; x_wconf 65' lang='grc' dir='ltr'><em>τῆς</em></span> <span class='ocrx_word' id='word_1_466' title='bbox 775 3664 981 3739; x_wconf 75' lang='grc' dir='ltr'>ἔξορίοις</span> <span class='ocrx_word' id='word_1_467' title='bbox 1010 3662 1099 3718; x_wconf 67' lang='grc' dir='ltr'><em>καῖ</em></span> <span class='ocrx_word' id='word_1_468' title='bbox 1128 3666 1227 3720; x_wconf 70' lang='grc' dir='ltr'><em>τῶν</em></span> <span class='ocrx_word' id='word_1_469' title='bbox 1254 3662 1494 3736; x_wconf 56' lang='grc' dir='ltr'><em>θλίψεων</em></span> <span class='ocrx_word' id='word_1_470' title='bbox 1523 3663 1760 3720; x_wconf 74' lang='grc' dir='ltr'>Ἰωοῖννου</span> <span class='ocrx_word' id='word_1_471' title='bbox 1789 3666 1883 3719; x_wconf 73' lang='grc' dir='ltr'><em>τοῦ</em></span> <span class='ocrx_word' id='word_1_472' title='bbox 1914 3665 2283 3738; x_wconf 75' lang='grc' dir='ltr'>χρυσοσὙόμου.</span> <span class='ocrx_word' id='word_1_473' title='bbox 2318 3677 2390 3721; x_wconf 93' lang='lat' dir='ltr'><em>De</em></span> <span class='ocrx_word' id='word_1_474' title='bbox 2424 3675 2523 3720; x_wconf 76' lang='lat' dir='ltr'><em>vita</em></span> 
     </span>
     <span class='ocr_line' id='line_1_47' title="bbox 270 3740 2519 3815; baseline 0.003 -27"><span class='ocrx_word' id='word_1_475' title='bbox 270 3755 314 3788; x_wconf 86' lang='lat' dir='ltr'><em>et</em></span> <span class='ocrx_word' id='word_1_476' title='bbox 348 3745 497 3792; x_wconf 77' lang='lat' dir='ltr'><em>eoeilio</em></span> <span class='ocrx_word' id='word_1_477' title='bbox 527 3759 573 3792; x_wconf 90' lang='lat' dir='ltr'><em>et</em></span> <span class='ocrx_word' id='word_1_478' title='bbox 606 3751 985 3812; x_wconf 88' lang='lat' dir='ltr'><em>oppressionibus</em></span> <span class='ocrx_word' id='word_1_479' title='bbox 1015 3750 1248 3812; x_wconf 88' lang='lat' dir='ltr'><em>Iohannis</em></span> <span class='ocrx_word' id='word_1_480' title='bbox 1280 3749 1608 3815; x_wconf 85' lang='lat' dir='ltr'><em>chrysostomi.</em></span> <span class='ocrx_word' id='word_1_481' title='bbox 1647 3745 1701 3794; x_wconf 89' lang='lat' dir='ltr'><em>P.</em></span> <span class='ocrx_word' id='word_1_482' title='bbox 1729 3741 1999 3798; x_wconf 68' lang='lat' dir='ltr'><em>’Asanam-0)</em></span> <span class='ocrx_word' id='word_1_483' title='bbox 2037 3741 2267 3814; x_wconf 55' lang='grc' dir='ltr'><em>ἀψευδὴς</em></span> <span class='ocrx_word' id='word_1_484' title='bbox 2297 3744 2321 3796; x_wconf 84' lang='grc' dir='ltr'>ὁ</span> <span class='ocrx_word' id='word_1_485' title='bbox 2356 3740 2465 3803; x_wconf 75' lang='grc' dir='ltr'><em>θεὸς</em></span> <span class='ocrx_word' id='word_1_486' title='bbox 2496 3742 2519 3794; x_wconf 86' lang='lat'><em>0‘</em></span> 
     </span>
     <span class='ocr_line' id='line_1_48' title="bbox 273 3807 2521 3892; baseline 0.005 -30"><span class='ocrx_word' id='word_1_487' title='bbox 273 3807 362 3863; x_wconf 71' lang='grc' dir='ltr'><em>ὃιοὶ</em></span> <span class='ocrx_word' id='word_1_488' title='bbox 393 3813 488 3864; x_wconf 75' lang='grc' dir='ltr'><em>τοῦ</em></span> <span class='ocrx_word' id='word_1_489' title='bbox 519 3815 773 3887; x_wconf 70' lang='grc' dir='ltr'><em>προφήτου</em></span> <span class='ocrx_word' id='word_1_490' title='bbox 814 3817 1275 3892; x_wconf 65' lang='grc' dir='ltr'>ἐπαγῖειλοῖμενος,</span> <span class='ocrx_word' id='word_1_491' title='bbox 1307 3818 1505 3872; x_wconf 78' lang='grc' dir='ltr'>πολλαὶ</span> <span class='ocrx_word' id='word_1_492' title='bbox 1545 3820 1599 3873; x_wconf 82' lang='grc' dir='ltr'><em>αἱ</em></span> <span class='ocrx_word' id='word_1_493' title='bbox 1637 3817 1859 3890; x_wconf 58' lang='grc' dir='ltr'><em>θλίψεις</em></span> <span class='ocrx_word' id='word_1_494' title='bbox 1892 3820 1989 3874; x_wconf 69' lang='grc' dir='ltr'><em>τῶν</em></span> <span class='ocrx_word' id='word_1_495' title='bbox 2019 3818 2238 3875; x_wconf 69' lang='grc' dir='ltr'><em>δικαίων.</em></span> <span class='ocrx_word' id='word_1_496' title='bbox 2276 3832 2329 3875; x_wconf 90' lang='lat' dir='ltr'><em>Et</em></span> <span class='ocrx_word' id='word_1_497' title='bbox 2357 3829 2521 3875; x_wconf 83' lang='lat' dir='ltr'><em>adver-</em></span> 
     </span>
    </p>
   </div>
  </div>
 </body>
</html>
