<?xml version="1.0" encoding="UTF-8"?>
<!DOCTYPE html PUBLIC "-//W3C//DTD XHTML 1.0 Transitional//EN"
    "http://www.w3.org/TR/xhtml1/DTD/xhtml1-transitional.dtd">
<html xmlns="http://www.w3.org/1999/xhtml" xml:lang="en" lang="en">
 <head>
  <title>
</title>
<meta http-equiv="Content-Type" content="text/html;charset=utf-8" />
  <meta name='ocr-system' content='tesseract 3.04.00' />
  <meta name='ocr-capabilities' content='ocr_page ocr_carea ocr_par ocr_line ocrx_word'/>
</head>
<body>
  <div class='ocr_page' id='page_1' title='image "./novaepatrumbibli06maiauoft/novaepatrumbibli06maiauoft_0684.png"; bbox 0 0 2970 4420; ppageno 0'>
   <div class='ocr_carea' id='block_1_1' title="bbox 215 2250 382 2316">
    <p class='ocr_par' dir='ltr' id='par_1_1' title="bbox 215 2250 382 2316">
     <span class='ocr_line' id='line_1_1' title="bbox 215 2250 382 2281; baseline 0.006 -1"><span class='ocrx_word' id='word_1_1' title='bbox 215 2252 256 2280; x_wconf 74' lang='lat' dir='ltr'>Ex</span> <span class='ocrx_word' id='word_1_2' title='bbox 277 2250 382 2281; x_wconf 76' lang='lat' dir='ltr'>Allatii</span> 
     </span>
     <span class='ocr_line' id='line_1_2' title="bbox 216 2286 349 2316; baseline 0 -1"><span class='ocrx_word' id='word_1_3' title='bbox 216 2286 349 2316; x_wconf 78' lang='lat' dir='ltr'>schedis.</span> 
     </span>
    </p>
   </div>
   <div class='ocr_carea' id='block_1_2' title="bbox 406 257 1502 519">
    <p class='ocr_par' dir='ltr' id='par_1_2' title="bbox 406 257 1502 519">
     <span class='ocr_line' id='line_1_3' title="bbox 414 257 508 303; baseline 0 0"><span class='ocrx_word' id='word_1_4' title='bbox 414 257 508 303; x_wconf 63' lang='lat' dir='ltr'>Mo</span> 
     </span>
     <span class='ocr_line' id='line_1_4' title="bbox 407 342 1501 395; baseline -0.007 -13"><span class='ocrx_word' id='word_1_5' title='bbox 407 347 501 395; x_wconf 75' lang='grc' dir='ltr'><em>οἴγειν</em></span> <span class='ocrx_word' id='word_1_6' title='bbox 531 346 687 393; x_wconf 73' lang='grc' dir='ltr'><em>πειρᾶται</em></span> <span class='ocrx_word' id='word_1_7' title='bbox 713 344 769 381; x_wconf 77' lang='grc' dir='ltr'>τόν</span> <span class='ocrx_word' id='word_1_8' title='bbox 794 346 855 381; x_wconf 85' lang='grc' dir='ltr'>τοῦ</span> <span class='ocrx_word' id='word_1_9' title='bbox 876 342 1012 381; x_wconf 64' lang='grc' dir='ltr'><em>λατίνου</em></span> <span class='ocrx_word' id='word_1_10' title='bbox 1044 342 1168 391; x_wconf 87' lang='grc' dir='ltr'><em>λόγον,</em></span> <span class='ocrx_word' id='word_1_11' title='bbox 1194 342 1253 377; x_wconf 82' lang='grc' dir='ltr'><em>καί</em></span> <span class='ocrx_word' id='word_1_12' title='bbox 1287 342 1342 376; x_wconf 76' lang='grc' dir='ltr'><em>διαὶ</em></span> <span class='ocrx_word' id='word_1_13' title='bbox 1372 343 1501 376; x_wconf 82' lang='grc' dir='ltr'><em>πολλων</em></span> 
     </span>
     <span class='ocr_line' id='line_1_5' title="bbox 406 403 1501 458; baseline -0.005 -14"><span class='ocrx_word' id='word_1_14' title='bbox 406 409 467 445; x_wconf 74' lang='grc' dir='ltr'>τῶν</span> <span class='ocrx_word' id='word_1_15' title='bbox 487 407 687 458; x_wconf 77' lang='grc' dir='ltr'><em>φαινομένων</em></span> <span class='ocrx_word' id='word_1_16' title='bbox 707 406 854 451; x_wconf 82' lang='grc' dir='ltr'><em>οἷτόπων,</em></span> <span class='ocrx_word' id='word_1_17' title='bbox 875 406 1001 443; x_wconf 77' lang='grc' dir='ltr'><em>ἄτοπον</em></span> <span class='ocrx_word' id='word_1_18' title='bbox 1022 405 1126 442; x_wconf 80' lang='grc' dir='ltr'><em>αὐτοῦ</em></span> <span class='ocrx_word' id='word_1_19' title='bbox 1146 404 1204 444; x_wconf 69' lang='grc' dir='ltr'>τήν</span> <span class='ocrx_word' id='word_1_20' title='bbox 1227 403 1326 448; x_wconf 82' lang='grc' dir='ltr'><em>δόξαν</em></span> <span class='ocrx_word' id='word_1_21' title='bbox 1349 404 1471 439; x_wconf 83' lang='grc' dir='ltr'><em>δεικνύε</em></span> <span class='ocrx_word' id='word_1_22' title='bbox 1459 418 1501 439; x_wconf 69' lang='grc' dir='ltr'>ειν</span> 
     </span>
     <span class='ocr_line' id='line_1_6' title="bbox 406 464 1502 519; baseline -0.006 -12.894"><span class='ocrx_word' id='word_1_23' title='bbox 406 470 583 519; x_wconf 67' lang='grc' dir='ltr'><em>ἐπιχειρεῖ·</em></span> <span class='ocrx_word' id='word_1_24' title='bbox 607 469 624 505; x_wconf 86' lang='grc' dir='ltr'><strong><em>ὁ</em></strong></span> <span class='ocrx_word' id='word_1_25' title='bbox 651 469 684 504; x_wconf 76' lang='grc' dir='ltr'>δὲ</span> <span class='ocrx_word' id='word_1_26' title='bbox 712 469 757 504; x_wconf 74' lang='grc' dir='ltr'>τοὶ</span> <span class='ocrx_word' id='word_1_27' title='bbox 781 468 897 505; x_wconf 84' lang='grc' dir='ltr'><em>οἶτοπα</em></span> <span class='ocrx_word' id='word_1_28' title='bbox 920 468 1009 504; x_wconf 81' lang='grc' dir='ltr'><em>λύειν</em></span> <span class='ocrx_word' id='word_1_29' title='bbox 1039 466 1229 514; x_wconf 77' lang='grc' dir='ltr'><em>ἐπείγεται,</em></span> <span class='ocrx_word' id='word_1_30' title='bbox 1254 466 1312 501; x_wconf 74' lang='grc' dir='ltr'>καὶ</span> <span class='ocrx_word' id='word_1_31' title='bbox 1342 464 1502 501; x_wconf 89' lang='grc' dir='ltr'><em>δείκνυσιν</em></span> 
     </span>
    </p>
   </div>
   <div class='ocr_carea' id='block_1_3' title="bbox 406 525 1506 640">
    <p class='ocr_par' dir='ltr' id='par_1_3' title="bbox 406 525 1506 640">
     <span class='ocr_line' id='line_1_7' title="bbox 407 525 1504 576; baseline -0.005 -9"><span class='ocrx_word' id='word_1_32' title='bbox 407 532 450 573; x_wconf 83' lang='grc' dir='ltr'><em>ως</em></span> <span class='ocrx_word' id='word_1_33' title='bbox 477 529 501 571; x_wconf 75' lang='grc' dir='ltr'><em>ἢ</em></span> <span class='ocrx_word' id='word_1_34' title='bbox 529 544 589 566; x_wconf 83' lang='grc' dir='ltr'><em>ουκ</em></span> <span class='ocrx_word' id='word_1_35' title='bbox 615 529 706 566; x_wconf 85' lang='grc' dir='ltr'><em>ἔστιν</em></span> <span class='ocrx_word' id='word_1_36' title='bbox 731 529 847 566; x_wconf 74' lang='grc' dir='ltr'><em>ἄτοπα</em></span> <span class='ocrx_word' id='word_1_37' title='bbox 872 530 916 564; x_wconf 81' lang='grc' dir='ltr'>τοὶ</span> <span class='ocrx_word' id='word_1_38' title='bbox 940 527 1154 575; x_wconf 79' lang='grc' dir='ltr'><em>ἐπαγόμενοι,</em></span> <span class='ocrx_word' id='word_1_39' title='bbox 1174 525 1198 568; x_wconf 73' lang='grc' dir='ltr'><em>ἢ</em></span> <span class='ocrx_word' id='word_1_40' title='bbox 1223 527 1290 576; x_wconf 81' lang='grc' dir='ltr'><em>οὐχ</em></span> <span class='ocrx_word' id='word_1_41' title='bbox 1317 525 1434 562; x_wconf 81' lang='grc' dir='ltr'><em>ἕπεται</em></span> <span class='ocrx_word' id='word_1_42' title='bbox 1460 528 1504 573; x_wconf 82' lang='grc' dir='ltr'><em>τῷ</em></span> 
     </span>
     <span class='ocr_line' id='line_1_8' title="bbox 406 587 1506 640; baseline -0.005 -11"><span class='ocrx_word' id='word_1_43' title='bbox 406 594 532 630; x_wconf 76' lang='grc' dir='ltr'><em>ἑαυτοῦ</em></span> <span class='ocrx_word' id='word_1_44' title='bbox 551 592 709 640; x_wconf 83' lang='grc' dir='ltr'><em>δόγματι·</em></span> <span class='ocrx_word' id='word_1_45' title='bbox 730 590 808 628; x_wconf 79' lang='grc' dir='ltr'><em>εἶτα</em></span> <span class='ocrx_word' id='word_1_46' title='bbox 832 592 890 627; x_wconf 79' lang='grc' dir='ltr'>καὶ</span> <span class='ocrx_word' id='word_1_47' title='bbox 917 589 965 631; x_wconf 86' lang='grc' dir='ltr'>εἷς</span> <span class='ocrx_word' id='word_1_48' title='bbox 992 590 1045 626; x_wconf 86' lang='grc' dir='ltr'>τὸν</span> <span class='ocrx_word' id='word_1_49' title='bbox 1073 591 1129 624; x_wconf 79' lang='grc' dir='ltr'><em>διοὶ</em></span> <span class='ocrx_word' id='word_1_50' title='bbox 1154 589 1432 637; x_wconf 70' lang='grc' dir='ltr'><em>παραδειγμάτων</em></span> <span class='ocrx_word' id='word_1_51' title='bbox 1459 587 1506 623; x_wconf 82' lang='grc' dir='ltr'>εἷ-</span> 
     </span>
    </p>
   </div>
   <div class='ocr_carea' id='block_1_4' title="bbox 407 648 1506 704">
    <p class='ocr_par' dir='ltr' id='par_1_4' title="bbox 407 648 1506 704">
     <span class='ocr_line' id='line_1_9' title="bbox 407 648 1506 704; baseline -0.005 -13"><span class='ocrx_word' id='word_1_52' title='bbox 407 655 565 704; x_wconf 79' lang='grc' dir='ltr'><em>κονισμόν</em></span> <span class='ocrx_word' id='word_1_53' title='bbox 600 654 842 698; x_wconf 79' lang='grc' dir='ltr'><em>εἷσβάλλουσιν</em></span> <span class='ocrx_word' id='word_1_54' title='bbox 873 652 982 701; x_wconf 72' lang='grc' dir='ltr'><em>ἄμφω·</em></span> <span class='ocrx_word' id='word_1_55' title='bbox 1015 650 1166 693; x_wconf 76' lang='grc' dir='ltr'><em>συντίθης</em></span> <span class='ocrx_word' id='word_1_56' title='bbox 1199 652 1247 686; x_wconf 28' lang='grc' dir='ltr'>δὲ*</span> <span class='ocrx_word' id='word_1_57' title='bbox 1267 651 1327 687; x_wconf 71' lang='grc' dir='ltr'>καὶ</span> <span class='ocrx_word' id='word_1_58' title='bbox 1358 648 1456 693; x_wconf 80' lang='grc' dir='ltr'><em>οὗτος</em></span> <span class='ocrx_word' id='word_1_59' title='bbox 1487 651 1506 686; x_wconf 87' lang='lat'>0‘</span> 
     </span>
    </p>
   </div>
   <div class='ocr_carea' id='block_1_5' title="bbox 370 711 1518 2064">
    <p class='ocr_par' dir='ltr' id='par_1_5' title="bbox 370 711 1518 2064">
     <span class='ocr_line' id='line_1_10' title="bbox 370 711 1507 767; baseline -0.006 -11"><span class='ocrx_word' id='word_1_60' title='bbox 370 754 373 757; x_wconf 95' lang='grc'><em>,</em></span> <span class='ocrx_word' id='word_1_61' title='bbox 407 718 531 767; x_wconf 71' lang='grc' dir='ltr'><em>τρόπος</em></span> <span class='ocrx_word' id='word_1_62' title='bbox 558 719 630 758; x_wconf 82' lang='grc' dir='ltr'><em>τοῖς</em></span> <span class='ocrx_word' id='word_1_63' title='bbox 656 716 846 764; x_wconf 83' lang='grc' dir='ltr'><em>θεολόγοις·</em></span> <span class='ocrx_word' id='word_1_64' title='bbox 868 714 927 750; x_wconf 74' lang='grc' dir='ltr'><em>καὶ</em></span> <span class='ocrx_word' id='word_1_65' title='bbox 952 714 971 750; x_wconf 80' lang='grc' dir='ltr'><em>ἆ</em></span> <span class='ocrx_word' id='word_1_66' title='bbox 992 714 1055 761; x_wconf 81' lang='grc' dir='ltr'>μὲν</span> <span class='ocrx_word' id='word_1_67' title='bbox 1081 711 1120 757; x_wconf 82' lang='grc' dir='ltr'>ἒξ</span> <span class='ocrx_word' id='word_1_68' title='bbox 1144 712 1273 749; x_wconf 78' lang='grc' dir='ltr'><em>εἰκόνων</em></span> <span class='ocrx_word' id='word_1_69' title='bbox 1300 714 1358 748; x_wconf 75' lang='grc' dir='ltr'><em>καὶ</em></span> <span class='ocrx_word' id='word_1_70' title='bbox 1384 713 1507 749; x_wconf 79' lang='grc' dir='ltr'><em>οἱναλο-</em></span> 
     </span>
     <span class='ocr_line' id='line_1_11' title="bbox 407 771 1506 827; baseline -0.004 -12"><span class='ocrx_word' id='word_1_71' title='bbox 407 778 487 827; x_wconf 87' lang='grc' dir='ltr'><em>γίας</em></span> <span class='ocrx_word' id='word_1_72' title='bbox 513 780 557 815; x_wconf 76' lang='grc' dir='ltr'>τοὶ</span> <span class='ocrx_word' id='word_1_73' title='bbox 587 781 647 820; x_wconf 79' lang='grc' dir='ltr'>τῆς</span> <span class='ocrx_word' id='word_1_74' title='bbox 673 776 898 825; x_wconf 72' lang='grc' dir='ltr'><em>ἐκπορεόσεως</em></span> <span class='ocrx_word' id='word_1_75' title='bbox 925 777 984 810; x_wconf 78' lang='grc' dir='ltr'>τοῦ</span> <span class='ocrx_word' id='word_1_76' title='bbox 1010 771 1199 823; x_wconf 72' lang='grc' dir='ltr'><em>πνεύματος</em></span> <span class='ocrx_word' id='word_1_77' title='bbox 1225 774 1462 811; x_wconf 79' lang='grc' dir='ltr'><em>ὑποδείκνυσιν·</em></span> <span class='ocrx_word' id='word_1_78' title='bbox 1489 775 1506 811; x_wconf 82' lang='grc' dir='ltr'>ὅ</span> 
     </span>
     <span class='ocr_line' id='line_1_12' title="bbox 408 835 1508 887; baseline -0.005 -11"><span class='ocrx_word' id='word_1_79' title='bbox 408 841 443 876; x_wconf 82' lang='grc' dir='ltr'><em>δέ</em></span> <span class='ocrx_word' id='word_1_80' title='bbox 471 844 530 876; x_wconf 78' lang='grc' dir='ltr'>τῶν</span> <span class='ocrx_word' id='word_1_81' title='bbox 556 839 803 887; x_wconf 84' lang='grc' dir='ltr'><em>εἴκονισμάτων·</em></span> <span class='ocrx_word' id='word_1_82' title='bbox 826 837 899 873; x_wconf 82' lang='grc' dir='ltr'><em>ἕνια</em></span> <span class='ocrx_word' id='word_1_83' title='bbox 927 836 1121 886; x_wconf 76' lang='grc' dir='ltr'><em>μέμφεται,</em></span> <span class='ocrx_word' id='word_1_84' title='bbox 1147 837 1206 873; x_wconf 77' lang='grc' dir='ltr'><em>καὶ</em></span> <span class='ocrx_word' id='word_1_85' title='bbox 1239 835 1508 884; x_wconf 75' lang='grc' dir='ltr'><em>ἀντιπαρατίθη-</em></span> 
     </span>
     <span class='ocr_line' id='line_1_13' title="bbox 409 897 1510 951; baseline -0.005 -13"><span class='ocrx_word' id='word_1_86' title='bbox 409 916 462 939; x_wconf 85' lang='grc' dir='ltr'>σιν</span> <span class='ocrx_word' id='word_1_87' title='bbox 486 902 586 951; x_wconf 63' lang='grc' dir='ltr'><em>ἕτερα</em></span> <span class='ocrx_word' id='word_1_88' title='bbox 607 901 707 938; x_wconf 82' lang='grc' dir='ltr'><em>δῆθεν</em></span> <span class='ocrx_word' id='word_1_89' title='bbox 727 916 783 937; x_wconf 86' lang='grc' dir='ltr'>και</span> <span class='ocrx_word' id='word_1_90' title='bbox 808 899 1032 948; x_wconf 71' lang='grc' dir='ltr'><em>οἷλληλότερα·</em></span> <span class='ocrx_word' id='word_1_91' title='bbox 1054 899 1112 935; x_wconf 72' lang='grc' dir='ltr'>καί</span> <span class='ocrx_word' id='word_1_92' title='bbox 1133 899 1151 934; x_wconf 79' lang='grc' dir='ltr'>ὅ</span> <span class='ocrx_word' id='word_1_93' title='bbox 1171 902 1309 940; x_wconf 74' lang='grc' dir='ltr'><em>λατῒνος</em></span> <span class='ocrx_word' id='word_1_94' title='bbox 1331 897 1433 941; x_wconf 77' lang='grc' dir='ltr'><em>αὖθις</em></span> <span class='ocrx_word' id='word_1_95' title='bbox 1453 914 1510 946; x_wconf 86' lang='grc' dir='ltr'>μι-</span> 
     </span>
     <span class='ocr_line' id='line_1_14' title="bbox 407 961 1511 1021; baseline -0.005 -20"><span class='ocrx_word' id='word_1_96' title='bbox 407 968 523 1021; x_wconf 83' lang='grc' dir='ltr'><em>μεῖται</em></span> <span class='ocrx_word' id='word_1_97' title='bbox 550 967 605 1001; x_wconf 82' lang='grc' dir='ltr'>τὸν</span> <span class='ocrx_word' id='word_1_98' title='bbox 630 964 788 1013; x_wconf 69' lang='grc' dir='ltr'><em>γραικόν,</em></span> <span class='ocrx_word' id='word_1_99' title='bbox 809 962 867 998; x_wconf 78' lang='grc' dir='ltr'><em>καὶ</em></span> <span class='ocrx_word' id='word_1_100' title='bbox 894 963 938 997; x_wconf 82' lang='grc' dir='ltr'>τοὶ</span> <span class='ocrx_word' id='word_1_101' title='bbox 963 976 1025 1010; x_wconf 85' lang='grc' dir='ltr'>μεν</span> <span class='ocrx_word' id='word_1_102' title='bbox 1050 961 1241 1009; x_wconf 79' lang='grc' dir='ltr'><em>μέμφεται,</em></span> <span class='ocrx_word' id='word_1_103' title='bbox 1265 961 1309 996; x_wconf 86' lang='grc' dir='ltr'>τοὶ</span> <span class='ocrx_word' id='word_1_104' title='bbox 1332 963 1360 997; x_wconf 87' lang='grc' dir='ltr'>δ’</span> <span class='ocrx_word' id='word_1_105' title='bbox 1385 961 1511 996; x_wconf 83' lang='grc' dir='ltr'><em>εαυτοῦ</em></span> 
     </span>
     <span class='ocr_line' id='line_1_15' title="bbox 405 1022 1511 1075; baseline -0.006 -12"><span class='ocrx_word' id='word_1_106' title='bbox 405 1023 538 1075; x_wconf 73' lang='grc' dir='ltr'><em>μᾶλλον</em></span> <span class='ocrx_word' id='word_1_107' title='bbox 566 1024 826 1073; x_wconf 77' lang='grc' dir='ltr'><em>προσφυέστερα</em></span> <span class='ocrx_word' id='word_1_108' title='bbox 857 1022 1029 1059; x_wconf 80' lang='grc' dir='ltr'><em>δεί·κνυσιν</em></span> <span class='ocrx_word' id='word_1_109' title='bbox 1056 1022 1112 1059; x_wconf 86' lang='grc' dir='ltr'><em>ε’πι</em></span> <span class='ocrx_word' id='word_1_110' title='bbox 1139 1022 1269 1064; x_wconf 75' lang='grc' dir='ltr'><em>τούτοις</em></span> <span class='ocrx_word' id='word_1_111' title='bbox 1301 1023 1360 1058; x_wconf 83' lang='grc' dir='ltr'>καὶ</span> <span class='ocrx_word' id='word_1_112' title='bbox 1393 1025 1511 1058; x_wconf 82' lang='grc' dir='ltr'><em>διαπο-</em></span> 
     </span>
     <span class='ocr_line' id='line_1_16' title="bbox 407 1083 1511 1136; baseline -0.005 -13"><span class='ocrx_word' id='word_1_113' title='bbox 407 1088 622 1136; x_wconf 75' lang='grc' dir='ltr'><em>ρητικῶτερον</em></span> <span class='ocrx_word' id='word_1_114' title='bbox 645 1089 815 1122; x_wconf 83' lang='grc' dir='ltr'><em>ποιοῦνται</em></span> <span class='ocrx_word' id='word_1_115' title='bbox 837 1086 892 1121; x_wconf 88' lang='grc' dir='ltr'>τὸν</span> <span class='ocrx_word' id='word_1_116' title='bbox 917 1084 1036 1132; x_wconf 87' lang='grc' dir='ltr'><em>λόγον,</em></span> <span class='ocrx_word' id='word_1_117' title='bbox 1057 1099 1113 1120; x_wconf 89' lang='grc' dir='ltr'>και</span> <span class='ocrx_word' id='word_1_118' title='bbox 1135 1085 1379 1132; x_wconf 80' lang='grc' dir='ltr'><em>ἀνταποροῢσιν</em></span> <span class='ocrx_word' id='word_1_119' title='bbox 1405 1083 1511 1123; x_wconf 72' lang='grc' dir='ltr'><em>ἀλλή-</em></span> 
     </span>
     <span class='ocr_line' id='line_1_17' title="bbox 407 1145 1510 1196; baseline -0.005 -11"><span class='ocrx_word' id='word_1_120' title='bbox 407 1154 505 1193; x_wconf 85' lang='grc' dir='ltr'><em>λους,</em></span> <span class='ocrx_word' id='word_1_121' title='bbox 526 1149 614 1185; x_wconf 72' lang='grc' dir='ltr'><em>λύειν</em></span> <span class='ocrx_word' id='word_1_122' title='bbox 635 1150 679 1183; x_wconf 82' lang='grc' dir='ltr'>τοὶ</span> <span class='ocrx_word' id='word_1_123' title='bbox 699 1147 813 1196; x_wconf 74' lang='grc' dir='ltr'><em>ἄπορα</em></span> <span class='ocrx_word' id='word_1_124' title='bbox 837 1148 885 1195; x_wconf 76' lang='grc' dir='ltr'><em>μή</em></span> <span class='ocrx_word' id='word_1_125' title='bbox 908 1146 1091 1195; x_wconf 82' lang='grc' dir='ltr'><em>δυνάμενοι·</em></span> <span class='ocrx_word' id='word_1_126' title='bbox 1112 1147 1170 1181; x_wconf 80' lang='grc' dir='ltr'>καὶ</span> <span class='ocrx_word' id='word_1_127' title='bbox 1198 1145 1379 1188; x_wconf 79' lang='grc' dir='ltr'><em>δεικνύντες</em></span> <span class='ocrx_word' id='word_1_128' title='bbox 1401 1145 1451 1181; x_wconf 74' lang='grc' dir='ltr'>ὅτι</span> <span class='ocrx_word' id='word_1_129' title='bbox 1473 1145 1510 1180; x_wconf 75' lang='grc' dir='ltr'>αἱ</span> 
     </span>
     <span class='ocr_line' id='line_1_18' title="bbox 409 1207 1514 1261; baseline -0.005 -12"><span class='ocrx_word' id='word_1_130' title='bbox 409 1211 612 1261; x_wconf 65' lang='grc' dir='ltr'><em>ἑκατέρωθεν</em></span> <span class='ocrx_word' id='word_1_131' title='bbox 637 1209 775 1257; x_wconf 74' lang='grc' dir='ltr'><em>ἀπορίαι</em></span> <span class='ocrx_word' id='word_1_132' title='bbox 800 1209 1064 1258; x_wconf 71' lang='grc' dir='ltr'><em>συμβαίνουσιν,</em></span> <span class='ocrx_word' id='word_1_133' title='bbox 1086 1208 1123 1245; x_wconf 88' lang='grc' dir='ltr'><em>ου’</em></span> <span class='ocrx_word' id='word_1_134' title='bbox 1145 1209 1200 1244; x_wconf 85' lang='grc' dir='ltr'><em>διοὶ</em></span> <span class='ocrx_word' id='word_1_135' title='bbox 1221 1209 1258 1244; x_wconf 82' lang='grc' dir='ltr'>τό</span> <span class='ocrx_word' id='word_1_136' title='bbox 1284 1210 1344 1244; x_wconf 81' lang='grc' dir='ltr'>τοῦ</span> <span class='ocrx_word' id='word_1_137' title='bbox 1364 1207 1514 1255; x_wconf 72' lang='grc' dir='ltr'><em>προβλή-</em></span> 
     </span>
     <span class='ocr_line' id='line_1_19' title="bbox 409 1270 1513 1324; baseline -0.005 -13"><span class='ocrx_word' id='word_1_138' title='bbox 409 1290 517 1324; x_wconf 80' lang='grc' dir='ltr'><em>ματος</em></span> <span class='ocrx_word' id='word_1_139' title='bbox 538 1274 664 1310; x_wconf 61' lang='lat' dir='ltr'>drenow</span> <span class='ocrx_word' id='word_1_140' title='bbox 684 1272 708 1314; x_wconf 68' lang='grc' dir='ltr'><em>ἢ</em></span> <span class='ocrx_word' id='word_1_141' title='bbox 728 1271 891 1318; x_wconf 70' lang='grc' dir='ltr'><em>ἄδοξονῆ</em></span> <span class='ocrx_word' id='word_1_142' title='bbox 909 1272 1086 1316; x_wconf 80' lang='grc' dir='ltr'><em>οἷδόνατον,</em></span> <span class='ocrx_word' id='word_1_143' title='bbox 1109 1271 1273 1321; x_wconf 73' lang='grc' dir='ltr'><em>οὐδὲγάρ</em></span> <span class='ocrx_word' id='word_1_144' title='bbox 1294 1270 1333 1307; x_wconf 81' lang='grc' dir='ltr'>οἳν</span> <span class='ocrx_word' id='word_1_145' title='bbox 1356 1270 1513 1314; x_wconf 81' lang='grc' dir='ltr'><em>συνέβαι-</em></span> 
     </span>
     <span class='ocr_line' id='line_1_20' title="bbox 409 1325 1514 1385; baseline -0.005 -13"><span class='ocrx_word' id='word_1_146' title='bbox 409 1352 461 1372; x_wconf 89' lang='grc' dir='ltr'>νον</span> <span class='ocrx_word' id='word_1_147' title='bbox 482 1335 703 1385; x_wconf 72' lang='grc' dir='ltr'><em>ἕκατέρωθεν,</em></span> <span class='ocrx_word' id='word_1_148' title='bbox 722 1326 815 1371; x_wconf 83' lang='grc' dir='ltr'><em>οἷλλοὶ</em></span> <span class='ocrx_word' id='word_1_149' title='bbox 836 1336 891 1371; x_wconf 77' lang='grc' dir='ltr'><em>διοὶ</em></span> <span class='ocrx_word' id='word_1_150' title='bbox 911 1336 948 1371; x_wconf 84' lang='grc' dir='ltr'><em>τὸ</em></span> <span class='ocrx_word' id='word_1_151' title='bbox 967 1337 1026 1370; x_wconf 79' lang='grc' dir='ltr'>τοῦ</span> <span class='ocrx_word' id='word_1_152' title='bbox 1044 1325 1315 1382; x_wconf 82' lang='grc' dir='ltr'><em>θεολογουμένου</em></span> <span class='ocrx_word' id='word_1_153' title='bbox 1337 1332 1514 1380; x_wconf 77' lang='grc' dir='ltr'><em>ὑπερφυές·</em></span> 
     </span>
     <span class='ocr_line' id='line_1_21' title="bbox 409 1395 1512 1446; baseline -0.005 -11"><span class='ocrx_word' id='word_1_154' title='bbox 409 1401 466 1435; x_wconf 81' lang='grc' dir='ltr'><em>καὶ</em></span> <span class='ocrx_word' id='word_1_155' title='bbox 500 1395 714 1441; x_wconf 82' lang='grc' dir='ltr'><em>τελευταῖον,</em></span> <span class='ocrx_word' id='word_1_156' title='bbox 743 1398 799 1433; x_wconf 68' lang='grc' dir='ltr'><em>διαὶ</em></span> <span class='ocrx_word' id='word_1_157' title='bbox 828 1400 1016 1446; x_wconf 64' lang='grc' dir='ltr'><em>μαρτυριῶν</em></span> <span class='ocrx_word' id='word_1_158' title='bbox 1050 1396 1214 1437; x_wconf 75' lang='grc' dir='ltr'><em>άλλήλοις</em></span> <span class='ocrx_word' id='word_1_159' title='bbox 1249 1395 1512 1441; x_wconf 84' lang='grc' dir='ltr'><em>συμπλέκονται”</em></span> 
     </span>
     <span class='ocr_line' id='line_1_22' title="bbox 410 1457 1516 1509; baseline -0.005 -12"><span class='ocrx_word' id='word_1_160' title='bbox 410 1461 469 1497; x_wconf 77' lang='grc' dir='ltr'>καὶ</span> <span class='ocrx_word' id='word_1_161' title='bbox 496 1461 557 1503; x_wconf 86' lang='grc' dir='ltr'><em>τοὶς</em></span> <span class='ocrx_word' id='word_1_162' title='bbox 583 1462 644 1509; x_wconf 81' lang='grc' dir='ltr'>μὲν</span> <span class='ocrx_word' id='word_1_163' title='bbox 672 1458 792 1504; x_wconf 77' lang='grc' dir='ltr'><em>οὗτος,</em></span> <span class='ocrx_word' id='word_1_164' title='bbox 813 1460 875 1501; x_wconf 83' lang='grc' dir='ltr'><em>τοὶς</em></span> <span class='ocrx_word' id='word_1_165' title='bbox 902 1463 929 1495; x_wconf 82' lang='grc' dir='ltr'>δ’</span> <span class='ocrx_word' id='word_1_166' title='bbox 956 1457 1053 1500; x_wconf 75' lang='grc' dir='ltr'><em>οὗτος</em></span> <span class='ocrx_word' id='word_1_167' title='bbox 1079 1458 1119 1500; x_wconf 82' lang='grc' dir='ltr'><em>ὥς</em></span> <span class='ocrx_word' id='word_1_168' title='bbox 1144 1458 1348 1507; x_wconf 79' lang='grc' dir='ltr'><em>μαχομένας</em></span> <span class='ocrx_word' id='word_1_169' title='bbox 1374 1457 1516 1493; x_wconf 81' lang='grc' dir='ltr'><em>οἷντιπα-</em></span> 
     </span>
     <span class='ocr_line' id='line_1_23' title="bbox 410 1518 1514 1571; baseline -0.004 -13"><span class='ocrx_word' id='word_1_170' title='bbox 410 1523 589 1571; x_wconf 64' lang='grc' dir='ltr'><em>ξάγοντες,</em></span> <span class='ocrx_word' id='word_1_171' title='bbox 607 1524 667 1563; x_wconf 75' lang='grc' dir='ltr'>τήν</span> <span class='ocrx_word' id='word_1_172' title='bbox 688 1520 937 1570; x_wconf 80' lang='grc' dir='ltr'><em>ε’ναντιοφωνίαν</em></span> <span class='ocrx_word' id='word_1_173' title='bbox 960 1524 1018 1556; x_wconf 75' lang='grc' dir='ltr'>τῶν</span> <span class='ocrx_word' id='word_1_174' title='bbox 1039 1519 1140 1569; x_wconf 78' lang='grc' dir='ltr'><em>ἁγίων</em></span> <span class='ocrx_word' id='word_1_175' title='bbox 1163 1519 1386 1563; x_wconf 73' lang='grc' dir='ltr'><em>διδασκάλων,</em></span> <span class='ocrx_word' id='word_1_176' title='bbox 1403 1518 1514 1555; x_wconf 78' lang='grc' dir='ltr'><em>αἰτίαν</em></span> 
     </span>
     <span class='ocr_line' id='line_1_24' title="bbox 411 1579 1516 1631; baseline -0.003 -13"><span class='ocrx_word' id='word_1_177' title='bbox 411 1586 472 1625; x_wconf 83' lang='grc' dir='ltr'><em>τῆς</em></span> <span class='ocrx_word' id='word_1_178' title='bbox 500 1584 654 1624; x_wconf 72' lang='grc' dir='ltr'><em>ἀλλήλων</em></span> <span class='ocrx_word' id='word_1_179' title='bbox 683 1586 874 1631; x_wconf 71' lang='grc' dir='ltr'><em>παριστῶσι</em></span> <span class='ocrx_word' id='word_1_180' title='bbox 905 1582 1080 1631; x_wconf 72' lang='grc' dir='ltr'><em>διαμάχης</em></span> <span class='ocrx_word' id='word_1_181' title='bbox 1107 1582 1175 1617; x_wconf 63' lang='grc' dir='ltr'>καί</span> <span class='ocrx_word' id='word_1_182' title='bbox 1192 1581 1411 1622; x_wconf 74' lang='grc' dir='ltr'><em>διαστάσεως·</em></span> <span class='ocrx_word' id='word_1_183' title='bbox 1439 1579 1516 1616; x_wconf 80' lang='grc' dir='ltr'><em>εἶτα</em></span> 
     </span>
     <span class='ocr_line' id='line_1_25' title="bbox 412 1642 1515 1693; baseline -0.003 -13"><span class='ocrx_word' id='word_1_184' title='bbox 412 1644 671 1693; x_wconf 71' lang='grc' dir='ltr'><em>συμβιβάζουσι</em></span> <span class='ocrx_word' id='word_1_185' title='bbox 697 1645 759 1686; x_wconf 82' lang='grc' dir='ltr'><em>τοὶς</em></span> <span class='ocrx_word' id='word_1_186' title='bbox 784 1643 984 1692; x_wconf 57' lang='grc' dir='ltr'><em>μαρτυρίας*</em></span> <span class='ocrx_word' id='word_1_187' title='bbox 1005 1643 1064 1679; x_wconf 78' lang='grc' dir='ltr'>καὶ</span> <span class='ocrx_word' id='word_1_188' title='bbox 1091 1642 1174 1679; x_wconf 75' lang='grc' dir='ltr'><em>οὕτω</em></span> <span class='ocrx_word' id='word_1_189' title='bbox 1201 1643 1258 1678; x_wconf 78' lang='grc' dir='ltr'>καὶ</span> <span class='ocrx_word' id='word_1_190' title='bbox 1285 1642 1383 1678; x_wconf 76' lang='grc' dir='ltr'><em>αὐτοὶ</em></span> <span class='ocrx_word' id='word_1_191' title='bbox 1409 1642 1451 1684; x_wconf 83' lang='grc' dir='ltr'><em>ὦς</em></span> <span class='ocrx_word' id='word_1_192' title='bbox 1478 1644 1515 1677; x_wconf 79' lang='grc' dir='ltr'>τό</span> 
     </span>
     <span class='ocr_line' id='line_1_26' title="bbox 413 1704 1517 1755; baseline -0.003 -13"><span class='ocrx_word' id='word_1_193' title='bbox 413 1705 444 1742; x_wconf 78' lang='grc' dir='ltr'><em>ἒν</em></span> <span class='ocrx_word' id='word_1_194' title='bbox 472 1709 684 1755; x_wconf 68' lang='grc' dir='ltr'><em>φρονοῦντες,</em></span> <span class='ocrx_word' id='word_1_195' title='bbox 704 1707 824 1742; x_wconf 81' lang='grc' dir='ltr'><em>λοιπόν</em></span> <span class='ocrx_word' id='word_1_196' title='bbox 851 1705 1013 1746; x_wconf 71' lang='grc' dir='ltr'><em>ἀλλήλοις</em></span> <span class='ocrx_word' id='word_1_197' title='bbox 1042 1704 1304 1753; x_wconf 69' lang='grc' dir='ltr'><em>συμπείθονται·’</em></span> <span class='ocrx_word' id='word_1_198' title='bbox 1327 1705 1342 1739; x_wconf 85' lang='grc' dir='ltr'>ὁ</span> <span class='ocrx_word' id='word_1_199' title='bbox 1367 1705 1429 1753; x_wconf 83' lang='grc' dir='ltr'>μὲν</span> <span class='ocrx_word' id='word_1_200' title='bbox 1450 1715 1517 1752; x_wconf 80' lang='grc' dir='ltr'>μα-</span> 
     </span>
     <span class='ocr_line' id='line_1_27' title="bbox 413 1763 1514 1816; baseline -0.004 -12"><span class='ocrx_word' id='word_1_201' title='bbox 413 1768 478 1804; x_wconf 80' lang='grc' dir='ltr'><em>θών</em></span> <span class='ocrx_word' id='word_1_202' title='bbox 509 1768 546 1804; x_wconf 83' lang='grc' dir='ltr'>ἐκ</span> <span class='ocrx_word' id='word_1_203' title='bbox 577 1771 636 1803; x_wconf 79' lang='grc' dir='ltr'><em>τῶν</em></span> <span class='ocrx_word' id='word_1_204' title='bbox 663 1767 764 1815; x_wconf 81' lang='grc' dir='ltr'><em>οἱγίων</em></span> <span class='ocrx_word' id='word_1_205' title='bbox 790 1767 941 1816; x_wconf 69' lang='grc' dir='ltr'><em>πατέρων</em></span> <span class='ocrx_word' id='word_1_206' title='bbox 969 1768 1035 1801; x_wconf 79' lang='grc' dir='ltr'><em>δεῖν</em></span> <span class='ocrx_word' id='word_1_207' title='bbox 1061 1765 1252 1813; x_wconf 78' lang='grc' dir='ltr'><em>οἷναγκαίως</em></span> <span class='ocrx_word' id='word_1_208' title='bbox 1278 1763 1364 1801; x_wconf 81' lang='grc' dir='ltr'><em>εἷναι</em></span> <span class='ocrx_word' id='word_1_209' title='bbox 1390 1766 1514 1812; x_wconf 70' lang='grc' dir='ltr'><em>μηκέτι</em></span> 
     </span>
     <span class='ocr_line' id='line_1_28' title="bbox 414 1824 1517 1878; baseline -0.002 -13"><span class='ocrx_word' id='word_1_210' title='bbox 414 1830 445 1865; x_wconf 78' lang='grc' dir='ltr'><em>ἓν</em></span> <span class='ocrx_word' id='word_1_211' title='bbox 472 1833 515 1876; x_wconf 77' lang='grc' dir='ltr'><em>τῷ</em></span> <span class='ocrx_word' id='word_1_212' title='bbox 540 1830 627 1878; x_wconf 77' lang='grc' dir='ltr'><em>ἁγίῳ</em></span> <span class='ocrx_word' id='word_1_213' title='bbox 660 1829 822 1878; x_wconf 77' lang='grc' dir='ltr'><em>συμβόλῳ</em></span> <span class='ocrx_word' id='word_1_214' title='bbox 851 1831 1068 1876; x_wconf 80' lang='grc' dir='ltr'><em>συνεκφωνεῖν</em></span> <span class='ocrx_word' id='word_1_215' title='bbox 1095 1829 1132 1864; x_wconf 79' lang='grc' dir='ltr'><em>τὸ</em></span> <span class='ocrx_word' id='word_1_216' title='bbox 1165 1828 1202 1863; x_wconf 84' lang='grc' dir='ltr'>ἐκ</span> <span class='ocrx_word' id='word_1_217' title='bbox 1234 1831 1294 1863; x_wconf 84' lang='grc' dir='ltr'>τοῦ</span> <span class='ocrx_word' id='word_1_218' title='bbox 1319 1828 1404 1864; x_wconf 80' lang='grc' dir='ltr'><em>υἱοῦ·</em></span> <span class='ocrx_word' id='word_1_219' title='bbox 1432 1828 1449 1863; x_wconf 82' lang='grc' dir='ltr'>ὁ</span> <span class='ocrx_word' id='word_1_220' title='bbox 1482 1824 1517 1863; x_wconf 76' lang='grc' dir='ltr'><em>δέ</em></span> 
     </span>
     <span class='ocr_line' id='line_1_29' title="bbox 412 1890 1516 1939; baseline -0.003 -12"><span class='ocrx_word' id='word_1_221' title='bbox 412 1891 713 1939; x_wconf 77' lang='grc' dir='ltr'><em>πεισθεὶςμηκέτι</em></span> <span class='ocrx_word' id='word_1_222' title='bbox 731 1893 846 1927; x_wconf 81' lang='grc' dir='ltr'><em>καλεῖν</em></span> <span class='ocrx_word' id='word_1_223' title='bbox 867 1891 969 1927; x_wconf 72' lang='grc' dir='ltr'><em>αὐτόν</em></span> <span class='ocrx_word' id='word_1_224' title='bbox 986 1891 1252 1938; x_wconf 70' lang='grc' dir='ltr'><em>ἑτερόφρονα·,ὦς</em></span> <span class='ocrx_word' id='word_1_225' title='bbox 1270 1892 1332 1930; x_wconf 79' lang='grc' dir='ltr'>τῆς</span> <span class='ocrx_word' id='word_1_226' title='bbox 1353 1890 1413 1927; x_wconf 87' lang='grc' dir='ltr'>ΕΞ</span> <span class='ocrx_word' id='word_1_227' title='bbox 1436 1904 1516 1937; x_wconf 72' lang='grc' dir='ltr'><em>προ-</em></span> 
     </span>
     <span class='ocr_line' id='line_1_30' title="bbox 414 1950 1518 2003; baseline -0.003 -14"><span class='ocrx_word' id='word_1_228' title='bbox 414 1952 539 1995; x_wconf 86' lang='grc' dir='ltr'><em>θέσεως</em></span> <span class='ocrx_word' id='word_1_229' title='bbox 561 1954 748 2003; x_wconf 66' lang='grc' dir='ltr'><em>παροδ,τοῖς</em></span> <span class='ocrx_word' id='word_1_230' title='bbox 769 1952 932 1996; x_wconf 88' lang='grc' dir='ltr'><em>λατίνοις,</em></span> <span class='ocrx_word' id='word_1_231' title='bbox 954 1953 1012 1988; x_wconf 78' lang='grc' dir='ltr'>καὶ</span> <span class='ocrx_word' id='word_1_232' title='bbox 1035 1955 1095 1994; x_wconf 73' lang='grc' dir='ltr'>τῆς</span> <span class='ocrx_word' id='word_1_233' title='bbox 1118 1954 1195 1987; x_wconf 90' lang='grc' dir='ltr'>ΔΙΑ</span> <span class='ocrx_word' id='word_1_234' title='bbox 1215 1956 1294 2000; x_wconf 69' lang='grc' dir='ltr'><em>παρ’</em></span> <span class='ocrx_word' id='word_1_235' title='bbox 1315 1952 1396 2000; x_wconf 73' lang='grc' dir='ltr'><em>ἡμῖν</em></span> <span class='ocrx_word' id='word_1_236' title='bbox 1417 1950 1518 1998; x_wconf 75' lang='grc' dir='ltr'><em>ε’χοό-</em></span> 
     </span>
     <span class='ocr_line' id='line_1_31' title="bbox 416 2014 1219 2064; baseline -0.002 -13"><span class='ocrx_word' id='word_1_237' title='bbox 416 2029 479 2058; x_wconf 81' lang='grc' dir='ltr'><em>σης</em></span> <span class='ocrx_word' id='word_1_238' title='bbox 506 2015 663 2063; x_wconf 70' lang='grc' dir='ltr'><em>οὐδεμίαν</em></span> <span class='ocrx_word' id='word_1_239' title='bbox 691 2016 851 2064; x_wconf 65' lang='grc' dir='ltr'><em>διαφοράν</em></span> <span class='ocrx_word' id='word_1_240' title='bbox 878 2015 942 2051; x_wconf 81' lang='grc' dir='ltr'><em>ἐπὶ·</em></span> <span class='ocrx_word' id='word_1_241' title='bbox 963 2017 1024 2051; x_wconf 81' lang='grc' dir='ltr'>τοῦ</span> <span class='ocrx_word' id='word_1_242' title='bbox 1048 2014 1124 2050; x_wconf 76' lang='grc' dir='ltr'><em>υἱοῦ</em></span> <span class='ocrx_word' id='word_1_243' title='bbox 1149 2015 1219 2057; x_wconf 88' lang='lat'>(1).</span> 
     </span>
    </p>
   </div>
   <div class='ocr_carea' id='block_1_6' title="bbox 522 2238 1412 2275">
    <p class='ocr_par' dir='ltr' id='par_1_6' title="bbox 522 2238 1412 2275">
     <span class='ocr_line' id='line_1_32' title="bbox 522 2238 1412 2275; baseline -0.002 -1"><span class='ocrx_word' id='word_1_244' title='bbox 522 2241 693 2275; x_wconf 87' lang='lat' dir='ltr'>NlKHTA</span> <span class='ocrx_word' id='word_1_245' title='bbox 719 2238 1074 2275; x_wconf 82' lang='grc' dir='ltr'>ΧΑΡΤΟΦΥΑΑΚΟΣ</span> <span class='ocrx_word' id='word_1_246' title='bbox 1100 2240 1187 2274; x_wconf 88' lang='grc' dir='ltr'>ΤΟΥ</span> <span class='ocrx_word' id='word_1_247' title='bbox 1212 2238 1412 2273; x_wconf 78' lang='grc' dir='ltr'><strong>ΝΙΚΑΕΩΣ</strong></span> 
     </span>
    </p>
   </div>
   <div class='ocr_carea' id='block_1_7' title="bbox 420 2318 1521 2504">
    <p class='ocr_par' dir='ltr' id='par_1_7' title="bbox 420 2318 1521 2504">
     <span class='ocr_line' id='line_1_33' title="bbox 420 2318 1516 2380; baseline -0.004 -12"><span class='ocrx_word' id='word_1_248' title='bbox 420 2334 520 2369; x_wconf 65' lang='lat' dir='ltr'>Komoi</span> <span class='ocrx_word' id='word_1_249' title='bbox 538 2318 867 2380; x_wconf 38' lang='lat' dir='ltr'>nolouqsaynangodg</span> <span class='ocrx_word' id='word_1_250' title='bbox 888 2331 956 2366; x_wconf 76' lang='grc' dir='ltr'><em>καὶ,</em></span> <span class='ocrx_word' id='word_1_251' title='bbox 969 2331 1024 2365; x_wconf 79' lang='grc' dir='ltr'><em>διοὶ</em></span> <span class='ocrx_word' id='word_1_252' title='bbox 1044 2332 1128 2366; x_wconf 80' lang='grc' dir='ltr'><em>ποῖα</em></span> <span class='ocrx_word' id='word_1_253' title='bbox 1147 2328 1342 2377; x_wconf 80' lang='grc' dir='ltr'><em>αἰτιάματα</em></span> <span class='ocrx_word' id='word_1_254' title='bbox 1361 2328 1516 2377; x_wconf 81' lang='grc' dir='ltr'><em>ἐσχίσθη</em></span> 
     </span>
     <span class='ocr_line' id='line_1_34' title="bbox 493 2391 1521 2436; baseline -0.003 -6"><span class='ocrx_word' id='word_1_255' title='bbox 493 2394 562 2430; x_wconf 75' lang='grc' dir='ltr'><em>ἀπὸ</em></span> <span class='ocrx_word' id='word_1_256' title='bbox 588 2397 648 2435; x_wconf 83' lang='grc' dir='ltr'><em>τῆς</em></span> <span class='ocrx_word' id='word_1_257' title='bbox 674 2393 859 2434; x_wconf 81' lang='grc' dir='ltr'><em>ἐκκλησίας</em></span> <span class='ocrx_word' id='word_1_258' title='bbox 891 2391 1268 2436; x_wconf 84' lang='grc' dir='ltr'><em>Κωνσταντινουπόλεως</em></span> <span class='ocrx_word' id='word_1_259' title='bbox 1298 2392 1321 2430; x_wconf 77' lang='grc' dir='ltr'><em>ἦ</em></span> <span class='ocrx_word' id='word_1_260' title='bbox 1353 2393 1413 2426; x_wconf 78' lang='grc' dir='ltr'>τῶν</span> <span class='ocrx_word' id='word_1_261' title='bbox 1444 2392 1521 2427; x_wconf 77' lang='grc' dir='ltr'>Ῥω-</span> 
     </span>
     <span class='ocr_line' id='line_1_35' title="bbox 493 2453 886 2504; baseline -0.003 -13"><span class='ocrx_word' id='word_1_262' title='bbox 493 2455 598 2504; x_wconf 81' lang='grc' dir='ltr'><em>μαίων</em></span> <span class='ocrx_word' id='word_1_263' title='bbox 624 2454 794 2494; x_wconf 81' lang='grc' dir='ltr'><em>ἐκκλησία</em></span> <span class='ocrx_word' id='word_1_264' title='bbox 821 2453 886 2501; x_wconf 85' lang='grc'>(2).</span> 
     </span>
    </p>
   </div>
   <div class='ocr_carea' id='block_1_8' title="bbox 416 2556 1526 3189">
    <p class='ocr_par' dir='ltr' id='par_1_8' title="bbox 416 2556 1521 2942">
     <span class='ocr_line' id='line_1_36' title="bbox 493 2556 1520 2629; baseline -0.004 -11.743"><span class='ocrx_word' id='word_1_265' title='bbox 493 2556 663 2618; x_wconf 67' lang='grc' dir='ltr'><em>α’.,Ε7ι-ι</em></span> <span class='ocrx_word' id='word_1_266' title='bbox 688 2581 876 2629; x_wconf 68' lang='grc' dir='ltr'><em>Γρατιανοῦ</em></span> <span class='ocrx_word' id='word_1_267' title='bbox 909 2578 1077 2622; x_wconf 83' lang='grc' dir='ltr'><em>βασιλέως</em></span> <span class='ocrx_word' id='word_1_268' title='bbox 1110 2573 1165 2614; x_wconf 90' lang='grc' dir='ltr'>δια</span> <span class='ocrx_word' id='word_1_269' title='bbox 1190 2582 1355 2615; x_wconf 80' lang='grc' dir='ltr'><em>Παυλῖνον</em></span> <span class='ocrx_word' id='word_1_270' title='bbox 1382 2580 1435 2615; x_wconf 84' lang='grc' dir='ltr'>τὸν</span> <span class='ocrx_word' id='word_1_271' title='bbox 1462 2581 1520 2614; x_wconf 81' lang='grc' dir='ltr'>τῶν</span> 
     </span>
     <span class='ocr_line' id='line_1_37' title="bbox 417 2632 1520 2692; baseline -0.005 -11"><span class='ocrx_word' id='word_1_272' title='bbox 417 2632 659 2681; x_wconf 77' lang='grc' dir='ltr'><em>Εὐσταθιανων</em></span> <span class='ocrx_word' id='word_1_273' title='bbox 691 2642 855 2692; x_wconf 63' lang='grc' dir='ltr'><em>ἀρχηγόν·</em></span> <span class='ocrx_word' id='word_1_274' title='bbox 886 2639 923 2687; x_wconf 72' lang='grc' dir='ltr'>ὓ)</span> <span class='ocrx_word' id='word_1_275' title='bbox 948 2643 992 2690; x_wconf 71' lang='grc' dir='ltr'><em>τῇ</em></span> <span class='ocrx_word' id='word_1_276' title='bbox 1018 2640 1215 2689; x_wconf 81' lang='grc' dir='ltr'><em>συμβουλία</em></span> <span class='ocrx_word' id='word_1_277' title='bbox 1241 2642 1308 2690; x_wconf 68' lang='grc' dir='ltr'>γάρ</span> <span class='ocrx_word' id='word_1_278' title='bbox 1337 2639 1434 2683; x_wconf 79' lang='grc' dir='ltr'><em>ουτος</em></span> <span class='ocrx_word' id='word_1_279' title='bbox 1462 2656 1520 2677; x_wconf 87' lang='grc' dir='ltr'>του</span> 
     </span>
     <span class='ocr_line' id='line_1_38' title="bbox 416 2703 1521 2756; baseline -0.004 -14"><span class='ocrx_word' id='word_1_280' title='bbox 416 2708 571 2756; x_wconf 82' lang='grc' dir='ltr'><em>μεγάλου</em></span> <span class='ocrx_word' id='word_1_281' title='bbox 594 2704 763 2742; x_wconf 85' lang='grc' dir='ltr'><em>Μελετίου</em></span> <span class='ocrx_word' id='word_1_282' title='bbox 783 2704 836 2752; x_wconf 84' lang='grc' dir='ltr'>μη“</span> <span class='ocrx_word' id='word_1_283' title='bbox 855 2703 1031 2748; x_wconf 83' lang='grc' dir='ltr'><em>πεισθεις,</em></span> <span class='ocrx_word' id='word_1_284' title='bbox 1048 2703 1141 2739; x_wconf 70' lang='grc' dir='ltr'><em>ἄλλοί</em></span> <span class='ocrx_word' id='word_1_285' title='bbox 1163 2704 1311 2743; x_wconf 78' lang='grc' dir='ltr'><em>σπεύδων</em></span> <span class='ocrx_word' id='word_1_286' title='bbox 1333 2706 1387 2740; x_wconf 82' lang='grc' dir='ltr'>τὸν</span> <span class='ocrx_word' id='word_1_287' title='bbox 1405 2703 1521 2752; x_wconf 68' lang='grc' dir='ltr'><em>θρόνον</em></span> 
     </span>
     <span class='ocr_line' id='line_1_39' title="bbox 418 2765 1521 2815; baseline -0.002 -12"><span class='ocrx_word' id='word_1_288' title='bbox 418 2772 478 2810; x_wconf 80' lang='grc' dir='ltr'>τῆς</span> <span class='ocrx_word' id='word_1_289' title='bbox 505 2765 715 2815; x_wconf 87' lang='grc' dir='ltr'><em>Ἀντιοχειάς</em></span> <span class='ocrx_word' id='word_1_290' title='bbox 742 2766 881 2810; x_wconf 78' lang='grc' dir='ltr'><em>λαβειν,</em></span> <span class='ocrx_word' id='word_1_291' title='bbox 907 2766 966 2802; x_wconf 72' lang='grc' dir='ltr'>καὶ</span> <span class='ocrx_word' id='word_1_292' title='bbox 999 2765 1228 2815; x_wconf 70' lang='grc' dir='ltr'><em>παροξαθεις,</em></span> <span class='ocrx_word' id='word_1_293' title='bbox 1254 2765 1521 2815; x_wconf 68' lang='grc' dir='ltr'><em>προτιμηθέντος</em></span> 
     </span>
     <span class='ocr_line' id='line_1_40' title="bbox 419 2828 1524 2879; baseline -0.004 -12"><span class='ocrx_word' id='word_1_294' title='bbox 419 2834 478 2867; x_wconf 83' lang='grc' dir='ltr'>τοῦ</span> <span class='ocrx_word' id='word_1_295' title='bbox 493 2831 708 2874; x_wconf 82' lang='grc' dir='ltr'><em>Φλαβιανοῢ,</em></span> <span class='ocrx_word' id='word_1_296' title='bbox 729 2830 884 2879; x_wconf 65' lang='grc' dir='ltr'><em>ταξαχῆν</em></span> <span class='ocrx_word' id='word_1_297' title='bbox 909 2831 931 2870; x_wconf 77' lang='grc' dir='ltr'><em>ἦ</em></span> <span class='ocrx_word' id='word_1_298' title='bbox 957 2829 1143 2878; x_wconf 68' lang='grc' dir='ltr'><em>παρόρασις</em></span> <span class='ocrx_word' id='word_1_299' title='bbox 1166 2828 1335 2866; x_wconf 78' lang='grc' dir='ltr'><em>Παυλίνου</em></span> <span class='ocrx_word' id='word_1_300' title='bbox 1360 2843 1416 2867; x_wconf 82' lang='grc' dir='ltr'>και</span> <span class='ocrx_word' id='word_1_301' title='bbox 1445 2828 1524 2876; x_wconf 88' lang='grc' dir='ltr'><em>σχί-</em></span> 
     </span>
     <span class='ocr_line' id='line_1_41' title="bbox 421 2891 1179 2942; baseline -0.004 -13"><span class='ocrx_word' id='word_1_302' title='bbox 421 2908 496 2942; x_wconf 89' lang='grc' dir='ltr'>σμα</span> <span class='ocrx_word' id='word_1_303' title='bbox 521 2896 564 2942; x_wconf 76' lang='grc' dir='ltr'><em>τῇ</em></span> <span class='ocrx_word' id='word_1_304' title='bbox 585 2891 753 2941; x_wconf 86' lang='grc' dir='ltr'><em>Ῥωμαίων</em></span> <span class='ocrx_word' id='word_1_305' title='bbox 779 2891 948 2936; x_wconf 81' lang='grc' dir='ltr'><em>ἐκκλησία</em></span> <span class='ocrx_word' id='word_1_306' title='bbox 974 2891 1179 2930; x_wconf 86' lang='grc' dir='ltr'><em>ενεποιήσεν.</em></span> 
     </span>
    </p>

    <p class='ocr_par' dir='ltr' id='par_1_9' title="bbox 422 2951 1524 3189">
     <span class='ocr_line' id='line_1_42' title="bbox 497 2951 1524 3001; baseline -0.005 -10"><span class='ocrx_word' id='word_1_307' title='bbox 497 2955 537 2998; x_wconf 77' lang='grc' dir='ltr'>β’.</span> <span class='ocrx_word' id='word_1_308' title='bbox 561 2955 639 2990; x_wconf 81' lang='grc' dir='ltr'><em>Ἐπὶ</em></span> <span class='ocrx_word' id='word_1_309' title='bbox 667 2952 848 2990; x_wconf 87' lang='grc' dir='ltr'><em>Θεοδοσίου</em></span> <span class='ocrx_word' id='word_1_310' title='bbox 876 2953 1044 2997; x_wconf 78' lang='grc' dir='ltr'><em>βασιλέως</em></span> <span class='ocrx_word' id='word_1_311' title='bbox 1070 2955 1133 2989; x_wconf 78' lang='grc' dir='ltr'>τοῦ</span> <span class='ocrx_word' id='word_1_312' title='bbox 1163 2953 1339 3001; x_wconf 79' lang='grc' dir='ltr'><em>μεγάλου,</em></span> <span class='ocrx_word' id='word_1_313' title='bbox 1365 2951 1524 3001; x_wconf 77' lang='grc' dir='ltr'><em>τιμηθέν-</em></span> 
     </span>
     <span class='ocr_line' id='line_1_43' title="bbox 422 3014 1526 3065; baseline -0.004 -13"><span class='ocrx_word' id='word_1_314' title='bbox 422 3032 478 3059; x_wconf 88' lang='grc' dir='ltr'><em>τος</em></span> <span class='ocrx_word' id='word_1_315' title='bbox 499 3020 559 3053; x_wconf 80' lang='grc' dir='ltr'>τοῡ</span> <span class='ocrx_word' id='word_1_316' title='bbox 579 3016 699 3065; x_wconf 73' lang='grc' dir='ltr'><em>θρόνου</em></span> <span class='ocrx_word' id='word_1_317' title='bbox 720 3031 779 3058; x_wconf 85' lang='grc' dir='ltr'>της</span> <span class='ocrx_word' id='word_1_318' title='bbox 797 3015 1173 3056; x_wconf 64' lang='grc' dir='ltr'><em>Κωναταντινουπόλεως</em></span> <span class='ocrx_word' id='word_1_319' title='bbox 1194 3016 1298 3063; x_wconf 65' lang='grc' dir='ltr'><em>παρά</em></span> <span class='ocrx_word' id='word_1_320' title='bbox 1310 3018 1369 3049; x_wconf 81' lang='grc' dir='ltr'>τῶν</span> <span class='ocrx_word' id='word_1_321' title='bbox 1390 3014 1450 3065; x_wconf 68' lang='grc' dir='ltr'>ρν’</span> <span class='ocrx_word' id='word_1_322' title='bbox 1453 3027 1526 3049; x_wconf 90' lang='grc' dir='ltr'><em>επι-</em></span> 
     </span>
     <span class='ocr_line' id='line_1_44' title="bbox 422 3075 1524 3127; baseline -0.005 -12"><span class='ocrx_word' id='word_1_323' title='bbox 422 3075 551 3115; x_wconf 87' lang='grc' dir='ltr'><em>σκόπων</em></span> <span class='ocrx_word' id='word_1_324' title='bbox 573 3079 606 3114; x_wconf 81' lang='grc' dir='ltr'><em>ἐν</em></span> <span class='ocrx_word' id='word_1_325' title='bbox 628 3082 670 3127; x_wconf 75' lang='grc' dir='ltr'><em>τῇ</em></span> <span class='ocrx_word' id='word_1_326' title='bbox 691 3078 828 3126; x_wconf 79' lang='grc' dir='ltr'><em>δευτέρα</em></span> <span class='ocrx_word' id='word_1_327' title='bbox 852 3077 993 3123; x_wconf 86' lang='grc' dir='ltr'><em>συνόδω,</em></span> <span class='ocrx_word' id='word_1_328' title='bbox 1015 3077 1047 3112; x_wconf 84' lang='grc' dir='ltr'><em>ἐν</em></span> <span class='ocrx_word' id='word_1_329' title='bbox 1069 3075 1093 3125; x_wconf 76' lang='grc' dir='ltr'><em>ᾗ</em></span> <span class='ocrx_word' id='word_1_330' title='bbox 1112 3077 1185 3114; x_wconf 81' lang='grc' dir='ltr'><em>,οὐδὲ</em></span> <span class='ocrx_word' id='word_1_331' title='bbox 1209 3090 1440 3124; x_wconf 69' lang='grc' dir='ltr'><em>τοποτηρηται</em></span> <span class='ocrx_word' id='word_1_332' title='bbox 1465 3077 1524 3116; x_wconf 77' lang='grc' dir='ltr'>τῆς</span> 
     </span>
     <span class='ocr_line' id='line_1_45' title="bbox 419 3138 1372 3189; baseline -0.005 -11.941"><span class='ocrx_word' id='word_1_333' title='bbox 419 3141 549 3189; x_wconf 75' lang='grc' dir='ltr'><em>Ρωμης</em></span> <span class='ocrx_word' id='word_1_334' title='bbox 576 3143 748 3188; x_wconf 77' lang='grc' dir='ltr'><em>παρῆσαν,</em></span> <span class='ocrx_word' id='word_1_335' title='bbox 771 3139 951 3181; x_wconf 84' lang='grc' dir='ltr'><em>διάστασις</em></span> <span class='ocrx_word' id='word_1_336' title='bbox 977 3140 1035 3175; x_wconf 81' lang='grc' dir='ltr'>καὶ</span> <span class='ocrx_word' id='word_1_337' title='bbox 1062 3154 1199 3187; x_wconf 74' lang='grc' dir='ltr'><em>ταραχη</em></span> <span class='ocrx_word' id='word_1_338' title='bbox 1225 3138 1372 3187; x_wconf 84' lang='grc' dir='ltr'><em>γέγονεν.</em></span> 
     </span>
    </p>
   </div>
   <div class='ocr_carea' id='block_1_9' title="bbox 425 3261 1528 3498">
    <p class='ocr_par' dir='ltr' id='par_1_10' title="bbox 425 3261 1528 3498">
     <span class='ocr_line' id='line_1_46' title="bbox 498 3261 1527 3314; baseline -0.005 -13"><span class='ocrx_word' id='word_1_339' title='bbox 498 3265 539 3312; x_wconf 85' lang='grc' dir='ltr'>γ’.</span> <span class='ocrx_word' id='word_1_340' title='bbox 565 3265 645 3301; x_wconf 69' lang='grc' dir='ltr'><em>Ἐπὶ</em></span> <span class='ocrx_word' id='word_1_341' title='bbox 672 3266 888 3314; x_wconf 69' lang='grc' dir='ltr'><em>Μαξκιανοῡ,</em></span> <span class='ocrx_word' id='word_1_342' title='bbox 915 3261 1192 3311; x_wconf 79' lang='grc' dir='ltr'><em>ὑπομνησθέντος</em></span> <span class='ocrx_word' id='word_1_343' title='bbox 1218 3265 1279 3297; x_wconf 81' lang='grc' dir='ltr'>τοῦ</span> <span class='ocrx_word' id='word_1_344' title='bbox 1303 3262 1404 3297; x_wconf 85' lang='grc' dir='ltr'><em>πάπα</em></span> <span class='ocrx_word' id='word_1_345' title='bbox 1427 3261 1527 3297; x_wconf 80' lang='grc' dir='ltr'><em>Λέον-</em></span> 
     </span>
     <span class='ocr_line' id='line_1_47' title="bbox 425 3321 1528 3374; baseline -0.002 -15"><span class='ocrx_word' id='word_1_346' title='bbox 425 3339 499 3369; x_wconf 82' lang='grc' dir='ltr'><em>τος,</em></span> <span class='ocrx_word' id='word_1_347' title='bbox 521 3325 570 3361; x_wconf 84' lang='grc' dir='ltr'>ὅτι</span> <span class='ocrx_word' id='word_1_348' title='bbox 597 3340 658 3374; x_wconf 67' lang='grc' dir='ltr'>περ</span> <span class='ocrx_word' id='word_1_349' title='bbox 684 3326 702 3361; x_wconf 81' lang='grc' dir='ltr'>ὁ</span> <span class='ocrx_word' id='word_1_350' title='bbox 728 3324 1106 3365; x_wconf 76' lang='grc' dir='ltr'><em>Κωνσταντινουπόλεως</em></span> <span class='ocrx_word' id='word_1_351' title='bbox 1133 3328 1207 3359; x_wconf 82' lang='grc' dir='ltr'><em>κατ’</em></span> <span class='ocrx_word' id='word_1_352' title='bbox 1236 3321 1350 3370; x_wconf 84' lang='grc' dir='ltr'><em>ὀλίγον</em></span> <span class='ocrx_word' id='word_1_353' title='bbox 1377 3322 1528 3371; x_wconf 71' lang='grc' dir='ltr'><em>ἐφαρπά-</em></span> 
     </span>
     <span class='ocr_line' id='line_1_48' title="bbox 426 3384 1526 3437; baseline -0.003 -15"><span class='ocrx_word' id='word_1_354' title='bbox 426 3385 476 3433; x_wconf 87' lang='grc' dir='ltr'>ζει</span> <span class='ocrx_word' id='word_1_355' title='bbox 502 3388 701 3436; x_wconf 74' lang='grc' dir='ltr'><em>ἀλλοτρίους</em></span> <span class='ocrx_word' id='word_1_356' title='bbox 728 3387 884 3437; x_wconf 71' lang='grc' dir='ltr'><em>θρόνους,</em></span> <span class='ocrx_word' id='word_1_357' title='bbox 911 3388 974 3423; x_wconf 74' lang='grc' dir='ltr'><em>καὶ·</em></span> <span class='ocrx_word' id='word_1_358' title='bbox 995 3389 1038 3436; x_wconf 73' lang='grc' dir='ltr'><em>τῇ</em></span> <span class='ocrx_word' id='word_1_359' title='bbox 1064 3385 1133 3431; x_wconf 76' lang='grc' dir='ltr'><em>ι’δία</em></span> <span class='ocrx_word' id='word_1_360' title='bbox 1159 3385 1320 3421; x_wconf 87' lang='grc' dir='ltr'><em>συνάπτει</em></span> <span class='ocrx_word' id='word_1_361' title='bbox 1347 3384 1449 3434; x_wconf 68' lang='grc' dir='ltr'><strong><em>ἀρχῇ·</em></strong></span> <span class='ocrx_word' id='word_1_362' title='bbox 1475 3384 1526 3432; x_wconf 80' lang='grc' dir='ltr'>ἐφ’</span> 
     </span>
     <span class='ocr_line' id='line_1_49' title="bbox 426 3445 1528 3498; baseline -0.003 -14"><span class='ocrx_word' id='word_1_363' title='bbox 426 3446 452 3494; x_wconf 76' lang='grc' dir='ltr'><em>ᾦ</em></span> <span class='ocrx_word' id='word_1_364' title='bbox 476 3450 533 3484; x_wconf 73' lang='grc' dir='ltr'>καὶ</span> <span class='ocrx_word' id='word_1_365' title='bbox 557 3451 749 3498; x_wconf 71' lang='grc' dir='ltr'><em>γράμματα</em></span> <span class='ocrx_word' id='word_1_366' title='bbox 769 3449 978 3498; x_wconf 71' lang='grc' dir='ltr'><em>ἐγχαράττει</em></span> <span class='ocrx_word' id='word_1_367' title='bbox 1001 3449 1017 3484; x_wconf 89' lang='grc' dir='ltr'>ὁ</span> <span class='ocrx_word' id='word_1_368' title='bbox 1040 3448 1164 3490; x_wconf 84' lang='grc' dir='ltr'><em>Πάπας</em></span> <span class='ocrx_word' id='word_1_369' title='bbox 1186 3450 1230 3494; x_wconf 79' lang='grc' dir='ltr'><em>τῷ</em></span> <span class='ocrx_word' id='word_1_370' title='bbox 1249 3446 1445 3492; x_wconf 80' lang='grc' dir='ltr'><em>Ἀνατολίῳ,</em></span> <span class='ocrx_word' id='word_1_371' title='bbox 1467 3445 1528 3492; x_wconf 70' lang='grc' dir='ltr'><em>κᾷν</em></span> 
     </span>
    </p>
   </div>
   <div class='ocr_carea' id='block_1_10' title="bbox 1125 253 1941 299">
    <p class='ocr_par' dir='ltr' id='par_1_11' title="bbox 1125 253 1941 299">
     <span class='ocr_line' id='line_1_50' title="bbox 1125 253 1941 299; baseline -0.006 0"><span class='ocrx_word' id='word_1_372' title='bbox 1125 267 1325 299; x_wconf 65' lang='lat' dir='ltr'>mciii-AE-</span> <span class='ocrx_word' id='word_1_373' title='bbox 1340 264 1628 297; x_wconf 65' lang='lat' dir='ltr'>mnommrsrs</span> <span class='ocrx_word' id='word_1_374' title='bbox 1663 253 1941 295; x_wconf 57' lang='lat' dir='ltr'>Prooemium</span> 
     </span>
    </p>
   </div>
   <div class='ocr_carea' id='block_1_11' title="bbox 1571 335 2725 2048">
    <p class='ocr_par' dir='ltr' id='par_1_12' title="bbox 1571 335 2725 1160">
     <span class='ocr_line' id='line_1_51' title="bbox 1572 335 2690 387; baseline 0.002 -13"><span class='ocrx_word' id='word_1_375' title='bbox 1572 341 1728 374; x_wconf 89' lang='lat' dir='ltr'>conatur</span> <span class='ocrx_word' id='word_1_376' title='bbox 1750 336 1855 375; x_wconf 92' lang='lat' dir='ltr'>illius</span> <span class='ocrx_word' id='word_1_377' title='bbox 1878 336 2121 383; x_wconf 74' lang='lat' dir='ltr'>sententiam3</span> <span class='ocrx_word' id='word_1_378' title='bbox 2142 336 2397 387; x_wconf 57' lang='lat' dir='ltr'>›qui*vicissim</span> <span class='ocrx_word' id='word_1_379' title='bbox 2422 335 2690 376; x_wconf 59' lang='lat' dir='ltr'>absurditates-z</span> 
     </span>
     <span class='ocr_line' id='line_1_52' title="bbox 1571 394 2673 445; baseline 0.002 -13"><span class='ocrx_word' id='word_1_380' title='bbox 1571 395 1657 433; x_wconf 90' lang='lat' dir='ltr'>illas</span> <span class='ocrx_word' id='word_1_381' title='bbox 1673 394 1817 444; x_wconf 86' lang='lat' dir='ltr'>difflare</span> <span class='ocrx_word' id='word_1_382' title='bbox 1832 396 1986 443; x_wconf 83' lang='lat' dir='ltr'><strong>satagit,</strong></span> <span class='ocrx_word' id='word_1_383' title='bbox 2003 395 2238 445; x_wconf 75' lang='lat' dir='ltr'><strong>ostenditque</strong></span> <span class='ocrx_word' id='word_1_384' title='bbox 2253 407 2348 445; x_wconf 90' lang='lat' dir='ltr'>quae</span> <span class='ocrx_word' id='word_1_385' title='bbox 2364 396 2593 434; x_wconf 86' lang='lat' dir='ltr'>obiiciuntur</span> <span class='ocrx_word' id='word_1_386' title='bbox 2608 405 2673 434; x_wconf 86' lang='lat' dir='ltr'>ne-</span> 
     </span>
     <span class='ocr_line' id='line_1_53' title="bbox 1573 453 2676 509; baseline 0 -17"><span class='ocrx_word' id='word_1_387' title='bbox 1573 465 1760 509; x_wconf 90' lang='lat' dir='ltr'>quaquam</span> <span class='ocrx_word' id='word_1_388' title='bbox 1776 464 1855 492; x_wconf 88' lang='lat' dir='ltr'>esse</span> <span class='ocrx_word' id='word_1_389' title='bbox 1869 453 2049 499; x_wconf 88' lang='lat' dir='ltr'>absurda,</span> <span class='ocrx_word' id='word_1_390' title='bbox 2063 464 2183 502; x_wconf 90' lang='lat' dir='ltr'>neque</span> <span class='ocrx_word' id='word_1_391' title='bbox 2198 466 2240 493; x_wconf 93' lang='lat' dir='ltr'>ea</span> <span class='ocrx_word' id='word_1_392' title='bbox 2257 467 2299 493; x_wconf 90' lang='lat' dir='ltr'>ex</span> <span class='ocrx_word' id='word_1_393' title='bbox 2315 456 2487 504; x_wconf 84' lang='lat' dir='ltr'>dogmate</span> <span class='ocrx_word' id='word_1_394' title='bbox 2504 466 2572 507; x_wconf 88' lang='lat' dir='ltr'>suo</span> <span class='ocrx_word' id='word_1_395' title='bbox 2587 465 2676 492; x_wconf 82' lang='lat' dir='ltr'>oon·</span> 
     </span>
     <span class='ocr_line' id='line_1_54' title="bbox 1572 514 2674 565; baseline 0 -13"><span class='ocrx_word' id='word_1_396' title='bbox 1572 515 1690 563; x_wconf 88' lang='lat' dir='ltr'>sequi.</span> <span class='ocrx_word' id='word_1_397' title='bbox 1719 514 1862 552; x_wconf 83' lang='lat' dir='ltr'>Deinde</span> <span class='ocrx_word' id='word_1_398' title='bbox 1886 514 1934 551; x_wconf 91' lang='lat' dir='ltr'>ad</span> <span class='ocrx_word' id='word_1_399' title='bbox 1957 514 2163 562; x_wconf 87' lang='lat' dir='ltr'>imaginum</span> <span class='ocrx_word' id='word_1_400' title='bbox 2190 517 2356 565; x_wconf 84' lang='lat' dir='ltr'>exempla</span> <span class='ocrx_word' id='word_1_401' title='bbox 2383 522 2542 564; x_wconf 89' lang='lat' dir='ltr'>uterque</span> <span class='ocrx_word' id='word_1_402' title='bbox 2567 521 2674 553; x_wconf 89' lang='lat' dir='ltr'>tran·-</span> 
     </span>
     <span class='ocr_line' id='line_1_55' title="bbox 1573 573 2677 627; baseline -0.001 -15"><span class='ocrx_word' id='word_1_403' title='bbox 1573 579 1703 612; x_wconf 89' lang='lat' dir='ltr'>seunt:</span> <span class='ocrx_word' id='word_1_404' title='bbox 1729 585 1818 612; x_wconf 92' lang='lat' dir='ltr'>nam</span> <span class='ocrx_word' id='word_1_405' title='bbox 1842 579 1880 611; x_wconf 86' lang='lat' dir='ltr'>et</span> <span class='ocrx_word' id='word_1_406' title='bbox 1905 573 1968 611; x_wconf 91' lang='lat' dir='ltr'>hic</span> <span class='ocrx_word' id='word_1_407' title='bbox 1993 579 2193 612; x_wconf 89' lang='lat' dir='ltr'>consuetus</span> <span class='ocrx_word' id='word_1_408' title='bbox 2218 575 2400 627; x_wconf 86' lang='lat' dir='ltr'>theologis</span> <span class='ocrx_word' id='word_1_409' title='bbox 2426 587 2506 614; x_wconf 90' lang='lat' dir='ltr'>mos</span> <span class='ocrx_word' id='word_1_410' title='bbox 2531 581 2600 614; x_wconf 88' lang='lat' dir='ltr'>est.</span> <span class='ocrx_word' id='word_1_411' title='bbox 2629 577 2677 612; x_wconf 87' lang='lat' dir='ltr'>Et</span> 
     </span>
     <span class='ocr_line' id='line_1_56' title="bbox 1573 633 2677 684; baseline 0.001 -13"><span class='ocrx_word' id='word_1_412' title='bbox 1573 634 1731 679; x_wconf 74' lang='lat' dir='ltr'>Latinus</span> <span class='ocrx_word' id='word_1_413' title='bbox 1753 633 1904 682; x_wconf 90' lang='lat' dir='ltr'>quidem</span> <span class='ocrx_word' id='word_1_414' title='bbox 1927 644 1970 672; x_wconf 89' lang='lat' dir='ltr'>ex</span> <span class='ocrx_word' id='word_1_415' title='bbox 1990 633 2198 682; x_wconf 82' lang='lat' dir='ltr'>imaginum</span> <span class='ocrx_word' id='word_1_416' title='bbox 2218 635 2389 683; x_wconf 87' lang='lat' dir='ltr'>analogia</span> <span class='ocrx_word' id='word_1_417' title='bbox 2406 636 2567 684; x_wconf 85' lang='lat' dir='ltr'>Spiritus</span> <span class='ocrx_word' id='word_1_418' title='bbox 2593 646 2677 683; x_wconf 89' lang='lat' dir='ltr'>pro-</span> 
     </span>
     <span class='ocr_line' id='line_1_57' title="bbox 1576 694 2675 748; baseline 0.001 -17"><span class='ocrx_word' id='word_1_419' title='bbox 1576 694 1778 731; x_wconf 83' lang='lat' dir='ltr'>cessionem</span> <span class='ocrx_word' id='word_1_420' title='bbox 1797 694 1946 731; x_wconf 81' lang='lat' dir='ltr'>suadet:</span> <span class='ocrx_word' id='word_1_421' title='bbox 1965 700 2004 732; x_wconf 92' lang='lat' dir='ltr'>at</span> <span class='ocrx_word' id='word_1_422' title='bbox 2025 695 2190 732; x_wconf 85' lang='lat' dir='ltr'>Graecus</span> <span class='ocrx_word' id='word_1_423' title='bbox 2209 695 2554 748; x_wconf 30' lang='lat' dir='ltr'>imagines⁴partim</span> <span class='ocrx_word' id='word_1_424' title='bbox 2577 695 2675 732; x_wconf 89' lang='lat' dir='ltr'>vitu-</span> 
     </span>
     <span class='ocr_line' id='line_1_58' title="bbox 1576 754 2690 802; baseline 0.002 -11"><span class='ocrx_word' id='word_1_425' title='bbox 1576 759 1698 802; x_wconf 90' lang='lat' dir='ltr'>perat,</span> <span class='ocrx_word' id='word_1_426' title='bbox 1718 754 1852 801; x_wconf 88' lang='lat' dir='ltr'>partim</span> <span class='ocrx_word' id='word_1_427' title='bbox 1871 754 1964 792; x_wconf 91' lang='lat' dir='ltr'>alias</span> <span class='ocrx_word' id='word_1_428' title='bbox 1979 759 2108 792; x_wconf 89' lang='lat' dir='ltr'>contra</span> <span class='ocrx_word' id='word_1_429' title='bbox 2122 754 2272 800; x_wconf 68' lang='lat' dir='ltr'>obiicit,</span> <span class='ocrx_word' id='word_1_430' title='bbox 2293 760 2330 792; x_wconf 86' lang='lat' dir='ltr'>et</span> <span class='ocrx_word' id='word_1_431' title='bbox 2343 762 2544 793; x_wconf 84' lang='lat' dir='ltr'>retrorsum</span> <span class='ocrx_word' id='word_1_432' title='bbox 2563 756 2690 793; x_wconf 87' lang='lat' dir='ltr'>intor--</span> 
     </span>
     <span class='ocr_line' id='line_1_59' title="bbox 1577 814 2678 864; baseline 0 -12"><span class='ocrx_word' id='word_1_433' title='bbox 1577 820 1678 863; x_wconf 90' lang='lat' dir='ltr'>quet.</span> <span class='ocrx_word' id='word_1_434' title='bbox 1704 814 1876 852; x_wconf 82' lang='lat' dir='ltr'>Vicissim</span> <span class='ocrx_word' id='word_1_435' title='bbox 1901 815 2086 852; x_wconf 87' lang='lat' dir='ltr'>Graecum</span> <span class='ocrx_word' id='word_1_436' title='bbox 2108 814 2279 851; x_wconf 82' lang='lat' dir='ltr'>imitatur</span> <span class='ocrx_word' id='word_1_437' title='bbox 2300 814 2476 862; x_wconf 77' lang='lat' dir='ltr'>Batinus,</span> <span class='ocrx_word' id='word_1_438' title='bbox 2496 816 2678 864; x_wconf 86' lang='lat' dir='ltr'>imagines</span> 
     </span>
     <span class='ocr_line' id='line_1_60' title="bbox 1577 873 2675 922; baseline 0 -10"><span class='ocrx_word' id='word_1_439' title='bbox 1577 874 1683 912; x_wconf 80' lang='lat' dir='ltr'>illius</span> <span class='ocrx_word' id='word_1_440' title='bbox 1697 884 1895 922; x_wconf 87' lang='lat' dir='ltr'>respuens,</span> <span class='ocrx_word' id='word_1_441' title='bbox 1913 879 1950 911; x_wconf 92' lang='lat' dir='ltr'>et</span> <span class='ocrx_word' id='word_1_442' title='bbox 1974 884 2062 911; x_wconf 86' lang='lat' dir='ltr'>suas</span> <span class='ocrx_word' id='word_1_443' title='bbox 2081 874 2206 922; x_wconf 88' lang='lat' dir='ltr'>potius</span> <span class='ocrx_word' id='word_1_444' title='bbox 2224 874 2384 921; x_wconf 85' lang='lat' dir='ltr'>aptiores</span> <span class='ocrx_word' id='word_1_445' title='bbox 2401 873 2675 913; x_wconf 89' lang='lat' dir='ltr'>demonstrans.</span> 
     </span>
     <span class='ocr_line' id='line_1_61' title="bbox 1577 920 2725 984; baseline 0.001 -14"><span class='ocrx_word' id='word_1_446' title='bbox 1577 934 1709 971; x_wconf 88' lang='lat' dir='ltr'>Postea</span> <span class='ocrx_word' id='word_1_447' title='bbox 1740 932 1954 984; x_wconf 81' lang='lat' dir='ltr'>dubitantes</span> <span class='ocrx_word' id='word_1_448' title='bbox 1987 931 2189 970; x_wconf 85' lang='lat' dir='ltr'>admodum</span> <span class='ocrx_word' id='word_1_449' title='bbox 2221 942 2410 970; x_wconf 87' lang='lat' dir='ltr'>sermones</span> <span class='ocrx_word' id='word_1_450' title='bbox 2446 933 2678 979; x_wconf 87' lang='lat' dir='ltr'>instituunt,</span> <span class='ocrx_word' id='word_1_451' title='bbox 2720 920 2725 932; x_wconf 22' lang='grc' dir='ltr'>χ</span> 
     </span>
     <span class='ocr_line' id='line_1_62' title="bbox 1579 991 2692 1041; baseline -0.003 -11"><span class='ocrx_word' id='word_1_452' title='bbox 1579 999 1785 1041; x_wconf 89' lang='lat' dir='ltr'>mutuoque</span> <span class='ocrx_word' id='word_1_453' title='bbox 1813 992 2032 1040; x_wconf 86' lang='lat' dir='ltr'>ambigunt,</span> <span class='ocrx_word' id='word_1_454' title='bbox 2058 991 2150 1029; x_wconf 92' lang='lat' dir='ltr'>dum</span> <span class='ocrx_word' id='word_1_455' title='bbox 2180 993 2413 1040; x_wconf 87' lang='lat' dir='ltr'>quaestiones</span> <span class='ocrx_word' id='word_1_456' title='bbox 2441 993 2582 1030; x_wconf 88' lang='lat' dir='ltr'>solvere</span> <span class='ocrx_word' id='word_1_457' title='bbox 2610 1004 2692 1031; x_wconf 43' lang='lat' dir='ltr'>nes</span> 
     </span>
     <span class='ocr_line' id='line_1_63' title="bbox 1579 1044 2682 1100; baseline 0.002 -12"><span class='ocrx_word' id='word_1_458' title='bbox 1579 1057 1740 1100; x_wconf 90' lang='lat' dir='ltr'>queunt:</span> <span class='ocrx_word' id='word_1_459' title='bbox 1760 1051 1866 1089; x_wconf 90' lang='lat' dir='ltr'>aiunt</span> <span class='ocrx_word' id='word_1_460' title='bbox 1884 1057 2008 1090; x_wconf 88' lang='lat' dir='ltr'>tamen</span> <span class='ocrx_word' id='word_1_461' title='bbox 2021 1080 2031 1098; x_wconf 93' lang='lat'>,</span> <span class='ocrx_word' id='word_1_462' title='bbox 2050 1044 2334 1090; x_wconf 86' lang='lat' dir='ltr'>controversiam</span> <span class='ocrx_word' id='word_1_463' title='bbox 2353 1052 2542 1100; x_wconf 81' lang='lat' dir='ltr'>utrimque</span> <span class='ocrx_word' id='word_1_464' title='bbox 2561 1052 2682 1094; x_wconf 62' lang='lat' dir='ltr'>consi:</span> 
     </span>
     <span class='ocr_line' id='line_1_64' title="bbox 1581 1110 2678 1160; baseline 0.001 -12"><span class='ocrx_word' id='word_1_465' title='bbox 1581 1116 1695 1156; x_wconf 84' lang='lat' dir='ltr'>stere‚</span> <span class='ocrx_word' id='word_1_466' title='bbox 1711 1122 1786 1148; x_wconf 91' lang='lat' dir='ltr'>non</span> <span class='ocrx_word' id='word_1_467' title='bbox 1800 1117 1950 1159; x_wconf 85' lang='lat' dir='ltr'>propter</span> <span class='ocrx_word' id='word_1_468' title='bbox 1963 1112 2126 1160; x_wconf 87' lang='lat' dir='ltr'>aliquam</span> <span class='ocrx_word' id='word_1_469' title='bbox 2141 1111 2380 1159; x_wconf 86' lang='lat' dir='ltr'>problematis</span> <span class='ocrx_word' id='word_1_470' title='bbox 2393 1110 2657 1149; x_wconf 84' lang='lat' dir='ltr'>absurditatem</span> <span class='ocrx_word' id='word_1_471' title='bbox 2668 1138 2678 1156; x_wconf 87' lang='lat'><strong>‚</strong></span> 
     </span>
    </p>

    <p class='ocr_par' dir='ltr' id='par_1_13' title="bbox 1580 1167 2695 1334">
     <span class='ocr_line' id='line_1_65' title="bbox 1580 1167 2695 1223; baseline 0.002 -17"><span class='ocrx_word' id='word_1_472' title='bbox 1580 1170 1637 1207; x_wconf 83' lang='lat' dir='ltr'>vel</span> <span class='ocrx_word' id='word_1_473' title='bbox 1651 1170 1739 1218; x_wconf 90' lang='lat' dir='ltr'>quia</span> <span class='ocrx_word' id='word_1_474' title='bbox 1754 1170 1791 1207; x_wconf 92' lang='lat' dir='ltr'>id</span> <span class='ocrx_word' id='word_1_475' title='bbox 1806 1171 1855 1208; x_wconf 90' lang='lat' dir='ltr'>sit</span> <span class='ocrx_word' id='word_1_476' title='bbox 1868 1171 2108 1210; x_wconf 86' lang='lat' dir='ltr'>inverisimile</span> <span class='ocrx_word' id='word_1_477' title='bbox 2122 1176 2186 1222; x_wconf 84' lang='lat' dir='ltr'>aut</span> <span class='ocrx_word' id='word_1_478' title='bbox 2199 1171 2448 1223; x_wconf 81' lang='lat' dir='ltr'>impossibile3</span> <span class='ocrx_word' id='word_1_479' title='bbox 2461 1167 2567 1208; x_wconf 85' lang='lat' dir='ltr'>secus</span> <span class='ocrx_word' id='word_1_480' title='bbox 2580 1170 2695 1212; x_wconf 68' lang='lat' dir='ltr'>‹utim—¹</span> 
     </span>
     <span class='ocr_line' id='line_1_66' title="bbox 1581 1228 2681 1277; baseline 0.001 -12"><span class='ocrx_word' id='word_1_481' title='bbox 1581 1239 1788 1276; x_wconf 87' lang='lat' dir='ltr'>numquam</span> <span class='ocrx_word' id='word_1_482' title='bbox 1807 1228 2111 1275; x_wconf 81' lang='lat' dir='ltr'>concordassent3</span> <span class='ocrx_word' id='word_1_483' title='bbox 2134 1228 2366 1277; x_wconf 69' lang='lat' dir='ltr'>sed‘propter</span> <span class='ocrx_word' id='word_1_484' title='bbox 2382 1229 2528 1266; x_wconf 80' lang='lat' dir='ltr'>divinae</span> <span class='ocrx_word' id='word_1_485' title='bbox 2546 1228 2598 1266; x_wconf 87' lang='lat' dir='ltr'>rei</span> <span class='ocrx_word' id='word_1_486' title='bbox 2616 1239 2681 1266; x_wconf 87' lang='lat' dir='ltr'>su·</span> 
     </span>
     <span class='ocr_line' id='line_1_67' title="bbox 1581 1286 2678 1334; baseline 0.002 -11"><span class='ocrx_word' id='word_1_487' title='bbox 1581 1286 1817 1324; x_wconf 84' lang='lat' dir='ltr'>hlimitatem.</span> <span class='ocrx_word' id='word_1_488' title='bbox 1838 1290 2028 1326; x_wconf 74' lang='lat' dir='ltr'>Postremo</span> <span class='ocrx_word' id='word_1_489' title='bbox 2049 1288 2274 1328; x_wconf 86' lang='lat' dir='ltr'>testimoniis</span> <span class='ocrx_word' id='word_1_490' title='bbox 2292 1288 2389 1326; x_wconf 88' lang='lat' dir='ltr'>inter</span> <span class='ocrx_word' id='word_1_491' title='bbox 2403 1299 2449 1326; x_wconf 71' lang='lat' dir='ltr'>vse</span> <span class='ocrx_word' id='word_1_492' title='bbox 2470 1287 2678 1334; x_wconf 89' lang='lat' dir='ltr'>decertant,</span> 
     </span>
    </p>

    <p class='ocr_par' dir='ltr' id='par_1_14' title="bbox 1583 1346 2702 2048">
     <span class='ocr_line' id='line_1_68' title="bbox 1583 1346 2682 1397; baseline 0.001 -15"><span class='ocrx_word' id='word_1_493' title='bbox 1583 1351 1692 1394; x_wconf 86' lang='lat' dir='ltr'>atque</span> <span class='ocrx_word' id='word_1_494' title='bbox 1717 1346 1789 1384; x_wconf 90' lang='lat' dir='ltr'>alia</span> <span class='ocrx_word' id='word_1_495' title='bbox 1814 1347 1972 1384; x_wconf 92' lang='lat' dir='ltr'>Latinus</span> <span class='ocrx_word' id='word_1_496' title='bbox 1997 1346 2068 1383; x_wconf 90' lang='lat' dir='ltr'>alia</span> <span class='ocrx_word' id='word_1_497' title='bbox 2085 1347 2271 1391; x_wconf 86' lang='lat' dir='ltr'>Graecus,</span> <span class='ocrx_word' id='word_1_498' title='bbox 2289 1351 2484 1397; x_wconf 85' lang='lat' dir='ltr'>tamquam</span> <span class='ocrx_word' id='word_1_499' title='bbox 2509 1355 2682 1394; x_wconf 65' lang='lat' dir='ltr'>pugnam</span> 
     </span>
     <span class='ocr_line' id='line_1_69' title="bbox 1584 1403 2701 1454; baseline -0.002 -12"><span class='ocrx_word' id='word_1_500' title='bbox 1584 1405 1657 1452; x_wconf 82' lang='lat' dir='ltr'>tia,</span> <span class='ocrx_word' id='word_1_501' title='bbox 1684 1405 1755 1442; x_wconf 92' lang='lat' dir='ltr'>sibi</span> <span class='ocrx_word' id='word_1_502' title='bbox 1771 1411 1989 1453; x_wconf 87' lang='lat' dir='ltr'>opponunt,</span> <span class='ocrx_word' id='word_1_503' title='bbox 2009 1411 2046 1443; x_wconf 92' lang='lat' dir='ltr'>et</span> <span class='ocrx_word' id='word_1_504' title='bbox 2067 1412 2282 1445; x_wconf 72' lang='lat' dir='ltr'>sanctarum</span> <span class='ocrx_word' id='word_1_505' title='bbox 2311 1403 2573 1454; x_wconf 77' lang='lat' dir='ltr'>magistroruln</span> <span class='ocrx_word' id='word_1_506' title='bbox 2596 1415 2701 1442; x_wconf 49' lang='lat' dir='ltr'>con-t</span> 
     </span>
     <span class='ocr_line' id='line_1_70' title="bbox 1583 1463 2698 1512; baseline 0.002 -12"><span class='ocrx_word' id='word_1_507' title='bbox 1583 1464 1696 1501; x_wconf 88' lang='lat' dir='ltr'>traria</span> <span class='ocrx_word' id='word_1_508' title='bbox 1719 1463 1818 1501; x_wconf 88' lang='lat' dir='ltr'>dieta</span> <span class='ocrx_word' id='word_1_509' title='bbox 1844 1475 1993 1502; x_wconf 81' lang='lat' dir='ltr'>eausam</span> <span class='ocrx_word' id='word_1_510' title='bbox 2013 1475 2092 1502; x_wconf 91' lang='lat' dir='ltr'>esse</span> <span class='ocrx_word' id='word_1_511' title='bbox 2115 1465 2222 1502; x_wconf 83' lang='lat' dir='ltr'>aiunt</span> <span class='ocrx_word' id='word_1_512' title='bbox 2243 1464 2402 1502; x_wconf 90' lang='lat' dir='ltr'>duarum</span> <span class='ocrx_word' id='word_1_513' title='bbox 2429 1465 2590 1512; x_wconf 80' lang='lat' dir='ltr'>partium</span> <span class='ocrx_word' id='word_1_514' title='bbox 2609 1475 2698 1501; x_wconf 85' lang='lat' dir='ltr'>cer·-</span> 
     </span>
     <span class='ocr_line' id='line_1_71' title="bbox 1584 1522 2686 1571; baseline 0.002 -12"><span class='ocrx_word' id='word_1_515' title='bbox 1584 1523 1736 1559; x_wconf 90' lang='lat' dir='ltr'>taminis</span> <span class='ocrx_word' id='word_1_516' title='bbox 1755 1529 1873 1571; x_wconf 91' lang='lat' dir='ltr'>atque·</span> <span class='ocrx_word' id='word_1_517' title='bbox 1891 1522 2051 1563; x_wconf 84' lang='lat' dir='ltr'>discidii.</span> <span class='ocrx_word' id='word_1_518' title='bbox 2079 1523 2172 1561; x_wconf 90' lang='lat' dir='ltr'>Exin</span> <span class='ocrx_word' id='word_1_519' title='bbox 2191 1524 2415 1562; x_wconf 66' lang='lat' dir='ltr'>testimonia⁴</span> <span class='ocrx_word' id='word_1_520' title='bbox 2427 1524 2525 1563; x_wconf 82' lang='lat' dir='ltr'>inter</span> <span class='ocrx_word' id='word_1_521' title='bbox 2542 1534 2581 1561; x_wconf 89' lang='lat' dir='ltr'>se</span> <span class='ocrx_word' id='word_1_522' title='bbox 2599 1533 2686 1567; x_wconf 87' lang='lat' dir='ltr'>eon-</span> 
     </span>
     <span class='ocr_line' id='line_1_72' title="bbox 1585 1583 2700 1633; baseline 0.001 -14"><span class='ocrx_word' id='word_1_523' title='bbox 1585 1583 1733 1629; x_wconf 79' lang='lat' dir='ltr'>ciliant3</span> <span class='ocrx_word' id='word_1_524' title='bbox 1760 1584 1886 1633; x_wconf 90' lang='lat' dir='ltr'>sicque</span> <span class='ocrx_word' id='word_1_525' title='bbox 1912 1584 1985 1632; x_wconf 89' lang='lat' dir='ltr'>ipsi</span> <span class='ocrx_word' id='word_1_526' title='bbox 2008 1584 2146 1632; x_wconf 89' lang='lat' dir='ltr'>pariter</span> <span class='ocrx_word' id='word_1_527' title='bbox 2169 1595 2237 1621; x_wconf 85' lang='lat' dir='ltr'>ceu</span> <span class='ocrx_word' id='word_1_528' title='bbox 2258 1595 2378 1623; x_wconf 88' lang='lat' dir='ltr'>unum</span> <span class='ocrx_word' id='word_1_529' title='bbox 2403 1583 2576 1631; x_wconf 89' lang='lat' dir='ltr'>ide-mque</span> <span class='ocrx_word' id='word_1_530' title='bbox 2599 1593 2700 1620; x_wconf 90' lang='lat' dir='ltr'>sen-.</span> 
     </span>
     <span class='ocr_line' id='line_1_73' title="bbox 1584 1641 2684 1692; baseline -0.002 -12"><span class='ocrx_word' id='word_1_531' title='bbox 1584 1644 1738 1688; x_wconf 90' lang='lat' dir='ltr'>tientes,</span> <span class='ocrx_word' id='word_1_532' title='bbox 1757 1644 1795 1680; x_wconf 91' lang='lat' dir='ltr'>in</span> <span class='ocrx_word' id='word_1_533' title='bbox 1812 1643 2050 1681; x_wconf 87' lang='lat' dir='ltr'>concordiam</span> <span class='ocrx_word' id='word_1_534' title='bbox 2066 1645 2294 1692; x_wconf 89' lang='lat' dir='ltr'>conspirant.</span> <span class='ocrx_word' id='word_1_535' title='bbox 2313 1644 2477 1681; x_wconf 88' lang='lat' dir='ltr'>Graecus</span> <span class='ocrx_word' id='word_1_536' title='bbox 2495 1641 2645 1691; x_wconf 91' lang='lat' dir='ltr'>quidem</span> <span class='ocrx_word' id='word_1_537' title='bbox 2663 1652 2684 1678; x_wconf 90' lang='lat' dir='ltr'>a</span> 
     </span>
     <span class='ocr_line' id='line_1_74' title="bbox 1587 1703 2686 1758; baseline -0.002 -18"><span class='ocrx_word' id='word_1_538' title='bbox 1587 1704 1725 1740; x_wconf 89' lang='lat' dir='ltr'>sanctis</span> <span class='ocrx_word' id='word_1_539' title='bbox 1749 1703 1916 1751; x_wconf 89' lang='lat' dir='ltr'>patribus</span> <span class='ocrx_word' id='word_1_540' title='bbox 1941 1703 2117 1748; x_wconf 87' lang='lat' dir='ltr'>edoctus,</span> <span class='ocrx_word' id='word_1_541' title='bbox 2138 1711 2219 1740; x_wconf 80' lang='lat' dir='ltr'>non</span> <span class='ocrx_word' id='word_1_542' title='bbox 2246 1708 2414 1751; x_wconf 85' lang='lat' dir='ltr'>oportere</span> <span class='ocrx_word' id='word_1_543' title='bbox 2444 1707 2571 1739; x_wconf 89' lang='lat' dir='ltr'>censet</span> <span class='ocrx_word' id='word_1_544' title='bbox 2597 1712 2686 1758; x_wconf 60' lang='lat' dir='ltr'>proj-</span> 
     </span>
     <span class='ocr_line' id='line_1_75' title="bbox 1586 1755 2686 1812; baseline 0 -13"><span class='ocrx_word' id='word_1_545' title='bbox 1586 1763 1765 1800; x_wconf 89' lang='lat' dir='ltr'>nunciare</span> <span class='ocrx_word' id='word_1_546' title='bbox 1785 1763 1825 1799; x_wconf 90' lang='lat' dir='ltr'>in</span> <span class='ocrx_word' id='word_1_547' title='bbox 1841 1774 1931 1800; x_wconf 82' lang='lat' dir='ltr'>sam·</span> <span class='ocrx_word' id='word_1_548' title='bbox 1934 1769 1970 1800; x_wconf 91' lang='lat' dir='ltr'>to</span> <span class='ocrx_word' id='word_1_549' title='bbox 1995 1763 2163 1812; x_wconf 88' lang='lat' dir='ltr'>symbolo</span> <span class='ocrx_word' id='word_1_550' title='bbox 2178 1758 2287 1800; x_wconf 82' lang='lat' dir='ltr'>verba</span> <span class='ocrx_word' id='word_1_551' title='bbox 2302 1774 2356 1801; x_wconf 73' lang='lat' dir='ltr'>nx</span> <span class='ocrx_word' id='word_1_552' title='bbox 2373 1772 2501 1800; x_wconf 79' lang='lat' dir='ltr'>rimo.</span> <span class='ocrx_word' id='word_1_553' title='bbox 2527 1755 2686 1801; x_wconf 83' lang='lat' dir='ltr'>Latinus</span> 
     </span>
     <span class='ocr_line' id='line_1_76' title="bbox 1587 1820 2688 1870; baseline 0.001 -12"><span class='ocrx_word' id='word_1_554' title='bbox 1587 1827 1711 1859; x_wconf 88' lang='lat' dir='ltr'>autem</span> <span class='ocrx_word' id='word_1_555' title='bbox 1736 1822 1931 1870; x_wconf 87' lang='lat' dir='ltr'>persuadet</span> <span class='ocrx_word' id='word_1_556' title='bbox 1952 1822 2045 1867; x_wconf 87' lang='lat' dir='ltr'>sibi,</span> <span class='ocrx_word' id='word_1_557' title='bbox 2064 1833 2151 1860; x_wconf 86' lang='lat' dir='ltr'>non</span> <span class='ocrx_word' id='word_1_558' title='bbox 2166 1832 2245 1859; x_wconf 91' lang='lat' dir='ltr'>esse</span> <span class='ocrx_word' id='word_1_559' title='bbox 2269 1821 2533 1860; x_wconf 85' lang='lat' dir='ltr'>heterodoxum</span> <span class='ocrx_word' id='word_1_560' title='bbox 2561 1820 2688 1859; x_wconf 90' lang='lat' dir='ltr'>dicen-</span> 
     </span>
     <span class='ocr_line' id='line_1_77' title="bbox 1587 1863 2688 1930; baseline 0.001 -13"><span class='ocrx_word' id='word_1_561' title='bbox 1587 1880 1675 1918; x_wconf 91' lang='lat' dir='ltr'>dum</span> <span class='ocrx_word' id='word_1_562' title='bbox 1707 1883 1917 1927; x_wconf 82' lang='lat' dir='ltr'>Graecum3</span> <span class='ocrx_word' id='word_1_563' title='bbox 1950 1882 2037 1930; x_wconf 91' lang='lat' dir='ltr'>quia</span> <span class='ocrx_word' id='word_1_564' title='bbox 2068 1881 2377 1919; x_wconf 84' lang='lat' dir='ltr'>additamentum</span> <span class='ocrx_word' id='word_1_565' title='bbox 2400 1863 2602 1930; x_wconf 84' lang='lat' dir='ltr'>particulae</span> <span class='ocrx_word' id='word_1_566' title='bbox 2634 1890 2688 1918; x_wconf 74' lang='lat' dir='ltr'>nx</span> 
     </span>
     <span class='ocr_line' id='line_1_78' title="bbox 1588 1939 2702 1990; baseline -0.003 -12"><span class='ocrx_word' id='word_1_567' title='bbox 1588 1941 1687 1988; x_wconf 91' lang='lat' dir='ltr'>apud</span> <span class='ocrx_word' id='word_1_568' title='bbox 1708 1943 1738 1978; x_wconf 90' lang='lat' dir='ltr'>I</span> <span class='ocrx_word' id='word_1_569' title='bbox 1740 1942 1880 1987; x_wconf 88' lang='lat' dir='ltr'>atinos,</span> <span class='ocrx_word' id='word_1_570' title='bbox 1898 1947 1935 1979; x_wconf 92' lang='lat' dir='ltr'>et</span> <span class='ocrx_word' id='word_1_571' title='bbox 1954 1941 2158 1989; x_wconf 87' lang='lat' dir='ltr'>particulae</span> <span class='ocrx_word' id='word_1_572' title='bbox 2179 1951 2258 1979; x_wconf 69' lang='lat' dir='ltr'>Pan</span> <span class='ocrx_word' id='word_1_573' title='bbox 2283 1940 2380 1988; x_wconf 89' lang='lat' dir='ltr'>apud</span> <span class='ocrx_word' id='word_1_574' title='bbox 2402 1941 2584 1986; x_wconf 88' lang='lat' dir='ltr'>Graecos,</span> <span class='ocrx_word' id='word_1_575' title='bbox 2600 1939 2702 1990; x_wconf 54' lang='lat' dir='ltr'>nul*⁴</span> 
     </span>
     <span class='ocr_line' id='line_1_79' title="bbox 1588 1994 2667 2048; baseline -0.002 -11"><span class='ocrx_word' id='word_1_576' title='bbox 1588 2000 1663 2037; x_wconf 86' lang='lat' dir='ltr'>lam</span> <span class='ocrx_word' id='word_1_577' title='bbox 1689 1999 1738 2037; x_wconf 92' lang='lat' dir='ltr'>ad</span> <span class='ocrx_word' id='word_1_578' title='bbox 1759 2000 1897 2037; x_wconf 86' lang='lat' dir='ltr'>Filium</span> <span class='ocrx_word' id='word_1_579' title='bbox 1923 2000 2024 2048; x_wconf 91' lang='lat' dir='ltr'>quod</span> <span class='ocrx_word' id='word_1_580' title='bbox 2050 1994 2184 2038; x_wconf 86' lang='lat' dir='ltr'>attinet</span> <span class='ocrx_word' id='word_1_581' title='bbox 2208 1999 2459 2038; x_wconf 85' lang='lat' dir='ltr'>differentiam</span> <span class='ocrx_word' id='word_1_582' title='bbox 2485 1998 2667 2038; x_wconf 77' lang='lat' dir='ltr'>habeant..</span> 
     </span>
    </p>
   </div>
   <div class='ocr_carea' id='block_1_12' title="bbox 1688 2234 2586 2277">
    <p class='ocr_par' dir='ltr' id='par_1_15' title="bbox 1688 2234 2586 2277">
     <span class='ocr_line' id='line_1_80' title="bbox 1688 2234 2586 2277; baseline -0.001 -2"><span class='ocrx_word' id='word_1_583' title='bbox 1688 2236 1898 2275; x_wconf 69' lang='lat' dir='ltr'>NICETAE</span> <span class='ocrx_word' id='word_1_584' title='bbox 1922 2235 2364 2277; x_wconf 84' lang='lat' dir='ltr'>CHARTOPHYLACIS</span> <span class='ocrx_word' id='word_1_585' title='bbox 2387 2234 2586 2274; x_wconf 77' lang='lat' dir='ltr'><strong>NICAENI</strong></span> 
     </span>
    </p>
   </div>
   <div class='ocr_carea' id='block_1_13' title="bbox 1591 2341 2705 2450">
    <p class='ocr_par' dir='ltr' id='par_1_16' title="bbox 1591 2341 2705 2450">
     <span class='ocr_line' id='line_1_81' title="bbox 1591 2341 2699 2393; baseline -0.006 -10"><span class='ocrx_word' id='word_1_586' title='bbox 1591 2344 1734 2393; x_wconf 85' lang='lat' dir='ltr'>Quibus</span> <span class='ocrx_word' id='word_1_587' title='bbox 1756 2343 1982 2392; x_wconf 83' lang='lat' dir='ltr'>temporibus</span> <span class='ocrx_word' id='word_1_588' title='bbox 2006 2348 2042 2380; x_wconf 89' lang='lat' dir='ltr'>et</span> <span class='ocrx_word' id='word_1_589' title='bbox 2065 2353 2225 2391; x_wconf 90' lang='lat' dir='ltr'>quarum</span> <span class='ocrx_word' id='word_1_590' title='bbox 2250 2341 2552 2379; x_wconf 85' lang='lat' dir='ltr'>criminationum</span> <span class='ocrx_word' id='word_1_591' title='bbox 2578 2349 2699 2381; x_wconf 24' lang='lat' dir='ltr'>causa-t</span> 
     </span>
     <span class='ocr_line' id='line_1_82' title="bbox 1662 2398 2705 2450; baseline -0.007 -9"><span class='ocrx_word' id='word_1_592' title='bbox 1662 2414 1683 2441; x_wconf 91' lang='lat' dir='ltr'>a</span> <span class='ocrx_word' id='word_1_593' title='bbox 1709 2403 2111 2450; x_wconf 86' lang='lat' dir='ltr'>constantinopolitana</span> <span class='ocrx_word' id='word_1_594' title='bbox 2139 2401 2293 2439; x_wconf 85' lang='lat' dir='ltr'>ecclesia</span> <span class='ocrx_word' id='word_1_595' title='bbox 2320 2399 2525 2441; x_wconf 86' lang='lat' dir='ltr'>seiunxerit</span> <span class='ocrx_word' id='word_1_596' title='bbox 2550 2408 2590 2435; x_wconf 90' lang='lat' dir='ltr'>se</span> <span class='ocrx_word' id='word_1_597' title='bbox 2619 2398 2705 2435; x_wconf 65' lang='lat' dir='ltr'>Ro·-</span> 
     </span>
    </p>
   </div>
   <div class='ocr_carea' id='block_1_14' title="bbox 1664 2463 2055 2503">
    <p class='ocr_par' dir='ltr' id='par_1_17' title="bbox 1664 2463 2055 2503">
     <span class='ocr_line' id='line_1_83' title="bbox 1664 2463 2055 2503; baseline 0 -3"><span class='ocrx_word' id='word_1_598' title='bbox 1664 2475 1859 2503; x_wconf 90' lang='lat' dir='ltr'>manorum</span> <span class='ocrx_word' id='word_1_599' title='bbox 1889 2463 2055 2501; x_wconf 88' lang='lat' dir='ltr'>ecelesia.</span> 
     </span>
    </p>
   </div>
   <div class='ocr_carea' id='block_1_15' title="bbox 1592 2573 2706 3138">
    <p class='ocr_par' dir='ltr' id='par_1_18' title="bbox 1592 2573 2706 2956">
     <span class='ocr_line' id='line_1_84' title="bbox 1666 2573 2694 2654; baseline -0.007 -10"><span class='ocrx_word' id='word_1_600' title='bbox 1666 2611 1699 2644; x_wconf 87' lang='lat'>1.</span> <span class='ocrx_word' id='word_1_601' title='bbox 1729 2573 1835 2648; x_wconf 80' lang='lat' dir='ltr'>Sub.</span> <span class='ocrx_word' id='word_1_602' title='bbox 1854 2607 2034 2647; x_wconf 81' lang='lat' dir='ltr'>Gratiano</span> <span class='ocrx_word' id='word_1_603' title='bbox 2062 2606 2286 2654; x_wconf 84' lang='lat' dir='ltr'>imperatore</span> <span class='ocrx_word' id='word_1_604' title='bbox 2315 2609 2466 2652; x_wconf 88' lang='lat' dir='ltr'>propter</span> <span class='ocrx_word' id='word_1_605' title='bbox 2492 2600 2694 2639; x_wconf 87' lang='lat' dir='ltr'>Paulinum</span> 
     </span>
     <span class='ocr_line' id='line_1_85' title="bbox 1592 2659 2703 2714; baseline -0.008 -8"><span class='ocrx_word' id='word_1_606' title='bbox 1592 2669 1921 2708; x_wconf 88' lang='lat' dir='ltr'>Eustathianorum</span> <span class='ocrx_word' id='word_1_607' title='bbox 1955 2666 2258 2714; x_wconf 81' lang='lat' dir='ltr'>antesignanum.</span> <span class='ocrx_word' id='word_1_608' title='bbox 2294 2664 2445 2701; x_wconf 83' lang='lat' dir='ltr'>Etenim</span> <span class='ocrx_word' id='word_1_609' title='bbox 2477 2662 2537 2699; x_wconf 88' lang='lat' dir='ltr'>bic</span> <span class='ocrx_word' id='word_1_610' title='bbox 2565 2659 2703 2708; x_wconf 32' lang='lat' dir='ltr'>magni-</span> 
     </span>
     <span class='ocr_line' id='line_1_86' title="bbox 1593 2722 2696 2778; baseline -0.006 -11"><span class='ocrx_word' id='word_1_611' title='bbox 1593 2731 1734 2778; x_wconf 87' lang='lat' dir='ltr'>Meletii</span> <span class='ocrx_word' id='word_1_612' title='bbox 1757 2728 1954 2766; x_wconf 87' lang='lat' dir='ltr'>monitioni</span> <span class='ocrx_word' id='word_1_613' title='bbox 1978 2729 2131 2765; x_wconf 90' lang='lat' dir='ltr'>minime</span> <span class='ocrx_word' id='word_1_614' title='bbox 2153 2727 2379 2775; x_wconf 90' lang='lat' dir='ltr'>obsequens,</span> <span class='ocrx_word' id='word_1_615' title='bbox 2396 2724 2462 2762; x_wconf 90' lang='lat' dir='ltr'>sed</span> <span class='ocrx_word' id='word_1_616' title='bbox 2476 2722 2696 2773; x_wconf 83' lang='lat' dir='ltr'>Antiochiae</span> 
     </span>
     <span class='ocr_line' id='line_1_87' title="bbox 1594 2783 2706 2837; baseline -0.008 -9"><span class='ocrx_word' id='word_1_617' title='bbox 1594 2790 1719 2828; x_wconf 89' lang='lat' dir='ltr'>sedem</span> <span class='ocrx_word' id='word_1_618' title='bbox 1747 2800 1926 2837; x_wconf 85' lang='lat' dir='ltr'>occupare</span> <span class='ocrx_word' id='word_1_619' title='bbox 1956 2793 2149 2836; x_wconf 80' lang='lat' dir='ltr'>satagens3</span> <span class='ocrx_word' id='word_1_620' title='bbox 2175 2798 2261 2824; x_wconf 91' lang='lat' dir='ltr'>cum</span> <span class='ocrx_word' id='word_1_621' title='bbox 2290 2786 2425 2823; x_wconf 86' lang='lat' dir='ltr'>fuisset</span> <span class='ocrx_word' id='word_1_622' title='bbox 2450 2783 2706 2833; x_wconf 57' lang='lat' dir='ltr'>praeteritus„</span> 
     </span>
     <span class='ocr_line' id='line_1_88' title="bbox 1594 2842 2694 2898; baseline -0.008 -11"><span class='ocrx_word' id='word_1_623' title='bbox 1594 2850 1758 2898; x_wconf 90' lang='lat' dir='ltr'>praelato</span> <span class='ocrx_word' id='word_1_624' title='bbox 1776 2849 1951 2886; x_wconf 91' lang='lat' dir='ltr'>Flaviano</span> <span class='ocrx_word' id='word_1_625' title='bbox 1961 2877 1971 2894; x_wconf 93' lang='lat'>‚</span> <span class='ocrx_word' id='word_1_626' title='bbox 1989 2847 2305 2895; x_wconf 91' lang='lat' dir='ltr'>perturbationem</span> <span class='ocrx_word' id='word_1_627' title='bbox 2320 2850 2431 2893; x_wconf 90' lang='lat' dir='ltr'>atque</span> <span class='ocrx_word' id='word_1_628' title='bbox 2446 2843 2608 2881; x_wconf 88' lang='lat' dir='ltr'>schisma</span> <span class='ocrx_word' id='word_1_629' title='bbox 2621 2842 2694 2878; x_wconf 82' lang='lat' dir='ltr'>Ro-</span> 
     </span>
     <span class='ocr_line' id='line_1_89' title="bbox 1597 2901 2588 2956; baseline -0.008 -7"><span class='ocrx_word' id='word_1_630' title='bbox 1597 2901 1798 2949; x_wconf 51' lang='lat' dir='ltr'>manorum¹</span> <span class='ocrx_word' id='word_1_631' title='bbox 1817 2910 1993 2948; x_wconf 87' lang='lat' dir='ltr'>ecclesiae</span> <span class='ocrx_word' id='word_1_632' title='bbox 2020 2909 2169 2946; x_wconf 88' lang='lat' dir='ltr'>Paulini</span> <span class='ocrx_word' id='word_1_633' title='bbox 2197 2907 2408 2956; x_wconf 88' lang='lat' dir='ltr'>praeteritio</span> <span class='ocrx_word' id='word_1_634' title='bbox 2435 2906 2588 2954; x_wconf 85' lang='lat' dir='ltr'>peperit.</span> 
     </span>
    </p>

    <p class='ocr_par' dir='ltr' id='par_1_19' title="bbox 1596 2967 2702 3138">
     <span class='ocr_line' id='line_1_90' title="bbox 1666 2967 2702 3016; baseline -0.011 -7"><span class='ocrx_word' id='word_1_635' title='bbox 1666 2975 1701 3008; x_wconf 86' lang='lat'>2.</span> <span class='ocrx_word' id='word_1_636' title='bbox 1728 2971 1804 3009; x_wconf 91' lang='lat' dir='ltr'>Sub</span> <span class='ocrx_word' id='word_1_637' title='bbox 1832 2969 2037 3008; x_wconf 87' lang='lat' dir='ltr'>Theodosio</span> <span class='ocrx_word' id='word_1_638' title='bbox 2062 2978 2199 3016; x_wconf 85' lang='lat' dir='ltr'>magno</span> <span class='ocrx_word' id='word_1_639' title='bbox 2222 2967 2466 3015; x_wconf 88' lang='lat' dir='ltr'>imperatore,</span> <span class='ocrx_word' id='word_1_640' title='bbox 2492 2974 2619 3013; x_wconf 42' lang='lat' dir='ltr'>quum,</span> <span class='ocrx_word' id='word_1_641' title='bbox 2635 2972 2702 3006; x_wconf 48' lang='lat' dir='ltr'>sea</span> 
     </span>
     <span class='ocr_line' id='line_1_91' title="bbox 1596 3024 2695 3078; baseline -0.01 -9"><span class='ocrx_word' id='word_1_642' title='bbox 1596 3031 1660 3069; x_wconf 89' lang='lat' dir='ltr'>des</span> <span class='ocrx_word' id='word_1_643' title='bbox 1688 3030 2086 3078; x_wconf 88' lang='lat' dir='ltr'>constantinopolitana</span> <span class='ocrx_word' id='word_1_644' title='bbox 2111 3028 2250 3065; x_wconf 84' lang='lat' dir='ltr'>honore</span> <span class='ocrx_word' id='word_1_645' title='bbox 2277 3031 2386 3063; x_wconf 86' lang='lat' dir='ltr'>aucta</span> <span class='ocrx_word' id='word_1_646' title='bbox 2413 3024 2545 3065; x_wconf 87' lang='lat' dir='ltr'>fuisset</span> <span class='ocrx_word' id='word_1_647' title='bbox 2568 3033 2588 3059; x_wconf 93' lang='lat' dir='ltr'>a</span> <span class='ocrx_word' id='word_1_648' title='bbox 2612 3031 2695 3059; x_wconf 88' lang='lat' dir='ltr'>cen-</span> 
     </span>
     <span class='ocr_line' id='line_1_92' title="bbox 1597 3079 2696 3138; baseline -0.012 -9"><span class='ocrx_word' id='word_1_649' title='bbox 1597 3097 1678 3129; x_wconf 89' lang='lat' dir='ltr'>tum</span> <span class='ocrx_word' id='word_1_650' title='bbox 1704 3090 1975 3138; x_wconf 88' lang='lat' dir='ltr'>quinquaginta</span> <span class='ocrx_word' id='word_1_651' title='bbox 1998 3086 2178 3136; x_wconf 88' lang='lat' dir='ltr'>episcopis</span> <span class='ocrx_word' id='word_1_652' title='bbox 2203 3087 2242 3123; x_wconf 90' lang='lat' dir='ltr'>in</span> <span class='ocrx_word' id='word_1_653' title='bbox 2268 3083 2429 3123; x_wconf 83' lang='lat' dir='ltr'>secunda</span> <span class='ocrx_word' id='word_1_654' title='bbox 2455 3081 2615 3132; x_wconf 89' lang='lat' dir='ltr'>synodo,</span> <span class='ocrx_word' id='word_1_655' title='bbox 2635 3079 2696 3117; x_wconf 85' lang='lat' dir='ltr'>cui</span> 
     </span>
    </p>
   </div>
   <div class='ocr_carea' id='block_1_16' title="bbox 1536 3141 2702 3198">
    <p class='ocr_par' dir='ltr' id='par_1_20' title="bbox 1536 3141 2702 3198">
     <span class='ocr_line' id='line_1_93' title="bbox 1536 3141 2702 3198; baseline -0.012 -9"><span class='ocrx_word' id='word_1_656' title='bbox 1536 3155 1539 3157; x_wconf 86' lang='grc'><strong>’</strong></span> <span class='ocrx_word' id='word_1_657' title='bbox 1597 3162 1644 3188; x_wconf 91' lang='lat' dir='ltr'>ne</span> <span class='ocrx_word' id='word_1_658' title='bbox 1677 3151 1791 3198; x_wconf 85' lang='lat' dir='ltr'>legati</span> <span class='ocrx_word' id='word_1_659' title='bbox 1816 3149 1970 3197; x_wconf 74' lang='lat' dir='ltr'>quidem</span> <span class='ocrx_word' id='word_1_660' title='bbox 2001 3147 2147 3185; x_wconf 90' lang='lat' dir='ltr'>romani</span> <span class='ocrx_word' id='word_1_661' title='bbox 2176 3146 2402 3189; x_wconf 83' lang='lat' dir='ltr'>intererant,</span> <span class='ocrx_word' id='word_1_662' title='bbox 2429 3141 2626 3180; x_wconf 89' lang='lat' dir='ltr'>discidium</span> <span class='ocrx_word' id='word_1_663' title='bbox 2659 3143 2702 3176; x_wconf 86' lang='lat' dir='ltr'>et.</span> 
     </span>
    </p>
   </div>
   <div class='ocr_carea' id='block_1_17' title="bbox 1598 3208 2695 3432">
    <p class='ocr_par' dir='ltr' id='par_1_21' title="bbox 1598 3208 2107 3258">
     <span class='ocr_line' id='line_1_94' title="bbox 1598 3208 2107 3258; baseline -0.008 -11"><span class='ocrx_word' id='word_1_664' title='bbox 1598 3209 1823 3258; x_wconf 89' lang='lat' dir='ltr'>perturbatio</span> <span class='ocrx_word' id='word_1_665' title='bbox 1853 3208 2011 3246; x_wconf 85' lang='lat' dir='ltr'>conflata</span> <span class='ocrx_word' id='word_1_666' title='bbox 2033 3212 2107 3244; x_wconf 80' lang='lat' dir='ltr'>est.</span> 
     </span>
    </p>

    <p class='ocr_par' dir='ltr' id='par_1_22' title="bbox 1599 3258 2695 3432">
     <span class='ocr_line' id='line_1_95' title="bbox 1669 3258 2695 3316; baseline -0.01 -11"><span class='ocrx_word' id='word_1_667' title='bbox 1669 3274 1713 3316; x_wconf 58' lang='lat'>3„</span> <span class='ocrx_word' id='word_1_668' title='bbox 1731 3269 1808 3306; x_wconf 84' lang='lat' dir='ltr'>Sub</span> <span class='ocrx_word' id='word_1_669' title='bbox 1833 3268 2023 3305; x_wconf 88' lang='lat' dir='ltr'>Marciano</span> <span class='ocrx_word' id='word_1_670' title='bbox 2046 3277 2133 3304; x_wconf 85' lang='lat' dir='ltr'>eum</span> <span class='ocrx_word' id='word_1_671' title='bbox 2159 3266 2356 3313; x_wconf 85' lang='lat' dir='ltr'>Leo-papa</span> <span class='ocrx_word' id='word_1_672' title='bbox 2381 3258 2695 3300; x_wconf 70' lang='lat' dir='ltr'>commonefactus</span> 
     </span>
     <span class='ocr_line' id='line_1_96' title="bbox 1599 3319 2695 3376; baseline -0.011 -9"><span class='ocrx_word' id='word_1_673' title='bbox 1599 3321 1729 3367; x_wconf 74' lang='lat' dir='ltr'>fuisset</span> <span class='ocrx_word' id='word_1_674' title='bbox 1743 3356 1753 3374; x_wconf 89' lang='lat'>,</span> <span class='ocrx_word' id='word_1_675' title='bbox 1788 3329 2001 3376; x_wconf 88' lang='lat' dir='ltr'>episcopum</span> <span class='ocrx_word' id='word_1_676' title='bbox 2039 3323 2480 3371; x_wconf 80' lang='lat' dir='ltr'>constantinopolitanum</span> <span class='ocrx_word' id='word_1_677' title='bbox 2517 3319 2695 3367; x_wconf 90' lang='lat' dir='ltr'>paulatim</span> 
     </span>
     <span class='ocr_line' id='line_1_97' title="bbox 1601 3377 2695 3432; baseline -0.011 -6"><span class='ocrx_word' id='word_1_678' title='bbox 1601 3388 1649 3426; x_wconf 89' lang='lat' dir='ltr'>ad</span> <span class='ocrx_word' id='word_1_679' title='bbox 1676 3399 1715 3425; x_wconf 89' lang='lat' dir='ltr'>se</span> <span class='ocrx_word' id='word_1_680' title='bbox 1742 3387 1887 3425; x_wconf 86' lang='lat' dir='ltr'>trahere</span> <span class='ocrx_word' id='word_1_681' title='bbox 1908 3386 2049 3432; x_wconf 86' lang='lat' dir='ltr'>alienas</span> <span class='ocrx_word' id='word_1_682' title='bbox 2071 3383 2195 3431; x_wconf 88' lang='lat' dir='ltr'>sedes,</span> <span class='ocrx_word' id='word_1_683' title='bbox 2214 3392 2355 3430; x_wconf 88' lang='lat' dir='ltr'>suoque</span> <span class='ocrx_word' id='word_1_684' title='bbox 2379 3378 2606 3428; x_wconf 82' lang='lat' dir='ltr'>praesulatui</span> <span class='ocrx_word' id='word_1_685' title='bbox 2628 3377 2695 3416; x_wconf 90' lang='lat' dir='ltr'>ad-</span> 
     </span>
    </p>
   </div>
   <div class='ocr_carea' id='block_1_18' title="bbox 1584 3437 2697 3495">
    <p class='ocr_par' dir='ltr' id='par_1_23' title="bbox 1584 3437 2697 3495">
     <span class='ocr_line' id='line_1_98' title="bbox 1584 3437 2697 3495; baseline -0.01 -10"><span class='ocrx_word' id='word_1_686' title='bbox 1584 3446 1773 3495; x_wconf 71' lang='lat' dir='ltr'>&#39;iungere3</span> <span class='ocrx_word' id='word_1_687' title='bbox 1790 3457 1862 3494; x_wconf 85' lang='lat' dir='ltr'>qua</span> <span class='ocrx_word' id='word_1_688' title='bbox 1877 3456 1988 3494; x_wconf 91' lang='lat' dir='ltr'>super</span> <span class='ocrx_word' id='word_1_689' title='bbox 2002 3455 2042 3482; x_wconf 91' lang='lat' dir='ltr'>re</span> <span class='ocrx_word' id='word_1_690' title='bbox 2058 3444 2201 3484; x_wconf 85' lang='lat' dir='ltr'>litteras</span> <span class='ocrx_word' id='word_1_691' title='bbox 2217 3451 2362 3491; x_wconf 86' lang='lat' dir='ltr'>quoque</span> <span class='ocrx_word' id='word_1_692' title='bbox 2375 3441 2473 3487; x_wconf 88' lang='lat' dir='ltr'>Papa</span> <span class='ocrx_word' id='word_1_693' title='bbox 2487 3438 2634 3486; x_wconf 90' lang='lat' dir='ltr'>scripsit</span> <span class='ocrx_word' id='word_1_694' title='bbox 2649 3437 2697 3475; x_wconf 89' lang='lat' dir='ltr'>ad</span> 
     </span>
    </p>
   </div>
   <div class='ocr_carea' id='block_1_19' title="bbox 522 3557 2766 3618">
    <p class='ocr_par' dir='ltr' id='par_1_24' title="bbox 522 3557 2766 3618">
     <span class='ocr_line' id='line_1_99' title="bbox 522 3557 2766 3618; baseline -0.005 -13"><span class='ocrx_word' id='word_1_695' title='bbox 522 3571 561 3613; x_wconf 83' lang='lat' dir='ltr'>a)</span> <span class='ocrx_word' id='word_1_696' title='bbox 586 3569 648 3606; x_wconf 89' lang='lat' dir='ltr'>Al.</span> <span class='ocrx_word' id='word_1_697' title='bbox 676 3570 758 3607; x_wconf 86' lang='lat' dir='ltr'>eod.</span> <span class='ocrx_word' id='word_1_698' title='bbox 785 3581 879 3608; x_wconf 84' lang='lat' dir='ltr'>rem.</span> <span class='ocrx_word' id='word_1_699' title='bbox 907 3572 1062 3615; x_wconf 78' lang='grc' dir='ltr'><em>πόσους,</em></span> <span class='ocrx_word' id='word_1_700' title='bbox 1088 3572 1196 3618; x_wconf 63' lang='lat' dir='ltr'>quotz,</span> <span class='ocrx_word' id='word_1_701' title='bbox 1222 3569 1441 3608; x_wconf 82' lang='lat' dir='ltr'>Parisiensis</span> <span class='ocrx_word' id='word_1_702' title='bbox 1469 3569 1615 3611; x_wconf 67' lang='grc' dir='ltr'><em>ποσάκις</em></span> <span class='ocrx_word' id='word_1_703' title='bbox 1641 3570 1698 3614; x_wconf 67' lang='grc' dir='ltr'><em>καὶ</em></span> <span class='ocrx_word' id='word_1_704' title='bbox 1726 3568 1809 3605; x_wconf 75' lang='grc' dir='ltr'><em>πότε</em></span> <span class='ocrx_word' id='word_1_705' title='bbox 1825 3596 1834 3612; x_wconf 89' lang='grc'><em>,</em></span> <span class='ocrx_word' id='word_1_706' title='bbox 1859 3569 2004 3614; x_wconf 72' lang='lat' dir='ltr'>quoties</span> <span class='ocrx_word' id='word_1_707' title='bbox 2033 3568 2074 3603; x_wconf 77' lang='lat' dir='ltr'>et</span> <span class='ocrx_word' id='word_1_708' title='bbox 2097 3562 2262 3613; x_wconf 82' lang='lat' dir='ltr'>quando.</span> <span class='ocrx_word' id='word_1_709' title='bbox 2294 3581 2342 3595; x_wconf 58' lang='grc' dir='ltr'><em>-ε</em></span> <span class='ocrx_word' id='word_1_710' title='bbox 2373 3559 2408 3604; x_wconf 87' lang='lat' dir='ltr'>b)</span> <span class='ocrx_word' id='word_1_711' title='bbox 2431 3558 2567 3598; x_wconf 89' lang='lat' dir='ltr'>Melius</span> <span class='ocrx_word' id='word_1_712' title='bbox 2593 3557 2705 3602; x_wconf 69' lang='lat' dir='ltr'>heic,</span> <span class='ocrx_word' id='word_1_713' title='bbox 2762 3594 2766 3600; x_wconf 84' lang='grc'><em>,</em></span> 
     </span>
    </p>
   </div>
   <div class='ocr_carea' id='block_1_20' title="bbox 428 3631 878 3679">
    <p class='ocr_par' dir='ltr' id='par_1_25' title="bbox 428 3631 878 3679">
     <span class='ocr_line' id='line_1_100' title="bbox 428 3631 878 3679; baseline 0.002 -12"><span class='ocrx_word' id='word_1_714' title='bbox 428 3640 541 3677; x_wconf 78' lang='lat' dir='ltr'>quam</span> <span class='ocrx_word' id='word_1_715' title='bbox 566 3640 602 3677; x_wconf 80' lang='lat' dir='ltr'>p.</span> <span class='ocrx_word' id='word_1_716' title='bbox 631 3635 688 3667; x_wconf 92' lang='lat'>10.</span> <span class='ocrx_word' id='word_1_717' title='bbox 716 3631 878 3679; x_wconf 63' lang='grc' dir='ltr'><em>ἄρχοντα.</em></span> 
     </span>
    </p>
   </div>
   <div class='ocr_carea' id='block_1_21' title="bbox 523 3732 2704 3794">
    <p class='ocr_par' dir='ltr' id='par_1_26' title="bbox 523 3732 2704 3794">
     <span class='ocr_line' id='line_1_101' title="bbox 523 3732 2704 3794; baseline -0.003 -7"><span class='ocrx_word' id='word_1_718' title='bbox 523 3746 573 3787; x_wconf 83' lang='grc'>(1)</span> <span class='ocrx_word' id='word_1_719' title='bbox 598 3742 744 3780; x_wconf 83' lang='lat' dir='ltr'>Videsis</span> <span class='ocrx_word' id='word_1_720' title='bbox 775 3744 1021 3791; x_wconf 84' lang='lat' dir='ltr'>capitulorum</span> <span class='ocrx_word' id='word_1_721' title='bbox 1049 3757 1104 3794; x_wconf 88' lang='lat' dir='ltr'>gr.</span> <span class='ocrx_word' id='word_1_722' title='bbox 1126 3757 1146 3784; x_wconf 91' lang='lat' dir='ltr'>a</span> <span class='ocrx_word' id='word_1_723' title='bbox 1171 3746 1281 3784; x_wconf 90' lang='lat' dir='ltr'>nobis</span> <span class='ocrx_word' id='word_1_724' title='bbox 1306 3747 1461 3783; x_wconf 87' lang='lat' dir='ltr'>citatum</span> <span class='ocrx_word' id='word_1_725' title='bbox 1486 3745 1525 3782; x_wconf 87' lang='lat' dir='ltr'>in</span> <span class='ocrx_word' id='word_1_726' title='bbox 1550 3732 1677 3793; x_wconf 85' lang='lat' dir='ltr'>Spicil.</span> <span class='ocrx_word' id='word_1_727' title='bbox 1695 3754 1791 3782; x_wconf 84' lang='lat' dir='ltr'>rom.</span> <span class='ocrx_word' id='word_1_728' title='bbox 1817 3745 1861 3782; x_wconf 88' lang='grc' dir='ltr'>Τ.</span> <span class='ocrx_word' id='word_1_729' title='bbox 1879 3743 1944 3782; x_wconf 78' lang='grc' dir='ltr'><em>Ἦ</em></span> <span class='ocrx_word' id='word_1_730' title='bbox 1964 3739 2077 3790; x_wconf 83' lang='lat' dir='ltr'>praef.</span> <span class='ocrx_word' id='word_1_731' title='bbox 2097 3750 2133 3788; x_wconf 91' lang='lat' dir='ltr'>p</span> <span class='ocrx_word' id='word_1_732' title='bbox 2153 3741 2212 3775; x_wconf 86' lang='lat'>28.</span> <span class='ocrx_word' id='word_1_733' title='bbox 2239 3740 2322 3786; x_wconf 72' lang='grc' dir='ltr'><em>Περὶ</em></span> <span class='ocrx_word' id='word_1_734' title='bbox 2346 3740 2409 3781; x_wconf 78' lang='grc' dir='ltr'><em>τῆς</em></span> <span class='ocrx_word' id='word_1_735' title='bbox 2431 3741 2491 3775; x_wconf 84' lang='grc' dir='ltr'>ΕΚ</span> <span class='ocrx_word' id='word_1_736' title='bbox 2515 3739 2574 3774; x_wconf 75' lang='grc' dir='ltr'>καὶ</span> <span class='ocrx_word' id='word_1_737' title='bbox 2602 3740 2696 3781; x_wconf 80' lang='lat' dir='ltr'>AIA,</span> <span class='ocrx_word' id='word_1_738' title='bbox 2686 3764 2704 3785; x_wconf 71' lang='lat'>‚,</span> 
     </span>
    </p>
   </div>
   <div class='ocr_carea' id='block_1_22' title="bbox 432 3792 792 3852">
    <p class='ocr_par' dir='ltr' id='par_1_27' title="bbox 432 3792 792 3852">
     <span class='ocr_line' id='line_1_102' title="bbox 432 3792 792 3852; baseline 0.003 -14"><span class='ocrx_word' id='word_1_739' title='bbox 432 3803 483 3839; x_wconf 88' lang='grc' dir='ltr'>ὁτι</span> <span class='ocrx_word' id='word_1_740' title='bbox 511 3792 792 3852; x_wconf 74' lang='grc' dir='ltr'><em>ἰσοδυναμοῦσιν.</em></span> 
     </span>
    </p>
   </div>
   <div class='ocr_carea' id='block_1_23' title="bbox 525 3842 1753 3907">
    <p class='ocr_par' dir='ltr' id='par_1_28' title="bbox 525 3842 1753 3907">
     <span class='ocr_line' id='line_1_103' title="bbox 525 3842 1753 3907; baseline 0.001 -9"><span class='ocrx_word' id='word_1_741' title='bbox 525 3866 572 3907; x_wconf 84' lang='grc'>(2)</span> <span class='ocrx_word' id='word_1_742' title='bbox 597 3864 653 3900; x_wconf 90' lang='lat' dir='ltr'>De</span> <span class='ocrx_word' id='word_1_743' title='bbox 678 3862 747 3900; x_wconf 89' lang='lat' dir='ltr'>hoc</span> <span class='ocrx_word' id='word_1_744' title='bbox 771 3863 900 3900; x_wconf 81' lang='lat' dir='ltr'>Nice-ta</span> <span class='ocrx_word' id='word_1_745' title='bbox 927 3869 964 3900; x_wconf 87' lang='lat' dir='ltr'>et</span> <span class='ocrx_word' id='word_1_746' title='bbox 988 3870 1148 3903; x_wconf 86' lang='lat' dir='ltr'>tractatu</span> <span class='ocrx_word' id='word_1_747' title='bbox 1173 3842 1336 3904; x_wconf 83' lang='lat' dir='ltr'>Allatius</span> <span class='ocrx_word' id='word_1_748' title='bbox 1361 3866 1401 3902; x_wconf 93' lang='lat' dir='ltr'>in</span> <span class='ocrx_word' id='word_1_749' title='bbox 1425 3864 1581 3904; x_wconf 87' lang='lat' dir='ltr'>diatriba</span> <span class='ocrx_word' id='word_1_750' title='bbox 1605 3874 1644 3900; x_wconf 91' lang='lat' dir='ltr'>n.</span> <span class='ocrx_word' id='word_1_751' title='bbox 1671 3865 1753 3901; x_wconf 88' lang='lat' dir='ltr'>V11.</span> 
     </span>
    </p>
   </div>
   <div class='ocr_carea' id='block_1_24' title="bbox 2874 0 2970 4420">
    <p class='ocr_par' dir='ltr' id='par_1_29' title="bbox 2874 0 2970 4420">
     <span class='ocr_line' id='line_1_104' title="bbox 2874 0 2970 4420; baseline 0 0"><span class='ocrx_word' id='word_1_752' title='bbox 2874 0 2970 4420; x_wconf 95' lang='lat' dir='ltr'> </span> 
     </span>
    </p>
   </div>
  </div>
 </body>
</html>
