2970 4420
0 138 16 147 ζ
3 115 15 123 Γ
0 103 9 109 ³
0 0 32 98 'aff—Q

1193 259 1249 290 ne
1281 257 1542 291 ‘rnssonoms
2402 249 2486 295 151

379 344 542 391 Eidem
577 357 767 406 quoque
797 345 1016 391 asseritur
1047 359 1167 408 opus
1198 333 1307 411 περὶ
1345 358 1444 390 των
1478 332 1598 388 καθ’
1628 333 1760 403 κμᾶς
1796 330 1954 406 ὄρθων
1985 356 2074 395 της
2106 334 2348 398 ἀληθείας
2385 335 2501 413 Sor

246 410 434 483 μα’των.
470 421 542 467 De
573 431 714 467 rectis
748 420 965 467 veritatis
999 422 1258 480 secundum
1295 437 1402 470 nos
1412 420 1734 506 dogmatibus.
1772 421 2000 468 Iohannes
2035 421 2209 468 Veccus
2242 424 2290 470 in
2322 425 2505 485 epigra-

248 498 352 560 phis
383 513 484 559 cap.
520 499 561 544 1.
604 483 869 562 Θεόδωρος
905 488 929 541 ὁ
966 511 1056 551 της
1085 489 1320 544 ’“Ραιθου
1350 487 1690 564 πρεσβύτερος
1724 510 1834 560 περι
1872 510 1970 542 των
2006 487 2126 541 καθ’
2163 489 2296 558 ημᾶς
2333 490 2504 562 ὄρθων

246 587 333 626 της
368 562 616 626 ἀληθείας
652 561 920 636 ὃογματων
959 562 1249 639 θεολογων,
1279 565 1540 630 <onesta-013⁴
1574 562 1627 618 δὲ
1667 563 1922 635 σώμαὙος,
1956 563 2040 618 καὶ
2080 563 2145 619 τοὶ
2184 566 2318 638 εξνις
2358 575 2502 623 ΊΙιεο-

246 650 392 697 dorus
426 650 673 698 razthenus
699 650 947 715 presbyter
977 652 1036 699 de
1070 652 1210 699 rectis
1241 651 1455 699 veri'tatzs
1489 651 1793 716 dogmatibus
1822 651 2077 698 edisserens
2102 652 2359 698 secundam
2389 669 2499 705 nos,

247 727 347 774 ait:
383 727 596 791 corporis
629 743 735 774 vero
770 738 858 775 etc.
895 731 998 776 Hoc
1035 743 1224 792 quoque
1262 730 1311 775 in
1345 727 1544 775 dubium
1581 730 1778 775 vertitur
1817 744 1874 775 an
1911 728 2143 775 Theodori
2178 730 2263 775 sit:
2303 745 2505 792 namque

184 803 187 807 ⁴
252 807 503 854 adnotatur
532 808 580 853 in
613 807 823 868 margine
859 794 906 851 ἔν
933 819 1038 850 τισι
1075 800 1311 863 βιβλίοις
1338 795 1365 852 ἦ
1404 795 1642 868 ἐπιΓραφὴ
1670 795 1759 850 τὸν
1786 794 2114 850 ἈνασΤοίσιον
2152 793 2277 865 ἔχει.
2314 807 2374 852 1η
2399 807 2506 868 qai-

251 883 453 930 busdam
480 882 616 929 libris
647 881 895 942 inscriptio
919 881 1175 930 Anastasio
1202 881 1387 929 tribuit.
1424 882 1628 930 Adverte
1652 892 1805 930 tamen
1821 918 1833 937 ‚
1861 883 2008 930 lector
2022 918 2034 937 ,
2061 891 2161 929 tum
2190 883 2281 930 hoc
2305 883 2365 930 de
2392 883 2510 945 dog-

249 958 474 1013 matibus,
503 968 602 1006 tum
635 960 874 1022 superius,
901 961 1160 1007 orationem
1192 974 1361 1020 nempe
1391 959 1723 1022 dogmaticam,
1759 976 1906 1007 unum
1933 961 2153 1023 idemque
2184 975 2305 1023 opus
2339 960 2505 1014 fuisse,

251 1050 403 1098 neque
436 1036 673 1083 diversum
709 1036 769 1083 ab
802 1052 882 1090 eo,
908 1036 1039 1099 quod
1072 1051 1099 1083 a
1133 1035 1350 1083 Balforeo
1380 1051 1543 1098 graece
1573 1044 1618 1083 et
1650 1037 1791 1089 latine
1820 1037 1996 1084 editum
2031 1045 2124 1091 est,
2151 1037 2279 1099 quod
2304 1052 2359 1084 ex
2384 1038 2510 1099 prin-

247 1114 372 1176 cipio
406 1115 563 1176 operis
590 1114 778 1177 colligo.
815 1115 871 1160 Et
895 1115 1070 1161 Veccus
1099 1115 1199 1176 ipse
1226 1115 1273 1159 in
1299 1112 1569 1176 epigraphis
1590 1129 1692 1196 cap.
1720 1117 1768 1161 7.
1798 1131 1854 1162 ex
1878 1123 2076 1162 tractatu
2107 1115 2168 1162 de
2193 1116 2511 1162 incarnatione

247 1192 522 1238 sententiam
557 1191 709 1237 affert.
748 1177 1016 1254 Θεόδωρος
1048 1180 1072 1233 ὅ
1107 1204 1196 1242 της
1222 1177 1442 1234 “Ῥαὶθου
1473 1179 1809 1256 πρεσβύτερος
1845 1182 1893 1236 ἐν
1927 1178 2004 1244 οἱς
2032 1180 2222 1256 γράφει
2256 1204 2510 1255 προπαρα-

250 1279 424 1315 σκευὴν
458 1280 510 1312 τε
547 1281 629 1312 και
643 1255 998 1356 γυμνασίαν
998 1256 1072 1331 τῷ
1103 1254 1405 1356 βουλομένῳ
1439 1258 1632 1328 μαθειν
1666 1263 1742 1320 τίς
1778 1260 1802 1311 ὁ
1840 1257 2026 1332 τρόπος
2061 1282 2149 1321 της
2184 1257 2339 1320 θείας
2377 1258 2507 1313 ἐναν-

256 1331 579 1407 θρωπῆσεως,
607 1357 665 1388 ου
702 1358 753 1392 n
765 1333 933 1408 ἀρχὴ,
960 1330 1147 1388 ἄτοπον
1175 1329 1323 1406 οιμαι
1354 1356 1437 1387 και
1472 1335 1644 1396 καλως
1672 1357 1734 1407 γε
1762 1336 1915 1390 τοῦτο
1952 1335 2203 1408 νενόμικα.
2242 1344 2507 1392 Theodorus

251 1420 499 1468 raithenus
524 1421 774 1486 presbyter
805 1421 1012 1468 scribens
1037 1433 1461 1507 praeparationem
1495 1433 1540 1467 et
1571 1422 1985 1474 exercitationem
2022 1423 2234 1488 cupienti
2261 1423 2510 1469 addiscere

249 1499 445 1546 modum
479 1498 854 1550 zwncarnattonzs
883 1499 1019 1545 cuias
1042 1497 1364 1563 Ρνιηωρίταηι
1402 1485 1587 1543 ἄτοπον
1618 1484 1784 1561 οἶμαι.
1820 1501 1876 1546 Et
1899 1501 2043 1547 verba
2070 1515 2127 1548 ex
2151 1501 2241 1547 hoc
2264 1516 2407 1563 opere
2430 1501 2513 1546 ad-

249 1577 389 1624 ducta
421 1577 584 1623 eadem
614 1584 722 1623 sunt
747 1588 867 1639 quae
900 1591 1043 1639 supra
1075 1575 1332 1637 adduxerat
1352 1591 1410 1622 ex
1441 1577 1653 1623 oratione
1683 1576 1808 1623 illius
1841 1578 2119 1639 dogmatica.
2157 1578 2276 1623 Hinc
2307 1578 2511 1640 primum

253 1654 431 1709 infero,
457 1654 582 1700 edita
617 1669 642 1700 a
672 1653 916 1708 Bafforeo,
947 1669 972 1700 a
991 1653 1246 1707 ,nonnullis
1273 1653 1516 1700 Anastasio
1545 1668 1735 1715 quoque
1761 1654 1931 1701 tribui:
1959 1655 2240 1709 secundum,
2268 1662 2514 1700 tractatum

250 1730 387 1777 illum
412 1731 472 1776 de
498 1729 796 1791 dogmatibus
821 1739 868 1777 et
894 1731 1155 1777 orationem
1180 1731 1330 1792 ipsam
1351 1730 1667 1792 dogmaticam
1695 1747 1840 1777 unum
1867 1747 1986 1794 opus
2012 1732 2174 1778 fuisse:
2204 1732 2391 1777 tertium
2417 1738 2512 1776 tra·
2583 1785 2586 1787 ¹

250 1815 425 1854 etatum
466 1806 602 1852 illum
641 1807 810 1853 multas
848 1816 1005 1870 partes
1046 1809 1096 1853 in
1136 1822 1185 1853 se
1227 1805 1473 1862 habuisse,
1510 1816 1557 1853 et
1595 1823 1652 1853 ex
1692 1809 1748 1853 iis
1789 1824 1931 1854 unam
1973 1817 2152 1855 tantum
2194 1807 2512 1870 promulgasse

250 1883 536 1930 Balforeum.

377 1961 612 2008 Laudatur
636 1962 747 2008 item
769 1961 976 2008 eiusdem
998 1963 1148 2008 oratio
1172 1960 1375 2008 secunda
1404 1960 1462 2005 de
1491 1921 1779 2044 indes-cripta
1811 1974 1920 2024 περι
1958 1952 2218 2026 αΓραπὟου.
2247 1963 2428 2047 ⁹Veccus
2463 1962 2513 2007 in

246 2037 515 2101 epigraphis
547 2053 650 2100 cap.
679 2040 727 2084 7.
759 2025 1035 2109 Θεόδωρος
1072 2051 1096 2080 ο
1133 2051 1220 2089 τῆς
1247 2027 1484 2081 ‘Prii-&ov
1515 2028 1850 2102 πρεσβύτερος
1889 2029 1935 2084 ἐν
1967 2030 2040 2103 τῷ
2070 2052 2194 2103 etz-291
2231 2027 2510 2101 ἀγροίωτου

251 2103 468 2179 δευτέρῳ
504 2104 685 2177 λόγῳ,
723 2107 780 2158 οὑ
817 2128 844 2162 n
882 2103 1045 2179 ἀρχὴ,
1078 2103 1243 2159 πάντα.
1275 2103 1455 2178 τολμᾷ
1488 2105 1711 2177 γλωσσα
1747 2103 1918 2159 δολία
1959 2115 2223 2162 Theodorus
2257 2112 2505 2162 raztlzenus

243 2192 494 2256 presbyter
524 2209 575 2237 ιη
602 2191 813 2238 secunda
840 2204 1058 2238 oratione
1081 2192 1139 2238 de
1167 2191 1454 2256 indescripto
1485 2193 1548 2255 (1)
1579 2193 1715 2239 cuius
1739 2193 2060 2257 principiam,
2090 2193 2217 2239 ni'lul
2237 2210 2330 2239 non
2355 2192 2501 2238 audet

248 2269 413 2316 dolosa
437 2269 624 2333 lingua.
651 2271 709 2316 Et
732 2269 816 2317 lib.
840 2271 876 2316 1.
899 2269 958 2316 ad
977 2270 1212 2333 Sugdaeae
1228 2269 1527 2316 Theodorum
1548 2270 1847 2357 episcopum.
1887 2262 1910 2314 ὁ
1937 2285 2027 2323 της
2049 2258 2270 2314 Ῥαιθου
2293 2284 2326 2313 π
2327 2258 2504 2334 ρεσβύ·

249 2358 390 2432 τερος
421 2334 771 2409 Θεόδωρος,“
747 2359 771 2389 ο
810 2333 1322 2433 δοξματικώταἺος,’
1303 2359 1373 2391 εν
1383 2337 1458 2390 era?
1486 2359 1594 2411 περι
1629 2335 1877 2411 οἷΓραπ-’Του
1913 2337 2065 2413 λόγῳ
2100 2338 2262 2391 αὐτοῦ
2297 2335 2507 2410 ὃευἺέρῳ

253 2436 380 2467 ουτω
416 2418 577 2478 φησίν
613 2410 824 2483 οιὸαμεν
854 2436 941 2466 ota.
967 2412 1179 2488 λέγειν,
1204 2437 1289 2467 και
1320 2410 1387 2467 τοὶ
1417 2413 1553 2486 ἑξῆς.
1588 2423 1856 2470 Raztlzemts
1882 2426 2132 2488 presbyter
2166 2424 2431 2471 Theodorus
2465 2441 2513 2468 zn

247 2500 459 2546 secanda
489 2515 580 2546 sua
609 2511 826 2546 oratione
854 2500 912 2546 de
938 2500 1228 2564 indescripto
1248 2500 1405 2546 dicit.-
1419 2501 1595 2547 scimus
1626 2501 1799 2564 qualia
1828 2502 1983 2548 dicere
2015 2511 2104 2548 etc.
2142 2504 2303 2564 Neque
2327 2502 2513 2548 alterius

250 2592 350 2623 esse
368 2585 501 2639 puto,
522 2592 640 2635 quae
663 2565 773 2641 περὶ
800 2566 889 2628 ’τῆς
913 2567 1056 2629 οἱΓιάς
1082 2564 1308 2640 Τριάδος
1332 2578 1390 2623 de
1413 2590 1583 2624 sancta
1607 2578 1842 2626 Trznztate
1861 2581 2110 2642 leguntur
2098 2598 2144 2627 in
2166 2581 2271 2627 cod.
2289 2589 2382 2627 vat.
2398 2583 2509 2626 620.

254 2648 307 2696 Ρ.
336 2647 478 2698 Μίαν
509 2640 636 2697 εἶναι
671 2667 768 2698 των
805 2641 938 2698 ολων
972 2643 1162 2718 ἅρχνιν,
1198 2667 1281 2698 και
1318 2644 1522 2699 παλαιοὶ
1557 2668 1643 2699 και
1685 2647 1712 2704 ἦ
1752 2670 1892 2704 καινὴ
1906 2614 2170 2701 ”Sabaeum
2202 2664 2378 2720 γραφη
2422 2650 2508 2715 (2).

380 2732 596 2777 LXXXV.
631 2730 904 2777 Theodorus
936 2731 1269 2793 phamnitanus
1302 2733 1547 2795 episcopus
1572 2735 1695 2782 inter
1726 2734 1981 2781 haereticos
2014 2735 2316 2796 eutychianos
2349 2748 2513 2780 nume-

255 2815 400 2854 ratur.
440 2805 560 2852 Eius
591 2822 744 2852 sermo
781 2806 851 2852 ad
879 2806 1102 2870 Sergium
1140 2807 1409 2872 episcopum
1443 2810 1804 2856 arsenoitanum
1835 2810 2053 2857 laudatur
2088 2813 2135 2857 in
2170 2819 2294 2858 sexta
2329 2810 2511 2872 synodo

252 2883 458 2946 generali
488 2892 576 2933 act.
605 2884 735 2942 X1113
762 2883 1162 2930 ouemadmodum
1196 2892 1243 2931 et
1276 2900 1332 2931 ex
1366 2886 1482 2939 alio,
1510 2901 1654 2947 quem
1686 2887 1768 2933 ille
1800 2889 1982 2950 scripsit
2019 2887 2069 2933 in
2098 2887 2513 2951 interpretationes

252 2960 633 3008 testimoniorum
656 2976 885 3023 patrum,·
918 2969 964 3007 et
996 2977 1053 3007 ex
1087 2961 1158 3007 his
1188 2962 1415 3008 nonnulla
1445 2964 1717 3009 recitantur.

330 3065 332 3068 >
384 3038 623 3084 LXXXVI.
658 3037 930 3084 Theodorus
971 3038 1214 3084 Caesareae
1250 3039 1566 3101 Cappadociae
1607 3041 1852 3102 episcopus
1870 3075 1882 3093 ‚
1926 3050 2126 3087 secretus
2167 3040 2510 3102 Acephalorum

252 3115 560 3177 Origenisque
593 3113 837 3168 defensor,
864 3114 1085 3176 Augustis
1118 3114 1356 3177 familiaris
1389 3124 1433 3163 et
1470 3131 1625 3170 carus,
1659 3117 1835 3178 ingenti
1868 3117 2034 3164 dolore
2067 3117 2273 3163 damnati
2304 3117 2515 3178 Origenis

256 3193 497 3244 incensus.
528 3201 574 3238 et
610 3201 662 3238 ut
694 3192 879 3253 Pelagio
913 3192 1209 3255 apocrisiario
1241 3193 1389 3239 vicem
1422 3193 1720 3256 rependeret,
1754 3194 2100 3242 damnationem
2134 3196 2181 3240 in
2215 3194 2513 3241 Theodorum

254 3277 636 3331 mopsuestenum
671 3269 888 3322 molit-ur,
925 3284 981 3315 eo
1021 3268 1149 3330 quod
1190 3269 1269 3315 ille
1311 3269 1457 3316 muita
1499 3279 1659 3316 contra
1701 3272 1949 3332 Origenem
1991 3272 2271 3333 scripsisset:
2311 3271 2513 3334 ideoque

258 3359 400 3407 opera
432 3345 676 3393 Thodorae
709 3346 1015 3408 imperatricis
1049 3345 1295 3408 Acephalis
1335 3346 1556 3400 faventis,
1592 3348 1845 3393 Iustiniano
1885 3349 2155 3410 imperatori
2195 3348 2515 3395 fraudulenter

250 3422 504 3483 suggessit,
530 3437 692 3469 omnes
723 3422 989 3485 Acephalos
1017 3421 1251 3484 synodum
1287 3422 1699 3470 chalcedonensem
1732 3423 1866 3471 facile
1900 3433 2218 3488 suscepturos,
2254 3424 2514 3471 dummodo

345 3529 393 3569 (1)
418 3529 606 3575 mser-ipro
627 3527 712 3566 heic
734 3533 773 3565 et
797 3537 881 3565 mox
908 3527 1036 3565 scabit
1062 3527 1245 3573 Allatius;
1271 3527 1336 3566 sed
1359 3534 1485 3566 tamen
1511 3527 1712 3575 dicendum
1737 3540 1816 3567 esse
1843 3531 1967 3578 potius
1994 3532 2224 3580 indescripto
2251 3531 2508 3578 cognoscitur,

256 3589 300 3620 ut
328 3590 441 3631 puto,
471 3596 515 3622 ex
545 3585 646 3623 edito
675 3597 698 3624 a
728 3586 838 3624 nobis
867 3587 1111 3625 antirrhetico
1141 3587 1174 3623 1.
1205 3591 1264 3625 25.
1298 3588 1527 3636 patriarchae
1553 3588 1756 3637 ‘Nicephori
1790 3588 1964 3628 adversus
1992 3591 2297 3640 copronymum,
2329 3600 2402 3637 quo
2433 3589 2514 3625 loco

257 3641 369 3679 etiam
394 3645 637 3682 nominantur
660 3646 834 3684 haeretici
856 3646 1184 3695 Agraptodocetae.

342 3704 390 3744 (2)
414 3702 497 3740 Non
525 3704 566 3740 in
591 3695 716 3742 codice
740 3711 813 3742 vat.
835 3705 1095 3743 tantummodo
1121 3710 1203 3743 620.
1230 3705 1257 3743 f.
1287 3710 1376 3753 185,
1399 3706 1464 3744 sed
1489 3707 1599 3745 etiam
1624 3707 1663 3744 in
1688 3707 1803 3746 ottob
1826 3712 1910 3746 414.
1936 3709 1963 3746 f.
1989 3713 2069 3747 152
2096 3710 2256 3747 occurrit
2277 3709 2337 3746 hie
2362 3712 2499 3744 tractus

256 3757 327 3794 sub
352 3758 534 3797 Theodori
559 3763 723 3801 nomine.
749 3763 824 3802 Sed
847 3764 967 3802 verius
990 3765 1031 3802 in
1055 3769 1127 3801 vat.
1153 3768 1259 3801 2026.
1285 3765 1313 3802 f.
1341 3769 1420 3802 185.
1448 3765 1545 3813 gerit
1572 3765 1792 3804 Theodoreti
1816 3778 1972 3815 nomen,
1999 3779 2041 3805 ex
2066 3769 2173 3806 cuius
2197 3778 2323 3816 reapse
2346 3766 2440 3803 libro
2466 3767 2508 3801 V.

258 3817 404 3854 haeret.
431 3818 505 3856 fab.
533 3827 741 3870 excerptum
765 3834 863 3870 esse,
890 3823 1053 3873 adeoque
1078 3823 1170 3862 nihil
1198 3824 1281 3862 novi
1307 3825 1521 3871 continere,
1545 3835 1613 3873 ego
1637 3826 1764 3874 legens
1788 3827 1960 3876 comperi.
1987 3831 2032 3865 A.
2059 3829 2111 3865 M
