2970 4420
1198 259 1254 290 nr:
1287 256 1548 290 rimonoms.
2435 243 2495 288 79

368 354 422 399 V.
459 351 664 406 Quintus
698 345 758 393 de
791 345 1181 409 legumlatoribus
1213 346 1416 409 scripsit,
1453 331 1667 405 πέμπ’Τος
1698 327 1755 384 δὲ
1784 330 1807 382 ὁ
1839 328 1948 404 περὶ
1984 329 2080 383 τῶν
2117 328 2387 400 νομοΘεΎῶν
2421 354 2498 386 πε-

237 422 694 504 πραΓμαὝευμένος,
721 423 1011 498 ἀρξάμενος
1037 423 1131 478 ἀπὸ
1161 421 1498 498 Τερπάνδρου.
1526 430 1748 488 Quintus,
1769 427 1854 492 qui
1875 426 1933 473 de
1957 427 2350 491 legumlatoribus
2372 430 2492 492 egit,

238 516 434 563 initium
469 527 660 561 sumens
693 526 726 558 a
763 513 798 557 T
796 512 1052 575 erpandro.

369 594 447 638 Vl.
484 593 645 638 Sextus
678 589 851 635 stoicus
886 586 1219 651 philosophus,
1261 574 1402 638 ἕκτος
1439 573 1667 636 στωῖκός.

370 669 466 714 VH.
503 668 768 729 Septimus,
801 666 882 727 qui
918 665 977 712 de
1010 658 1151 712 rebus
1184 654 1674 725 gestis'Romanorum
1704 660 1909 724 scripsit,
1951 646 2172 720 ἕβδομος
2209 647 2232 700 ὁ
2270 647 2335 701 τοὶ
2371 649 2494 720 «περὶ

234 736 500 802 Ῥωμαίων
534 730 1074 808 πεπραγματευμένος.
1873 735 1875 738 ’

368 822 488 868 VIH.
526 822 726 867 Octavus
750 833 1081 881 syracusanus,
1107 820 1187 881 qui
1210 817 1271 864 de
1294 817 1550 879 dirigendis
1573 815 1758 863 aciebus
1781 822 2023 878 praecepta
2056 813 2268 873 reliquit,
2307 798 2499 873 ὄγδοος

245 887 580 962 συρακοόσιος
614 886 723 959 περὶ
759 887 1006 940 τακτικῶν
1034 882 1330 960 γεγραφώς,
1367 895 1451 940 Hic
1477 895 1513 939 si
1546 894 1810 940 coniectura
1842 907 1915 938 me
1946 906 2042 937 non
2074 890 2214 942 fallit,
2244 889 2324 935 ille
2355 889 2500 934 Theo-

239 975 390 1022 dorus
419 989 724 1036 syracusanus
746 983 838 1027 est,
865 973 947 1035 qui
980 989 1099 1019 unus
1131 988 1187 1018 ex
1216 972 1470 1018 coniuratis
1494 970 1714 1017 adversus
1737 970 2076 1030 Hieronymum
2105 969 2500 1028 Syracusanorum

243 1061 516 1113 tyrannum,
544 1051 835 1112 traditusque
860 1049 1209 1097 Andronodoro
1237 1047 1553 1109 torquendus,
1582 1048 1697 1093 nihil
1723 1047 1917 1094 omnino
1939 1045 2169 1106 vulgavit,
2198 1043 2279 1090 sed
2303 1041 2361 1088 ab
2393 1058 2501 1089 con-

240 1130 346 1176 sciis
384 1129 443 1175 ad
472 1129 679 1174 insontes
713 1128 936 1174 indicium
969 1127 1215 1173 convertit.
1254 1126 1511 1171 Audiamus
1545 1123 1843 1170 Livium-lib.
1877 1123 2036 1168 XXIV.
2071 1137 2181 1185 cap,
2210 1123 2256 1166 5.
2297 1121 2404 1165 Tres
2438 1135 2512 1164 ear>

242 1205 328 1256 iis,
358 1205 529 1268 quibus
564 1204 676 1251 solis
707 1204 870 1250 aditus
902 1202 953 1250 in
985 1203 1178 1249 domum
1199 1201 1515 1264 familiarior
1538 1213 1667 1251 erat,
1697 1188 2065 1246 Andronodorus
2090 1211 2134 1244 et
2160 1198 2322 1244 Zoilus
2349 1197 2364 1212 *
2382 1231 2393 1251 ,
2421 1211 2504 1260 ge-

242 1283 350 1329 neri
379 1281 629 1332 Hieronis,
664 1293 709 1327 et
745 1280 922 1328 Thraso
954 1279 1179 1343 quidam,
1216 1279 1274 1324 de
1308 1278 1421 1324 aliis
1455 1277 1647 1340 quidem
1681 1277 1817 1324 rebus
1849 1276 1987 1322 haud
2019 1287 2307 1340 magnopere
2339 1273 2505 1319 audie-

245 1361 447 1406 bantur:
485 1359 718 1405 tendendo
753 1369 914 1404 autem
945 1357 1040 1403 duo
1063 1355 1133 1402 acl
1166 1354 1795 1420 Carthaginenses,·T1¹zraso
1819 1354 1888 1428 ad
1916 1354 2188 1401 societatem
2221 1367 2497 1401 romanam,

245 1435 505 1482 certamine
524 1437 597 1481 'ac
619 1434 793 1481 studiis
826 1433 1063 1480 interdum
1093 1433 1143 1479 in
1171 1450 1219 1479 se
1241 1431 1572 1483 convertebant
1594 1431 1814 1477 animum
1837 1429 2163 1476 adolescentis.
2204 1431 2317 1475 Cum
2341 1429 2504 1473 coniu-

244 1508 375 1558 ratio
397 1512 449 1558 in
476 1511 675 1576 tyranni
697 1523 842 1576 caput
859 1511 1010 1571 sacta
1035 1510 1282 1556 indicatur
1303 1526 1392 1573 per
1416 1510 1637 1554 Calonem
1666 1509 1682 1523 *
1703 1508 1964 1571 quendam,
1992 1508 2241 1570 aequalem
2269 1505 2505 1568 Hierony-

244 1589 334 1640 mi,
358 1601 403 1635 et
428 1589 528 1635 iam
552 1588 662 1634 inde
680 1605 712 1634 a
727 1604 876 1652 puero
896 1588 947 1634 in
967 1586 1130 1634 omnia
1140 1586 1432 1650 familiaria
1457 1586 1568 1632 iura
1590 1597 1832 1632 assuetum
1857 1586 1890 1631 *.
1912 1586 2069 1631 Index
2091 1600 2239 1629 unum
2262 1599 2326 1628 ex
2349 1582 2506 1628 coniu-

244 1666 366 1729 ratis
392 1668 429 1712 T
425 1665 702 1716 heodorum,
726 1681 757 1711 a
781 1682 872 1728 quo
897 1665 995 1729 ipse
1019 1665 1289 1729 appellatus
1310 1675 1437 1714 erat,
1459 1663 1710 1709 nominare
1723 1661 1908 1727 potuit,
1933 1662 2019 1724 qui
2039 1659 2395 1724 comprehensus
2417 1677 2505 1705 ea·-

244 1744 441 1807 templo,
479 1742 778 1805 traditusque
811 1742 1152 1788 Andronodoro
1186 1741 1499 1804 torquendus,
1536 1740 1594 1786 de
1624 1758 1672 1786 se
1706 1740 1803 1803 ipse
1837 1739 1974 1786 lzaud
2002 1751 2282 1786 cunctanter
2301 1740 2499 1800 fassus,

244 1819 452 1865 conscios
471 1819 674 1864 celabat.
704 1821 946 1864 Postremo
963 1818 1072 1864 cum
1091 1818 1308 1865 omnibus
1328 1818 1641 1864 intolerandis
1660 1817 1929 1881 patientiae
1946 1815 2190 1862 humanae
2213 1816 2505 1862 cruciatibus

244 1897 560 1946 laceraretur,
600 1896 775 1942 victum
813 1895 958 1942 malis
997 1883 1063 1942 se*
1082 1895 1336 1946 simulans,
1377 1895 1550 1942 avertit
1582 1895 1646 1940 ab
1684 1883 1881 1941 consciis
1917 1894 1967 1939 in
2002 1893 2206 1939 insontes
2245 1893 2498 1943 indicium,

247 1971 532 2018 Thrasonem
554 1988 650 2018 esse
673 1983 916 2019 auctorem
942 1972 1132 2018 consilii
1152 1972 1399 2023 mentitus,
1429 1989 1514 2018 nec
1535 1971 1634 2018 nisi
1662 1984 1766 2018 tam
1794 1971 1981 2036 potenti
2006 1971 2124 2017 duce
2155 1970 2375 2030 confisos,
2406 1986 2505 2015 rem

244 2060 435 2095 tantam
468 2065 690 2095 ausuros:
718 2049 781 2095 ab
814 2050 964 2095 latere
999 2049 1109 2095 inde
1132 2066 1209 2096 eos
1240 2050 1457 2096 nominat
1482 2050 1702 2113 tyranni,
1731 2066 1932 2113 quorum
1956 2048 2122 2112 capita
2147 2048 2379 2094 vilissima
2397 2049 2505 2110 fin-

243 2126 379 2190 genti
401 2126 524 2172 inter
546 2103 729 2172 dblores
752 2125 1050 2189 gemitusque
1073 2143 1332 2173 occurrere.
1369 2126 1587 2173 Maxime
1611 2126 1775 2173 animo
1799 2126 2002 2190 tyranni
2022 2124 2247 2171 credibile
2272 2124 2504 2170 indicium

248 2202 424 2250 Thraso
450 2203 726 2250 nominatus
741 2203 895 2265 fecit:
924 2203 1086 2266 itaque
1109 2205 1346 2268 extemplo
1369 2204 1585 2251 traditur
1605 2205 1674 2250 ad
1694 2203 2004 2268 supplicium,
2033 2201 2304 2266 adiectique
2319 2219 2504 2265 poenae

245 2280 389 2326 ceteri
421 2280 566 2326 iuxta
602 2279 822 2326 insontes.
863 2280 1163 2327 Consciorum
1195 2298 1357 2332 nemo,
1391 2298 1499 2327 cum
1533 2281 1619 2327 diu
1652 2281 1807 2327 socius
1838 2279 2029 2327 consilii
2057 2290 2380 2343 torqueretur,
2416 2291 2503 2325 aut

244 2357 415 2408 latuit,
445 2369 532 2404 aut
553 2357 722 2421 sugit:
757 2369 951 2404 tantum
984 2358 1082 2405 illis
1116 2358 1167 2404 in
1200 2359 1373 2406 virtute
1406 2359 1593 2421 aeside
1629 2358 1860 2405 Theodori
1882 2358 2099 2420 fiduciae
2125 2357 2257 2419 suit,·
2288 2368 2502 2402 tantum-

242 2450 333 2495 que
357 2434 450 2497 ipsi
474 2432 710 2480 Theodoro
734 2434 908 2482 virium
931 2435 1001 2481 ad
1023 2451 1207 2482 arcana
1232 2436 1534 2482 occultanda.
1564 2438 1620 2483 Et
1642 2436 1851 2483 Valerius
1873 2438 2095 2482 Maximus
2119 2434 2203 2480 lib.
2225 2435 2304 2479 ΠΙ.
2327 2449 2428 2495 cap.
2451 2435 2496 2480 3.

244 2513 304 2557 In
333 2509 570 2558 Theodoro
594 2528 778 2574 quoque
806 2511 906 2559 viro
930 2512 1215 2576 gravissimo
1240 2513 1563 2577 Hieronymus
1590 2525 1826 2573 tyrannus
1846 2502 2044 2576 frustra
2069 2524 2304 2558 tortorum
2327 2526 2501 2556 manus

229 2588 494 2651 fatigavit.
533 2589 678 2652 Rupit
707 2589 833 2635 enim
868 2590 1084 2642 verbera,
1108 2590 1348 2652 fidiculas
1374 2591 1588 2642 laxavit,
1616 2591 1755 2638 solvit
1778 2592 2012 2641 eculeum,
2042 2589 2252 2635 laminas
2283 2588 2500 2633 extinxit

238 2665 401 2729 prius,
430 2681 577 2727 quam
606 2666 784 2725 efficere
810 2667 993 2730 potuit,
1023 2679 1076 2714 ut
1108 2668 1427 2731 tyrannicidii
1456 2668 1663 2715 conscios
1689 2669 1943 2714 indicaret.
1984 2668 2108 2723 Quin
2141 2667 2287 2712 etiam
2318 2664 2500 2711 satelli-

243 2753 364 2792 tem,
396 2741 447 2786 in
473 2758 566 2803 quo
595 2742 742 2788 totius
769 2743 1111 2790 dominationis
1134 2761 1353 2796 summa,
1383 2745 1525 2807 quasi
1554 2745 1763 2808 quodam
1795 2745 1992 2791 cardine
2026 2744 2325 2792 versabatur,
2352 2742 2497 2803 salsa

243 2817 579 2863 criminatione
611 2818 928 2882 inquinando,
952 2820 1120 2881 fidum
1154 2821 1299 2866 lateri
1329 2821 1431 2867 eius
1461 2822 1701 2867 custodem
1731 2821 1931 2886 eripuit‚·
1966 2821 2278 2881 beneficioque
2305 2817 2497 2881 patien-

242 2894 369 2944 tiae,
411 2911 505 2939 non
538 2895 689 2940 solum
721 2910 845 2958 quae
884 2897 1068 2941 occu-lta
1097 2897 1306 2956 suerunt
1341 2897 1489 2948 tescit,
1526 2898 1611 2943 sed
1647 2898 1796 2943 etiam
1831 2908 2069 2943 tormenta
2107 2911 2196 2942 sua
2236 2893 2362 2939 ultus
2396 2904 2488 2942 est,

242 2971 414 3033 quibus
442 2971 785 3034 Hieronymus,
816 2972 930 3017 dum
967 2972 1214 3018 inimicum
1249 2973 1417 3037 cupide
1454 2975 1657 3025 lacerat,
1688 2975 1899 3020 amicum
1930 2986 2103 3020 temere
2127 2970 2361 3036 perdidit.

371 3050 448 3094 lx.
485 3051 646 3096 Nonus
678 3047 920 3110 byzantius
951 3065 983 3095 a
1019 3049 1235 3096 civilibus
1267 3050 1580 3097 orationibus.
1610 3039 1820 3102 ’Ένατος
1856 3039 2128 3114 βυζοίντιος
2163 3037 2279 3093 οἰωὸ
2314 3035 2492 3109 λόγων

242 3117 532 3170 πολιτικῶν.
566 3127 729 3172 Nonus
762 3126 1014 3189 byzantius
1050 3127 1099 3172 in
1130 3127 1293 3173 causis
1326 3126 1541 3174 civilibus
1573 3128 1749 3173 clarus.
1786 3129 1934 3173 Huius
1968 3127 2184 3189 frequens
2218 3128 2402 3174 mentio·
2425 3137 2492 3174 est

243 3203 369 3264 apud
401 3205 650 3265 scriptores
683 3212 877 3250 veteres.
917 3205 1076 3251 Cicero
1114 3205 1161 3250 in
1197 3205 1341 3250 Bruto
1374 3219 1475 3266 cap.
1515 3207 1589 3250 12.
1626 3205 1755 3249 Nam
1797 3203 1992 3267 Lysiam
2023 3203 2239 3267 primum
2274 3203 2496 3267 profiteri

241 3279 432 3325 solitum
466 3291 617 3325 artem
644 3296 739 3326 esse
763 3280 976 3326 dicendi:
1005 3280 1194 3331 deinde,
1225 3280 1353 3342 quod
1382 3279 1646 3326 Theodorus
1678 3291 1793 3326 esset
1824 3280 1874 3325 in
1900 3291 2004 3325 arte
2033 3279 2276 3331 subtilior,
2309 3280 2358 3326 in
2384 3296 2491 3326 ora-

239 3355 449 3404 tionibus
482 3369 643 3402 autem
678 3357 904 3408 ieiunior,
934 3357 1172 3404 orationes
1204 3374 1310 3403 eum
1335 3357 1536 3405 scribere
1563 3357 1676 3403 aliis
1704 3356 1927 3421 coepisse,
1958 3369 2110 3411 artem
2137 3357 2397 3403 removisse.
2436 3360 2492 3404 Et

242 3434 289 3478 in
325 3442 511 3480 oratore
543 3449 644 3497 cap.
679 3438 754 3481 12.
793 3437 904 3481 Post
940 3434 1344 3498 Thrasymachum
1378 3434 1735 3481 chalcedonium
1766 3446 1811 3480 et
1838 3434 2097 3480 leontinum
2127 3435 2377 3499 Gorgiam,
2409 3452 2491 3482 ar-

242 3522 336 3556 tem
376 3510 569 3557 dicendi
604 3523 835 3559 tractasse
877 3511 1167 3558 Theodorum
1206 3512 1512 3575 byzantium,
1550 3513 1813 3574 multosque
1853 3511 1975 3558 alios
2012 3517 2127 3574 quos
2167 3500 2489 3577 λογοὸαιὸοἶ·

240 3585 366 3638 λους
400 3588 614 3651 appellat
645 3588 696 3634 in
721 3587 940 3636 Phaedro
973 3591 1211 3639 Socrates,
1240 3604 1440 3651 quorum
1463 3588 1583 3634 satis
1610 3600 1790 3652 arguta
1819 3590 1997 3640 multa,
2027 3590 2118 3634 sed'
2137 3601 2189 3635 ut
2219 3591 2357 3636 modo
2381 3590 2489 3654 pri—

240 3678 461 3724 mumque
492 3664 740 3710 nascentia
773 3665 986 3716 minuta,
1022 3677 1067 3710 et
1099 3664 1433 3711 versiculorum
1464 3664 1646 3711 similia
1679 3665 1917 3727 quaedam
1950 3665 2243 3729 nimiumque
2276 3660 2482 3731 depicta.

241 3739 344 3791 Quo
368 3739 527 3802 magis
548 3753 660 3786 sunt
690 3742 979 3791 Herodotus.
1013 3743 1049 3788 T
1046 3740 1380 3803 lzucididesque
1403 3740 1671 3792 mirabiles,
1705 3758 1903 3804 quorum
1934 3755 2069 3789 aetas
2102 3760 2208 3789 cum
2242 3743 2289 3789 in
2325 3760 2485 3790 eorum

240 3824 476 3876 tempora,
502 3832 619 3878 quos
647 3817 913 3874 nominavi,
945 3817 1206 3868 incidisset,
1237 3817 1509 3881 longissime
1533 3829 1693 3864 tamen
1727 3819 1822 3882 ipsi
1845 3835 1875 3865 a
1901 3820 2078 3867 talibus
2103 3821 2286 3867 deliciis
2317 3833 2361 3866 et
2387 3822 2485 3866 ine-

2550 1215 2562 1231 *
2581 1214 2629 1243 ed.
2650 1213 2795 1249 Zoippus.

2548 1512 2563 1526 *
2582 1517 2637 1538 ms.
2658 1514 2684 1538 2.
2705 1515 2799 1537 manu

2550 1546 2706 1574 Talonem.

2547 1601 2562 1616 ‘³
2581 1600 2738 1634 assumpta
2743 1606 2770 1625 m
2778 1599 2795 1625 ,³
