2970 4420
458 279 490 309 X
497 279 526 308 X
1414 279 1565 312 LEONIS
1599 279 1776 311 ALLATn

457 353 559 406 buS‚
589 364 716 408 quem
745 358 936 396 catenam
962 355 1202 410 appellant,
1234 367 1317 411 qua
1339 354 1546 398 Ghislerio
1575 366 1684 409 opus
1718 358 1809 396 erat
1840 353 1893 397 ad
1926 356 2209 400 exornandam
2241 357 2426 402 nobilem
2454 359 2722 419 lucubratio·

457 437 579 476 nem,
611 437 738 479 quam
765 426 809 467 in
835 424 981 468 hunc
970 438 1111 481 ipsum
1138 426 1395 482 prophetam
1428 424 1684 479 adornabat,
1710 437 1818 480 quae
1846 430 1994 482 postca
2020 427 2224 483 impressa
2252 431 2367 486 typis
2396 435 2480 485 est,
2510 443 2595 474 una
2625 444 2721 474 cum

458 496 791 557 0010010010110,
826 508 952 550 quem
985 497 1186 550 diximus,
1220 497 1394 551 eiusque
1430 495 1651 548 versione,
1685 495 1841 550 quibus
1870 484 2055 551 praefixa
2085 495 2243 554 legitur
2274 503 2488 544 communi
2522 502 2719 545 Ghislerii

457 567 684 621 Allatiique
717 568 889 609 nomine
921 567 1102 622 epistola
1132 567 1186 609 ad
1217 567 1500 609 Cobellutium
1531 565 1643 608 data.

577 640 648 679 31.
683 640 784 680 Erat
818 639 929 680 inter
961 639 1215 693 scriptores,
1250 638 1324 692 qui
1354 638 1472 690 largo
1509 638 1853 693 cum'stipendio
1891 651 2065 693 operam
2099 651 2218 684 suam
2247 656 2401 686 navare
2431 644 2566 686 solent
2592 656 2718 687 01101-
2786 648 2789 664 “

456 709 622 751 nandae
653 709 937 751 bibliothecae
968 709 1221 761 vaticanae,
1242 710 1415 770 eiusque
1451 709 1617 763 scriptis
1654 708 1902 751 ordinandis
1933 711 2221 767 augendisque
2251 714 2429 757 Aeacius
2463 714 2717 771 episcopus,

455 781 532 835 qui
566 783 723 823 Romae
760 781 1032 823 athanasia-no
1062 780 1107 822 in
1138 779 1318 835 collegio
1349 778 1592 821 exercendis
1619 791 1772 832 graeco
1806 780 1891 822 ritu
1921 780 2173 824 clericorum
2203 784 2568 840 ordinationibus,
2602 786 2719 828 aliis-

456 864 540 906 que
571 864 621 893 ex
655 852 727 893 illa
758 851 981 905 disciplina
1017 850 1223 906 mysteriis
1261 848 1523 891 celebrandis
1557 849 1829 904 operabatur.
1867 851 2001 894 Huius
2033 858 2199 896 exactae
2232 854 2312 896 iam
2348 858 2492 898 aetatis
2525 856 2714 911 (quippe

451 935 581 964 senex
615 923 855 964 centenario
885 923 1017 964 maior
1047 923 1164 974 erat)
1197 919 1435 962 adiutorem
1467 921 1511 962 in
1541 921 1762 976 scriptoris
1790 933 1964 963 munere
1993 922 2205 965 Allatium·
2227 923 2328 967 dare
2358 925 2621 968 cobellutius
2648 927 2715 969 iu·

450 994 638 1046 dicavit,
672 993 893 1048 eidemque
921 991 1175 1048 quandoque
1206 991 1428 1034 decedenti
1455 1003 1771 1046 successurum,
1803 992 2011 1049 facileque
2034 993 2081 1036 id
2102 995 2237 1038 Paulo
2263 996 2458 1052 pontifici
2479 998 2712 1053 persuasit,

450 1077 551 1107 eum
582 1077 787 1107 summam
813 1066 903 1108 eius
931 1076 1106 1120 graecae
1131 1064 1301 1118 linguae
1327 1064 1546 1120 peritiam,
1570 1068 1613 1106 et
1643 1068 1827 1107 ceteram
1855 1065 2139 1108 eruditionem
2164 1070 2340 1124 testatus
2361 1073 2449 1122 est3
2475 1068 2716 1124 adiecitque

455 1137 675 1179 consilium
705 1136 949 1179 demerendi
980 1148 1030 1179 00
1062 1136 1270 1179 beneflcio
1298 1141 1585 1191 praestantem
1608 1136 1779 1191 ingenio
1806 1138 2023 1192 iuvenem,
2049 1123 2290 1193 praeclaros
2315 1139 2431 1197 illius
2460 1139 2516 1184 ad
2545 1153 2714 1184 omnem

452 1209 696 1251 litterariam
728 1208 895 1250 laudem
923 1197 1106 1262 impetus
1131 1206 1384 1262 adiuvandi3
1407 1221 1496 1251 non
1524 1208 1638 1250 enim
1665 1208 1742 1250 abs
1767 1221 1814 1251 re
1840 1209 2032 1251 futurum
2057 1210 2277 1264 ecclesiae,
2307 1211 2343 1253 si
2363 1217 2470 1255 05501
2493 1213 2715 1268 quiscru-

450 1278 601 1332 tandae
632 1281 675 1320 in
707 1277 933 1333 profundis
962 1277 1073 1319 illius
1105 1276 1302 1332 latebris,
1335 1283 1378 1320 et
1406 1278 1680 1322 illustrandae
1710 1279 1951 1334 antiquitati
1980 1281 2188 1335 integram
2217 1285 2395 1324 aetatem
2426 1286 2469 1324 et
2493 1282 2713 1337 ingenium

451 1350 613 1392 illustre
641 1349 825 1391 afferret.
860 1349 946 1391 Nec
976 1361 1098 1391 mora
1129 1349 1211 1391 fuit
1239 1349 1284 1391 in
1316 1349 1622 1405 sapientissimo
1654 1350 1846 1404 principe
1877 1351 1981 1405 quin
2009 1355 2233 1405 annueret,
2266 1351 2523 1408 solitumque
2549 1351 2714 1396 0011110

449 1433 539 1461 rem
565 1419 755 1474 diploma
784 1419 1106 1463 concedendum
1132 1420 1321 1475 iuberet;
1346 1432 1434 1475 quo
1462 1420 1641 1462 Allatius
1667 1425 1866 1476 accepto,
1895 1421 2101 1465 admissus
2127 1422 2182 1466 ad
2208 1427 2349 1478 grates
2377 1423 2578 1478 agendas,
2602 1423 2712 1468 ado-

451 1491 713 1546 randumque
744 1491 797 1534 de
829 1504 949 1534 more
982 1491 1262 1546 Pontificem,
1287 1504 1465 1549 pergere
1489 1491 1685 1534 alacriter
1714 1491 1767 1534 ab
1799 1504 1851 1535 eo
1878 1494 2014 1536 iussus
2043 1495 2088 1536 in
2119 1495 2315 1538 instituto
2345 1495 2428 1538 sibi
2458 1498 2714 1552 optimarum

451 1563 603 1605 artium
639 1575 765 1605 cursu
780 1594 791 1616 ,
825 1575 903 1605 nec
932 1563 1180 1606 exhaustam
1208 1575 1309 1618 erga
1339 1575 1384 1606 se
1414 1562 1631 1616 5011511110,
1662 1562 1780 1618 quod
1812 1568 2059 1619 acceperat,
2088 1564 2352 1619 pontificiam
2376 1565 2715 1611 'munificentiam

450 1634 719 1677 existimaret.
753 1636 831 1677 Sex
857 1648 946 1677 non
975 1636 1156 1691 amplius
1186 1647 1349 1679 menses
1378 1635 1423 1678 in
1453 1633 1706 1691 praestanda
1737 1634 1923 1689 gratuita
1946 1634 2231 1678 bibliothecae
2257 1635 2405 1679 usibus
2433 1648 2564 1692 opera
2591 1640 2712 1680 tran-

447 1706 555 1761 segit
569 1737 580 1759 ,
611 1719 733 1761 cum,
763 1705 963 1749 defuncto
994 1707 1150 1749 Acacio
1165 1737 1177 1760 ,
1203 1706 1414 1749 fructibus
1445 1719 1620 1762 quoque
1645 1710 1688 1748 et
1717 1706 2010 1749 emolumentis
2038 1707 2202 1749 muneri
2232 1706 2407 1750 adiectis
2435 1709 2597 1764 potitus
2627 1713 2706 1752 est.

450 1778 530 1820 Sed
562 1778 725 1821 fructus
757 1778 821 1821 illi
851 1779 1106 1835 praecipuus
1139 1777 1352 1834 pontificii
1385 1777 1572 1819 muneris
1604 1776 1708 1829 fuit,
1741 1777 1860 1831 quod
1890 1776 2179 1820 bibliothecae
2211 1777 2431 1821 custodem
2462 1780 2474 1830 (
2491 1790 2579 1834 quo
2609 1790 2709 1822 exa-

450 1855 569 1894 ctore
600 1851 732 1895 officii
760 1853 826 1895 sui
859 1858 987 1907 atque
1019 1852 1180 1895 arbitro
1215 1853 1279 1894 uti
1311 1850 1515 1903 deberet)
1547 1850 1722 1892 sortitus
1756 1855 1819 1892 est
1850 1855 2034 1893 veterem
2065 1851 2247 1894 amicum
2276 1864 2424 1904 suum,
2457 1852 2709 1894 cuius'olim

446 1926 489 1966 in
521 1924 704 1980 collegio
735 1925 1001 1968 athanasiano
1028 1925 1292 1980 eloquentiae
1325 1927 1554 1978 praecepta
1577 1921 1785 1964 tradentis
1813 1921 1984 1964 auditor
2008 1922 2172 1964 fuisset.
2205 1922 2248 1965 Is
2279 1922 2361 1964 fuit
2387 1922 2582 1966 Nicolaus
2611 1923 2710 1966 Ale-

446 2008 648 2050 mannus,
681 1997 941 2039 Graecorum
972 1997 1024 2049 (l)
1055 1995 1183 2049 longe
1214 1994 1505 2047 doctissimuS,
1538 1993 1659 2036 cuius
1683 1992 1925 2047 diligentiae
1955 1991 2159 2035 debemus
2192 2005 2388 2036 arcanam
2417 1993 2619 2050 Procopii
2644 1994 2709 2037 hi-

444 2067 618 2108 storiam
651 2079 701 2109 ex
728 2071 896 2109 vetusto
928 2066 1076 2109 codice
1104 2066 1298 2108 vaticano
1328 2066 1431 2108 iuris
1457 2063 1622 2119 publici
1644 2063 1822 2117 factam,
1845 2065 1946 2106 item
1975 2063 2228 2119 opusculum
2255 2077 2428 2107 aureum
2453 2064 2506 2107 de
2533 2066 2707 2121 parieti·

444 2137 510 2178 1115
541 2137 894 2192 lateranensibus,
931 2136 1159 2180 reconditis
1195 2136 1460 2191 antiquitatis
1495 2135 1791 2178 ecclesiasticae
1826 2135 2036 2192 mysteriis
2071 2135 2290 2178 refertum.
2327 2136 2380 2178 Et
2415 2139 2504 2178 erat
2535 2136 2601 2179 vir
2636 2137 2707 2179 ille

443 2207 676 2251 multarum
707 2209 969 2263 litterarum,
996 2220 1243 2263 summeque
1262 2212 1453 2250 versatus
1480 2207 1525 2248 in
1553 2206 1671 2248 omni
1699 2217 1854 2260 genere
1884 2206 2040 2248 artium
2064 2206 2347 2262 optimarum;
2379 2205 2494 2249 idem
2523 2207 2707 2263 scriptor

420 2279 643 2334 *copiosus
674 2284 715 2322 et
749 2281 945 2334 elegans,
975 2292 1123 2322 verum
1154 2279 1280 2321 anxio
1316 2277 1441 2320 nimis
1473 2282 1516 2320 et
1549 2289 1752 2333 suspenso
1788 2276 1842 2319 ad
1861 2278 2020 2319 »omnia
2052 2277 2183 2319 verba
2213 2289 2445 2333 omnesque
2477 2274 2708 2321 sententias

442 2349 626 2406 iudici0,
661 2363 874 2405 quemque
907 2350 1030 2393 limae
1063 2350 1108 2393 in
1138 2348 1363 2392 scribendo
1392 2362 1470 2391 nec
1501 2348 1625 2391 labor
1659 2339 1919 2400 offenderet,
1951 2360 2031 2390 nec
2062 2360 2185 2405 mpra
2215 2360 2304 2407 1100
2329 2347 2580 2407 11010010101;
2614 2360 2703 2404 quo

442 2419 599 2462 factum
633 2425 695 2462 est
727 2425 776 2463 ut
805 2421 943 2463 minus
979 2420 1113 2463 multa
1148 2421 1237 2462 eius
1271 2419 1428 2473 ingenii
1459 2414 1733 2462 monumenta
1766 2418 2016 2472 habeamuS,
2049 2430 2176 2475 quam
2209 2431 2291 2474 pro
2324 2419 2404 2462 viri
2436 2419 2632 2462 doctrina
2663 2423 2705 2462 et

442 2491 696 2534 lucubrandi
729 2493 970 2535 assiduitate
1002 2493 1071 2546 (2).
1727 2535 1729 2537 ,

566 2564 637 2605 32.
670 2564 775 2606 Post
800 2568 1024 2618 acceptum
1048 2563 1267 2618 scriptoris
1297 2561 1509 2616 officium,
1543 2573 1639 2603 cum
1667 2560 1874 2616 expetitus
1902 2564 2009 2602 esset
2033 2572 2058 2602 a
2085 2548 2296 2602 Cardinali
2323 2559 2553 2604 Benedicto
2579 2562 2706 2604 Iusti-

442 2635 568 2677 niano
601 2634 656 2677 ad
688 2634 969 2690 profitendam
1002 2647 1198 2690 graecam
1231 2634 1516 2689 eloquentiam
1548 2634 1591 2675 in
1626 2631 1810 2687 collegio
1842 2632 2111 2675 athanasiano
2129 2662 2142 2686 ,
2171 2645 2225 2674 ne
2260 2645 2351 2675 eam
2386 2632 2709 2689 conditionem,⁴

440 2709 489 2746 111
524 2705 719 2760 plerique
757 2705 1021 2759 suadebant,
1060 2708 1375 2761 aspernaretur,
1413 2704 1666 2747 auctoritate
1701 2703 1925 2745 Alemanni
1964 2702 2174 2746 adductus
2211 2707 2299 2757 est,
2337 2704 2412 2758 qui
2446 2715 2584 2759 neque
2614 2707 2704 2749 tam

431 2776 730 2820 honorificum
758 2777 994 2832 gravissimi
1019 2777 1099 2820 viri
1127 2776 1332 2819 iudicium
1360 2775 1660 2830 negligendum
1688 2773 1923 2827 iudicabat,
1954 2786 2092 2829 neque
2119 2773 2414 2817 dimittendam
2443 2774 2702 2841 praeclaram

438 2846 707 2891 occasionem
741 2849 917 2891 maioris
957 2850 1001 2891 in
1034 2848 1087 2890 115
1118 2848 1274 2891 11110115
1311 2847 1527 2904 profectus
1562 2846 1772 2900 faciendi,
1806 2851 1848 2888 et
1881 2846 1962 2889 illis
1995 2846 2098 2901 ipsis
2131 2845 2395 2902 praeceptis,
2434 2858 2544 2902 quae
2579 2845 2702 2889 audi-

438 2918 607 2962 toribus
638 2924 729 2962 erat
758 2919 1017 2974 traditurus,
1051 2932 1173 2962 suum
1209 2931 1383 2975 quoque
1415 2918 1633 2973 ingenium
1661 2917 1901 2960 excolendi:
1935 2916 2043 2959 nihil
2074 2921 2214 2959 autem
2247 2916 2346 2960 inde
2379 2918 2592 2961 oriturum
2620 2917 2702 2959 im-

439 2989 695 3044 pedimenti,
727 2992 958 3046 quominus
990 3003 1144 3046 operae
1172 2992 1260 3034 eius
1283 2991 1469 3033 fructum
1495 2977 1755 3033 bibliotheca
1780 2990 1990 3044 integrum
2021 2989 2167 3031 ferret.
2201 2988 2393 3031 Contulit
2417 2989 2563 3044 itaque
2584 3001 2630 3032 50
2655 2989 2701 3031 10

438 3062 689 3117 collegium,
721 3063 870 3118 ibique
901 3062 980 3105 sub
1013 3063 1237 3105 Iustiniani
1273 3063 1382 3104 senis
1418 3062 1550 3104 tutela
1585 3061 1800 3104 biennium
1831 3060 2041 3115 praefuit3
2074 3073 2162 3103 non
2196 3059 2266 3102 ille
2296 3059 2522 3103 subtilibus
2550 3070 2698 3113 gram-

438 3133 689 3175 maticorum
722 3134 881 3188 regulis
913 3134 1083 3176 curiose
1113 3134 1238 3176 nimis
1263 3146 1287 3175 a
1311 3132 1570 3176 discentibus
1597 3132 2008 3188 exigendistempus
2037 3142 2296 3187 operamque
2327 3142 2604 3182 consumenS,
2627 3129 2700 3173 sed

442 3204 616 3247 delectis
644 3219 668 3248 a
691 3208 1047 3261 praestantissimo
1081 3218 1255 3262 quoque
1278 3206 1539 3248 Graecorum
1559 3206 1650 3246 eius
1675 3205 1778 3247 artis
1804 3204 2026 3258 magistro,
2051 3214 2160 3257 quae
2185 3201 2471 3253 emendatam,
2494 3212 2604 3256 quae
2629 3213 2698 3243 su-

440 3275 612 3318 blimem
647 3282 924 3332 ornatamque
957 3278 1194 3320 orationem
1221 3267 1399 3329 faciunt,
1433 3287 1628 3331 quaeque
1659 3274 1711 3317 ad
1745 3274 1983 3325 docendos,
2017 3270 2313 3324 delectandos,
2345 3270 2699 3315 commovendos·
2766 3265 2769 3266 ⁷

441 3359 523 3402 que
555 3347 717 3389 animos
746 3347 968 3391 hominum
1002 3349 1143 3391 valent
1168 3361 1265 3391 cum
1292 3348 1497 3402 dignitate
1521 3344 1570 3389 a'c
1602 3345 1865 3419 audientium
1894 3343 2175 3385 delectatione
2201 3346 2481 3397 pertractans,
2506 3346 2555 3384 ut
2582 3343 2696 3397 ipse,

533 3438 579 3479 (1)
598 3439 696 3472 Recte
720 3438 800 3472 dicit
820 3441 967 3473 Graecm
968 3449 1049 3481 um
1064 3451 1141 3473 nam
1167 3450 1224 3482 pei·
1243 3449 1314 3474 00111
1333 3441 1473 3473 aetatem
1493 3438 1609 3472 Graeci
1632 3438 1758 3480 plures,
1782 3414 1908 3478 praeter
1928 3435 2159 3475 Alemannum,
2183 3434 2271 3466 docti
2290 3434 2412 3466 Romae
2432 3433 2542 3474 fuere,
2563 3433 2622 3474 qui
2642 3441 2701 3468 sua

434 3483 567 3524 nomina
593 3492 774 3533 posteritati
796 3493 1124 3533 commendaverunt,
1147 3503 1179 3526 v.
1203 3503 1251 3536 gr.
1274 3493 1453 3534 Arcadius,
1476 3491 1711 3544 Caryophilus,
1735 3489 1916 3523 Rhodinus.
1940 3491 1978 3521 A.
2001 3479 2048 3521 Μ.

533 3544 578 3585 (2)
597 3545 756 3577 Memorat
778 3546 865 3578 hunc
888 3546 995 3579 locum
1017 3556 1055 3580 ex
1075 3556 1136 3580 ms.
1160 3556 1179 3580 a
1203 3546 1325 3580 Gradio
1349 3547 1462 3579 Allatii
1479 3538 1548 3579 vita
1570 3544 1728 3578 Marinius
1752 3543 1830 3576 11151.
1852 3542 1941 3574 arch.
1963 3542 2031 3577 vat.
2047 3550 2079 3582 p.
2101 3545 2153 3573 32.
2177 3539 2323 3573 ineditus
2346 3541 2456 3572 autem
2477 3537 2558 3571 mihi
2583 3539 2617 3570 in
2636 3547 2702 3571 ma·

436 3597 534 3630 nibus
557 3599 606 3630 est
628 3598 753 3631 Nicolai
778 3599 946 3631 Alemanni
972 3599 1179 3632 doctissimus
1205 3599 1341 3642 quidam
1364 3599 1406 3632 ad
1429 3607 1539 3632 sacras
1560 3595 1784 3640 ephemerides
1805 3594 2077 3634 commentarius,
2099 3593 2157 3634 qui
2181 3593 2214 3625 in
2242 3593 2339 3625 huius
2363 3600 2466 3625 novae
2485 3590 2701 3624 bibliothecae

437 3650 660 3683 voluminibus
681 3652 860 3693 apparebit.
883 3653 966 3684 Item
989 3653 1022 3684 in
1040 3653 1168 3686 schedis
1188 3654 1299 3686 Allatii
1320 3653 1391 3685 vidi
1415 3653 1547 3685 titulum
1568 3651 1701 3684 alterius
1722 3649 1798 3682 libri
1819 3647 1944 3682 Nicolai
1964 3646 2134 3680 Alemanni
2157 3646 2197 3678 de
2215 3655 2313 3678 manu
2335 3645 2468 3678 dextera
2493 3644 2545 3677 vel
2568 3645 2700 3677 sinistra

437 3706 493 3737 SS.
518 3704 607 3737 Petri
631 3705 664 3737 et
687 3705 793 3737 Pauli.
817 3706 920 3737 Petro
945 3707 979 3737 et
1007 3705 1118 3738 Pau‘lo
1148 3707 1386 3748 apostolorum
1410 3704 1646 3749 principibus,
1667 3712 1734 3747 pro
1763 3702 1935 3744 diqnitate
1959 3708 2097 3739 eorum,
2118 3698 2260 3732 sedibus
2281 3707 2375 3732 more
2397 3700 2574 3731 maiorum
2600 3699 2699 3731 resti-

438 3759 544 3797 tutis,
570 3757 702 3791 librum
726 3759 934 3802 viqiliasque
950 3767 1019 3801 pro
1037 3767 1105 3792 sua
1127 3761 1164 3792 in
1183 3760 1318 3793 eosdem
1337 3761 1536 3793 reverentia
1554 3757 1722 3795 Nice-laus
1740 3757 1954 3790 Alemannus
1974 3756 2017 3787 D.
2040 3755 2083 3786 D.
2107 3755 2150 3785 D.
2173 3752 2311 3785 Videtur
2331 3752 2486 3785 nimirum
2504 3751 2701 3785 Alamannus

445 3813 601 3844 tractasse
629 3812 870 3853 quaestionem,
893 3820 951 3844 eur
979 3812 1013 3843 in
1039 3811 1151 3853 priscis
1177 3813 1395 3845 monumentis
1422 3813 1521 3846 modo
1545 3812 1658 3845 dexter
1685 3810 1783 3843 modo
1807 3808 1935 3843 sinister
1960 3807 2062 3842 Paulo
2084 3806 2128 3839 sit
2152 3807 2275 3840 Petrus.
2301 3804 2453 3838 Eiusdem
2478 3805 2586 3838 autem
2608 3813 2697 3845 argu-

437 3865 539 3898 menti
563 3866 651 3898 extat
676 3864 860 3898 dissertatio
885 3865 1047 3898 Francisei
1073 3866 1256 3898 Muscantii.
1281 3870 1318 3899 A.
1340 3867 1384 3898 M.
