2970 4420
435 246 492 291 14
1364 260 1514 292 morus
1546 259 1723 291 ΑιιΑτιῐ

430 344 522 389 λαι
562 333 1014 410 ἐρωτοαποκρίσεις.
1050 348 1221 394 Novem
1245 345 1433 392 ordines
1455 343 1626 390 babere
1651 343 1894 390 ecclesiam
1922 345 1991 390 ad
2010 345 2372 394 similitudinem
2396 349 2666 397 caelestium

431 421 676 468 virtutum.
713 424 777 467 Et
809 423 937 469 aliae
969 422 1362 487 interrogationes
1391 437 1447 466 ac
1480 421 1813 484 responsiones.
2338 419 2345 425 ’

558 577 636 622 ΧΙ.
675 578 853 623 Nicetas
882 577 1042 623 Seidus
1067 576 1152 623 sub
1177 577 1454 638 imperatore
1482 575 1644 621 Alexio
1676 575 1937 628 Comneno,
1967 591 2072 622 cum
2097 577 2271 624 videret
2298 594 2323 624 a
2356 580 2526 625 Latinis
2559 595 2671 641 pro-

430 654 565 715 poni,
593 653 891 716 opinionibus
919 652 1139 698 ecclesiae
1176 666 1406 698 romanae
1437 663 1685 713 tamquam
1707 650 1993 713 antiquioris
2027 652 2369 700 inhaerendum
2393 671 2512 705 esse,
2541 671 2674 701 vene-

434 729 756 791 rabilioraque
796 746 891 775 esse
930 729 1060 775 novis
1097 727 1396 789 antiquiora,
1436 728 1616 790 scripsit
1655 727 1874 773 adversus
1909 728 2095 775 eosdem
2130 731 2430 792 opusculum,
2469 718 2546 774 ὅτι
2570 722 2674 774 ὀὐκ

435 793 811 868 αἷὸεσιμώτερα
839 794 1091 866 καθάπαξ
1119 795 1215 849 τῶν
1246 792 1360 848 νέων
1389 793 1454 847 τοὶ
1480 792 1710 856 παλαιοὶ,
1742 789 1861 846 οὐδὲ
1890 794 1914 850 ἦ
1946 794 2148 848 παλαιὰ
2177 796 2357 851 λοιπὸν
2385 795 2555 868 Ῥώμη
2584 797 2673 858 τῆς

436 872 570 933 Νέας
587 914 599 934 ,
628 872 710 925 καὶ
747 873 769 924 ὁ
806 870 977 943 θρόνος
1003 872 1096 923 τοῦ
1122 868 1329 944 θρόνου.
1364 881 1470 926 Non
1497 896 1593 926 esse
1617 879 1898 943 simpliciter
1919 881 2122 943 antiqua
2149 882 2278 928 novis
2301 883 2670 934 venerabiliora,

432 959 630 1021 ideoque
655 974 802 1020 neque
825 958 946 1003 novci
971 968 1097 1003 vetus
1118 958 1290 1006 Roma,
1319 973 1403 1001 nec
1428 956 1558 1002 sedes
1581 956 1702 1002 sede.
1732 951 1784 999 P.
1813 944 2003 1000 Πολλοὶ
2025 944 2116 1017 μέν
2141 949 2258 1018 ὑμῖν
2276 990 2288 1011 ,
2314 946 2354 1003 ὦ
2381 947 2558 1021 ἄνδρες
2586 950 2678 1022 ῥω-

435 1025 585 1097 μαῖοι
603 1066 614 1087 ,
642 1023 706 1077 τοὶ
733 1022 999 1078 ὃιῖσὙῶντα
1027 1023 1158 1092 ὑμᾶς
1184 1022 1266 1086 ἀφ’
1293 1023 1615 1094 ἦμῶν.«Μιι1ῐ3
1637 1034 1761 1079 illius
1785 1049 2028 1095 perperam
2053 1033 2245 1089 dictam,
2268 1051 2291 1081 a
2310 1035 2446 1084 nobis
2470 1037 2519 1082 in
2544 1024 2678 1082 libris

437 1111 495 1158 de
529 1111 855 1163 consensione,
883 1117 1024 1171 prout
1057 1106 1234 1154 ferebat
1266 1110 1472 1162 occasio,
1503 1110 1682 1172 prolata
1717 1119 1764 1156 et
1797 1110 1993 1156 refutata
2026 1119 2148 1156 sunt.

565 1188 751 1249 Scripsit
779 1187 914 1232 etiam
950 1194 1196 1231 tractatum
1221 1185 1279 1231 de
1307 1185 1553 1248 paschate.
1591 1175 1714 1249 Περὶ
1746 1177 1843 1229 τοτ’]
1869 1175 2074 1244 Πάσχα.
2104 1179 2158 1228 Ρ.
2181 1175 2398 1246 Ἐτέχθκ
2427 1177 2513 1248 μὲν
2542 1177 2566 1230 ὁ
2599 1176 2680 1231 κό-

440 1276 547 1328 ριος
582 1253 777 1314 Ἰησοῦς
812 1251 1032 1325 Χριστὸς
1071 1251 1117 1310 ,ἓν
1155 1249 1253 1305 ἔτει
1297 1248 1412 1306 civo*
1455 1258 1657 1313 κτίσεως
1692 1251 1886 1325 κόσμου
1923 1251 2084 1324 Ιεφςᾬ
2121 1253 2184 1314 ὠς
2221 1250 2422 1327 εἴρηταί
2456 1276 2544 1324 μοι
2589 1250 2677 1309 καῖ

439 1329 674 1402 πρόσθεν.
710 1339 962 1384 Matthaeus
994 1338 1407 1393 hieromonachus‚
1436 1340 1516 1400 qui
1551 1340 1597 1384 in
1623 1354 1822 1386 canones
1847 1340 2052 1401 scripsit,
2080 1341 2128 1386 in
2162 1347 2356 1386 tractatu
2387 1355 2473 1386 suo
2506 1339 2565 1385 de
2599 1354 2683 1402 pa-

440 1417 609 1464 schate.
650 1403 796 1458 Οὕτω
833 1404 914 1462 καὶ
956 1405 979 1457 ὁ
1018 1402 1324 1476 θαυμαστδς
1366 1404 1509 1478 κύρις
1546 1403 1768 1466 Νικῆτας
1811 1405 1835 1457 ὁ
1873 1405 2189 1477 καλούμενος
2224 1404 2410 1467 Σέῖδος
2445 1405 2596 1471 ,φησὶν
2635 1405 2683 1460 ε”ν

440 1484 511 1557 τῷ
545 1482 635 1535 ὑπ’
673 1482 835 1536 αὐτοῦ
872 1479 1127 1535 ἐκτεθέντι
1161 1481 1289 1554 περὶ
1327 1480 1517 1536 τούτου
1556 1481 1893 1553 συντάγματι.
1928 1491 2008 1537 Sic
2043 1503 2090 1537 et
2124 1490 2429 1537 admirabilis
2464 1491 2698 1548 dominus)

442 1569 656 1619 Nicetas‚
686 1579 991 1631 cognomento
1024 1567 1216 1621 Seidus,
1247 1568 1319 1614 ait
1353 1567 1403 1613 in
1436 1568 1776 1619 commentario
1808 1584 1894 1613 suo
1928 1565 1986 1613 de
2018 1566 2110 1613 hac
2142 1568 2307 1613 eadem
2342 1583 2391 1612 re
2424 1567 2574 1614 edita·

570 1723 670 1770 XII.
708 1724 889 1769 Nicetas
921 1724 1090 1768 Serron
1124 1722 1246 1769 male
1271 1738 1297 1770 a
1318 1723 1567 1769 Possevino
1591 1724 1638 1768 in
1664 1722 1783 1769 duos
1815 1721 2092 1784 discerpitur
2124 1723 2171 1768 in
2207 1731 2456 1784 apparatu,
2482 1724 2531 1769 in
2554 1724 2688 1770 Nice·-

446 1809 540 1847 tam
571 1801 792 1846 nimirum
825 1800 1073 1846 Heracleae
1105 1801 1397 1862 episcopum,
1423 1808 1470 1864 et
1491 1801 1708 1846 ,Nicetam
1739 1801 1926 1846 Serron.
1965 1799 2054 1845 Sed
2084 1801 2279 1862 pessime
2314 1799 2372 1846 ab
2406 1800 2688 1862 Epitomato-

445 1876 578 1923 ribus
611 1878 889 1939 gesnerianis
920 1876 968 1922 in
1001 1867 1205 1922 Nicetam
1238 1876 1517 1928 Heradium,
1542 1877 1746 1923 Nicetam
1772 1875 2297 1929 Serronium,·Nicetam
2329 1867 2424 1919 τοῦ
2458 1866 2691 1940 Σεῤῥῶν,

449 1963 494 2000 et
527 1955 732 2000 Nicetam
766 1953 1176 2015 metropolitanum
1209 1953 1477 1999 Heracleae.
1513 1955 1722 2014 Namque
1752 1968 1872 1998 unus
1897 1961 1942 1998 et
1964 1951 2089 1998 idem
2123 1961 2192 1998 est
2219 1961 2404 2006 auctor,
2430 1954 2511 2015 qui
2533 1955 2691 2000 omnia

443 2030 695 2093 ‚praedictis
729 2030 959 2092 adscripta
989 2030 1267 2092 composuit.
1305 2031 1357 2075 In
1391 2028 1589 2075 diatriba
1614 2044 1716 2076 mea
1752 2029 1810 2075 de
1839 2028 2022 2083 Psellis,
2049 2044 2155 2075 cum
2185 2029 2245 2075 de
2282 2038 2427 2076 aetate
2458 2030 2692 2077 Michaelis

449 2107 584 2154 Pselli
618 2107 837 2153 adversus
868 2107 1122 2153 haereticos
1154 2103 1484 2168 disceptarem,
1512 2114 1563 2152 ut
1595 2121 1675 2152 eos
1707 2105 1992 2159 refellerem,
2028 2105 2175 2152 multa
2208 2105 2267 2151 de
2299 2106 2458 2152 Niceta
2492 2105 2689 2160 Davide,

450 2192 496 2230 et
527 2184 682 2231 Niceta
707 2186 903 2230 Serrone
919 2218 930 2237 ,
958 2199 1075 2244 quae
1099 2192 1145 2229 et
1168 2183 1236 2229 illi
1260 2182 1513 2230 concedere
1538 2181 1770 2229 debebant
1785 2217 1796 2236 ‚
1823 2198 1879 2228 ex
1912 2179 2151 2228 codicibus
2175 2183 2498 2244 manuscriptis
2531 2183 2693 2237 attuli,

452 2268 497 2306 et
530 2252 828 2322 postmodum
862 2259 1305 2307 conclusi'Nicetam
1339 2260 1608 2313 Serronem,
1636 2268 1681 2305 et
1713 2259 1921 2305 Nicetam
1953 2256 2175 2305 Davidem
2204 2258 2347 2304 alium
2381 2266 2517 2320 atque
2551 2258 2695 2305 alium

453 2337 616 2389 fuisse:
642 2339 689 2384 in
714 2352 907 2400 eamque
931 2339 993 2384 ivi
1026 2338 1322 2391 sententiam,
1346 2335 1674 2399 Theophylacti
1699 2337 1939 2398 Bulgariae
1973 2335 2303 2398 archiepiscopi
2338 2344 2491 2398 aetate.
2509 2336 2695 2383 floruis-

455 2430 528 2468 se,
558 2414 616 2461 ad
637 2430 777 2477 quem
800 2430 923 2460 nona
952 2414 1278 2477 Theophylacti
1309 2412 1504 2476 epistola
1525 2414 1647 2459 inter
1677 2413 1921 2475 impressas
1946 2428 1972 2458 a
1994 2413 2194 2458 Meursio
2220 2412 2405 2474 legitur.
2442 2413 2509 2459 De
2540 2413 2696 2461 diver-

455 2492 586 2538 sitate
614 2493 877 2539 Nicetarum
911 2506 1093 2537 mecum
1121 2489 1270 2538 habeo
1297 2490 1616 2546 doctissimum
1638 2490 1848 2536 Vossium
1872 2490 1920 2535 in
1952 2505 2073 2535 nova
2105 2489 2162 2535 da
2195 2488 2498 2551 scriptoribus
2523 2491 2698 2551 graecis

457 2567 678 2615 editione.
715 2567 933 2615 Diversos
970 2579 1128 2613 tamen
1155 2583 1249 2613 esse
1277 2566 1360 2613 hos
1382 2566 1598 2617 Nicetas,
1629 2565 1794 2612 Leonis
1819 2565 1989 2612 Allatii
2018 2565 2250 2611 sententia
2284 2577 2375 2616 est,
2404 2565 2454 2611 in
2474 2565 2699 2621 ⁴diatribat

458 2644 515 2690 de
540 2644 729 2695 Psellis,
761 2644 840 2690 cui
872 2642 964 2690 Izac
998 2643 1048 2690 in
1073 2655 1216 2707 parte
1245 2643 1404 2708 potius
1440 2642 1696 2689 subscribo.
1732 2642 1836 2688 Fuit
1870 2643 1908 2688 is
1942 2643 2093 2704 primo
2129 2657 2320 2704 magnae
2354 2642 2571 2689 ecclesiae
2598 2642 2701 2688 dia-

458 2734 603 2768 conus
636 2730 680 2768 et
717 2723 931 2783 magister
964 2738 1042 2768 seu
1078 2720 1266 2773 doctor,
1300 2729 1458 2783 postea
1493 2721 1733 2767 Serrarum
1770 2719 2066 2780 metropolita
2087 2752 2098 2769 ‚
2136 2719 2244 2764 inde
2279 2717 2526 2764 translatus
2552 2719 2700 2764 Hera-

459 2799 623 2845 cleam.
659 2801 739 2846 Vir
773 2799 949 2862 oppido
975 2799 1139 2845 doctus
1164 2806 1209 2844 et
1236 2799 1353 2860 pius.
1390 2798 1579 2859 Scripsit
1602 2797 1737 2860 plura
1765 2805 1810 2842 et
1839 2797 1983 2843 varia.
2021 2796 2108 2842 Sed
2141 2797 2374 2858 praecipui
2401 2795 2526 2841 illius
2548 2811 2700 2857 neque

461 2875 645 2938 inglorii
681 2885 871 2923 conatus
906 2876 1034 2922 fuere
1066 2876 1115 2921 in
1150 2875 1423 2937 exponenda
1453 2874 1598 2921 biblia
1632 2890 1688 2920 ex
1719 2882 1874 2920 mente
1907 2882 2172 2920 sanctorum
2207 2881 2407 2935 patrum.

589 2955 715 3009 Quae
739 2954 795 3001 ad
820 2969 983 3001 manus
1013 2961 1194 3000 nostras
1218 2968 1472 3015 pervenere
1496 2960 1630 2999 sunt:
1659 2967 1856 2998 canones
1881 2951 2005 2996 illius
2039 2938 2382 3014 γραμμαὛικοὶ
2425 2936 2547 2992 καὟᾶ
2581 2961 2703 3009 μους

467 3020 600 3076 σικὸν
635 3017 760 3090 ἦχον
793 3018 1138 3093 ψαλλόμενοι.
1172 3030 1381 3093 Regulae
1416 3029 1794 3093 grammaticae,
1828 3043 1949 3090 quae
1984 3027 2052 3072 ad
2084 3038 2280 3071 cantum
2319 3025 2550 3070 musicum
2590 3041 2701 3070 con-

466 3106 713 3159 cinuntur,
747 3111 949 3170 itemque
975 3106 1210 3171 troparia.
1246 3106 1423 3152 Titulus
1445 3107 1576 3169 operi
1603 3104 1858 3168 praefixus:
1894 3095 1988 3147 τοῦ
2020 3094 2116 3146 τῶν
2152 3092 2352 3165 Σερῥάῗν
2386 3089 2581 3160 πόνημα
2614 3094 2701 3143 Νι-

468 3172 618 3229 κήτου
643 3173 759 3228 τόδε
779 3218 790 3237 ,
816 3184 1030 3231 Serronis
1055 3184 1192 3230 labor
1212 3183 1408 3230 Nicetae
1432 3181 1510 3228 bic
1534 3194 1619 3228 est.
1648 3175 1702 3225 P.
1723 3169 1953 3225 ’Em'Ge‘Ta
1980 3167 2103 3230 Διδς
2122 3164 2443 3247 ,χὸωὸωναῖος
2461 3209 2472 3229 ,
2501 3163 2670 3228 ἷὸαῖος
2688 3209 2704 3245 ,Ι

467 3249 691 3322 ἑρκεῖος,
728 3252 957 3314 κνιναῖος,
991 3256 1271 3322 μειλίχιος.
1305 3260 1523 3307 Eiusdem
1558 3246 1715 3303 κανών
1753 3247 1822 3308 εἷς
1859 3244 2064 3308 κανόνας
2101 3241 2521 3319 γραμματικούςν
2544 3254 2702 3299 Canon

472 3335 522 3380 in
556 3338 744 3399 regulas
777 3337 1131 3401 grammatices.
1170 3331 1223 3380 P.
1257 3328 1347 3388 Εἷς
1382 3324 1461 3381 ος·’
1490 3324 1556 3380 τοὶ
1591 3323 1826 3397 ὄξύτονα.

598 3412 812 3458 Eiusdem
849 3401 1012 3478 ἕτερος
1040 3402 1196 3458 κανῶν
1227 3404 1296 3466 εἷς
1327 3401 1551 3496 διάφορα
1576 3397 1918 3475 γραμμαΤικά.
1955 3406 2088 3455 Alius
2115 3422 2267 3453 canon
2289 3406 2348 3461 ‚in
2375 3405 2512 3452 varia
2538 3421 2703 3468 gram-

473 3487 670 3534 matica.
709 3483 763 3530 P.
800 3479 868 3532 Τὸ
908 3480 955 3534 α’
990 3479 1119 3535 κατὰ
1155 3479 1324 3553 ἀρχὰς
1358 3475 1652 3553 οἷσπαζεται.
1686 3489 1742 3533 Et
1776 3487 1864 3537 alia
1897 3488 1946 3532 in
1979 3483 2271 3532 bibliothecis
2305 3484 2538 3536 vaticana,
2569 3482 2703 3529 valli-

475 3565 690 3618 celliana,
719 3567 841 3627 regia
874 3569 1081 3622 Parisiis,
1108 3568 1422 3631 altempsiana.
1764 3621 1766 3623 ,

606 3641 830 3688 Carmina
857 3642 1065 3689 iambica
1089 3645 1137 3689 in
1171 3644 1295 3690 idem
1319 3660 1452 3707 opus.
1490 3636 1545 3685 P.
1575 3628 1738 3686 Πέδον
1760 3628 1958 3688 τιθηνὸν
1985 3629 2199 3700 ἀκρίβου
2224 3625 2543 3699 πεφιλμένον.
2579 3634 2708 3681 Ibid.

597 3718 821 3764 Carmina
851 3718 1059 3765 iambica
1093 3720 1213 3766 alia.
1252 3715 1305 3763 P.
1341 3709 1533 3785 Καιρός
1565 3708 1656 3781 μὲν
1689 3705 1838 3764 ὕπνου
1859 3748 1871 3770 ,
1904 3703 1984 3760 καὶ
2023 3701 2291 3758 καθεύδειν
2325 3700 2378 3760 ἦν
2412 3699 2539 3756 δέον.
2570 3709 2713 3773 'Regia

473 3786 685 3842 ‘Parisiisl
