2970 4420
1219 289 1276 319 m:
1308 285 1570 321 Tussonoms·
2469 280 2530 325 75

266 374 322 420 Et
352 387 491 420 serm.
519 372 600 418 ΙΙΙ.
629 371 780 418 initio.
801 360 958 418 10633
990 360 1138 433 μόνοι
1166 384 1228 437 ᾖε
1259 361 1402 418 οἴθεοι
1437 362 1742 456 ΔιοίΓορας
1718 386 1742 415 ο
1773 360 2019 435 μήλιος*
2035 405 2048 426 ,
2077 386 2159 416 και
2197 365 2220 417 o‘
2257 388 2530 440 κυρνιναιος

268 436 566 521 Θεοδωρος,
594 437 677 491 καὶ
711 437 971 514 Εὐήμερος
1009 441 1033 493 ὁ
1063 439 1323 504 τεΓεοίτκς,
1354 464 1436 494 και
1471 441 1518 494 οἱ
1549 438 1752 502 τούτοις
1785 437 2218 503 ηκολουθηκότες,
2247 443 2528 499 πανΤοίπασι

266 515 448 581 φάντες
480 514 546 586 μὴ
587 512 714 569 εἶναι
755 515 942 579 θεοὺς,
979 517 1044 578 ὠς
1082 517 1106 569 ὁ
1144 517 1488 592 Πλούταρχος
1526 514 1636 582 ἐ’.φνι
1672 525 1826 573 Haud
1849 526 2010 588 itaque
2043 524 2137 573 solt
2165 526 2300 573 athei
2327 528 2537 578 habende

265 615 375 650 sunt
408 602 654 666 Diagoras
688 602 882 652 melius,
914 619 1174 666 cyrenaeus
1210 602 1499 672 Theodorus,
1534 604 1878 666 Evemerusque
1909 614 2138 666 tegeates,
2176 616 2222 650 et
2253 622 2536 670 qutcumque

263 681 344 727 hos
379 679 642 727 consectati
662 691 795 730 sunt,
829 678 1087 726 Plutarcho
1111 692 1250 731 teste,
1281 666 1435 726 Deum
1458 698 1556 727 esse
1585 680 1776 745 penitus
1809 680 2121 744 abnegantes.
2159 682 2431 737 Plutarchus
2457 685 2536 730 ad·

264 774 425 804 versus
458 759 636 804 Stoicos
672 756 732 803 de
768 757 1097 804 communibus
1120 759 1308 804 'notitiis
1343 758 1451 818 (ed.
1487 757 1655 804 Reiskii
1689 759 1739 804 T.
1768 759 1826 804 X.
1856 772 1904 820 p.
1934 757 2085 819 431.)
2123 760 2252 804 Certe
2287 759 2373 821 qui
2405 760 2540 806 athei

264 835 599 899 appellantur,
627 834 757 896 quod
787 846 1020 898 negarent
1053 851 1150 880 esse
1173 835 1307 884 cleos.
1341 834 1634 886 Theodorus,
1663 835 1932 898 Diagoras,
1962 834 2146 898 Hippo,
2177 852 2271 880 non
2296 836 2407 882 ausi
2427 851 2537 883 sunt

262 911 420 958 dicere
452 912 607 957 Deum
641 927 737 956 esse
772 911 995 957 interitui
1015 912 1303 962 obnoxium,
1335 911 1420 957 sed
1441 929 1536 958 non
1559 911 1862 978 crediderunt
1897 911 2091 974 aliquid
2121 929 2218 959 esse
2242 912 2305 958 ab
2339 913 2538 961 interitu

264 990 495 1040 immune,
526 1005 586 1034 ac
620 989 765 1034 talem
791 1000 1022 1036 naturam
1048 989 1267 1051 aliquam
1292 1005 1389 1034 esse
1418 1006 1553 1052 posse
1585 1001 1836 1053 negantes,
1865 989 2092 1036 notitiam
2120 990 2178 1035 de
2202 992 2302 1036 Deo
2336 991 2538 1055 relique-

264 1077 376 1112 runt
400 1065 451 1112 in
474 1065 649 1112 medio.
689 1067 741 1111 Et
776 1065 837 1111 de
862 1066 1043 1127 placitis
1066 1065 1460 1127 philosophorum
1491 1065 1575 1111 lib.
1605 1067 1641 1112 Ι.
1671 1081 1775 1128 cap.
1803 1069 1851 1113 7.
1884 1065 2278 1130 Philosophorum
2305 1068 2530 1130 quidam,

263 1155 315 1189 ut
349 1143 597 1207 Diagoras
630 1143 822 1193 melius,
857 1154 904 1188 et
941 1141 1206 1188 Theodorus
1240 1158 1522 1205 cyrenaeus,
1557 1155 1601 1188 et
1635 1145 1890 1190 Evemerus
1924 1155 2132 1207 tegeates
2163 1145 2356 1199 ommno
2387 1162 2537 1208 nega-

264 1232 376 1265 runt
416 1236 514 1265 esse
553 1219 682 1266 deos.
722 1221 882 1266 Sextus
922 1220 1182 1282 Empiricus
1216 1219 1439 1264 adversus
1479 1220 1699 1281 physicos
1735 1219 1820 1266 lib.
1858 1222 1936 1266 lX.
1978 1221 2088 1282 (ed.
2123 1222 2263 1268 Fabr.
2303 1238 2349 1284 p.
2386 1222 2498 1269 560.
2521 1225 2534 1284 )

265 1284 374 1340 Ka?
412 1283 542 1340 εἶναι
579 1285 700 1357 μὲν,
737 1288 784 1339 οἱ
823 1291 1033 1348 πλείους
1067 1310 1164 1339 των
1204 1283 1565 1358 ὃογματικων,
1602 1286 1685 1340 καὶ
1726 1311 1752 1345 n
1789 1310 1923 1345 nomn
1960 1311 2049 1341 του
2090 1293 2208 1354 βίου
2240 1288 2535 1363 πρόληψις

261 1388 328 1435 μη
365 1360 492 1418 εἶναι
527 1362 610 1425 33,
644 1364 690 1416 οἱ
729 1361 1079 1424 ἐπικληθέντες
1112 1360 1289 1426 αθεοι,
1314 1361 1558 1437 καθάπερ
1595 1362 1854 1436 Εὐήμερος
1891 1402 1922 1409 -
1956 1364 2123 1437 γέρων
2156 1365 2394 1438 ἅλαζων,
2423 1365 2536 1419 ἀδι-

266 1465 331 1494 κα
365 1446 560 1508 βιβλία
588 1439 803 1509 ψύχων,
839 1478 870 1486 -
906 1463 989 1493 και
1026 1405 1302 1514 Διαγόρας
1333 1439 1358 1491 ὁ
1394 1438 1614 1511 μήλιος,
1645 1463 1726 1494 και
1758 1439 2063 1515 Προδικος
2040 1466 2063 1494 o
2096 1443 2261 1506 κεῖος,
2292 1466 2376 1496 και
2411 1444 2535 1497 Θεο-

265 1515 453 1592 ὃωρος,
483 1541 566 1571 και
601 1517 767 1571 ἄλλοι
797 1514 1138 1589 παμπληθεις.
1160 1530 1230 1574 Et
1259 1528 1369 1573 deos
1391 1527 1584 1589 quidem
1609 1545 1722 1578 esse,
1747 1529 1908 1591 plures
1929 1546 1993 1574 esc
2015 1529 2320 1592 dogmatisscts
2345 1542 2390 1575 et
2409 1548 2537 1577 com-

263 1620 422 1650 munis
447 1603 573 1651 vitae
597 1603 872 1669 anticipata
898 1603 1052 1650 ratio:
1081 1620 1176 1649 non
1209 1621 1307 1650 esse
1331 1616 1515 1655 autem,
1545 1621 1627 1667 qut
1664 1605 1901 1668 appellate
1932 1618 2043 1651 sunt
2069 1605 2222 1657 athei,
2254 1606 2400 1653 veluti
2423 1609 2532 1659 Eve-

262 1697 444 1732 merus,
482 1697 630 1727 senex
665 1681 920 1745 superbus,
961 1681 1163 1728 i'nzustos
1198 1682 1344 1728 libros
1383 1698 1596 1732 vomens.
1634 1693 1679 1727 et
1713 1682 1960 1745 Diagoras
1993 1683 2190 1734 melius,
2225 1695 2270 1729 et
2305 1684 2537 1731 Prodicus

261 1758 389 1810 cius,
424 1770 470 1804 et
507 1757 796 1809 Theodorus,
833 1770 879 1803 et
908 1758 1141 1822 permulti
1175 1759 1282 1806 alisse
1318 1761 1375 1820 Et
1398 1759 1496 1805 lib.
1516 1760 1597 1805 ΙΙΙ.
1633 1760 1862 1821 pyrrhon.
1895 1760 2125 1823 hypot3p.
2163 1762 2297 1824 (cap.
2335 1764 2415 1808 24.
2455 1763 2531 1809 ed.

261 1834 400 1882 Fabr.
436 1851 485 1898 p.
520 1838 627 1882 182.
651 1834 665 1897 )
705 1823 867 1886 Θεοῦς
906 1823 958 1879 33
999 1826 1105 1900 γὰρ
1145 1850 1190 1880 οι
1228 1825 1319 1897 μὲν
1354 1825 1548 1880 πολλοι
1592 1827 1747 1892 φασιν
1785 1833 1947 1890 εἶναι,
1982 1826 2116 1889 τινες
2153 1827 2205 1881 33
2247 1830 2336 1882 οὐκ
2373 1826 2535 1892 εἶναι,

262 1899 421 1976 ὡσπερ
454 1925 499 1955 οι
539 1924 648 1976 περι
686 1901 988 1975 Διαγόραν
985 1902 1072 1958 τόν
1099 1901 1317 1975 μήλιον,
1348 1926 1431 1956 και
1467 1901 1766 1978 Θεόδωρον,
1794 1927 1878 1957 και
1910 1909 2121 1977 Κριτίαν
2157 1905 2240 1960 τὸν
2277 1903 2533 1964 αθηναιον.

260 1991 389 2035 Nam
422 1989 547 2035 bona
577 2005 698 2053 pars
730 1989 925 2052 quidem
959 1990 1069 2036 deos
1094 2007 1191 2036 esse
1224 2002 1324 2036 αιι.·
1356 2008 1440 2036 nec
1473 2002 1637 2036 tamen
1671 1991 1752 2037 des
1735 2002 1841 2036 unt
1867 2008 1947 2053 quc
1983 2009 2079 2037 esse
2112 2005 2305 2056 negent,
2335 2011 2399 2038 ex
2423 2010 2536 2056 quo-

260 2083 368 2112 rum
402 2083 598 2113 numero
622 2078 731 2114 sunt
756 2067 1004 2131 Diagoras
1026 2067 1217 2118 melius,
1245 2079 1291 2113 et
1319 2067 1611 2118 Theodorus,
1642 2080 1686 2114 et
1721 2068 1897 2114 Critias
1923 2068 2231 2117 atheniensis.
2272 2071 2354 2116 llle
2381 2080 2534 2118 tamen

259 2160 368 2191 cum
392 2137 784 2206 interrogaretur,
814 2161 872 2191 an
898 2145 1013 2192 deos
1037 2161 1135 2191 esse
1161 2145 1405 2193 crederet?
1439 2146 1715 2201 Quomodo,
1747 2147 1924 2208 inquit,
1952 2162 2047 2193 non
2071 2148 2240 2200 credo,
2269 2150 2349 2210 qui
2375 2158 2420 2195 te
2446 2149 2536 2195 diis

261 2223 500 2268 inimicum
534 2222 682 2283 puto?
717 2222 856 2277 Quod
892 2222 970 2268 alii
1005 2223 1202 2284 Diogeni
1239 2225 1404 2283 c3nico
1441 2223 1671 2270 tribuunt.
1709 2224 1919 2270 Laertius
1954 2225 2000 2269 in
2002 2226 2241 2312 Diogene
2277 2227 2385 2288 (VI.
2418 2226 2532 2287 43.)

258 2294 453 2342 Λυσίου
483 2312 572 2341 του
615 2288 1038 2361 φαρμακοπωλου
1074 2288 1390 2362 πυθομένου,
1422 2291 1464 2344 εἷ
1503 2287 1660 2352 θεους
1698 2289 1920 2362 νομίςζει
1948 2315 2050 2351 πως
2087 2290 2139 2344 33
2179 2315 2338 2355 ειπεν,
2370 2316 2426 2346 ου
2463 2315 2535 2347 νο-

259 2363 420 2448 μιζω,
458 2363 582 2418 ὅπου
620 2388 703 2418 και
743 2365 794 2419 σὲ
833 2367 984 2433 θεοις
1024 2367 1222 2439 ἐχθρὸν
1261 2364 1649 2439 ὑπολαμβάνως
1683 2391 1727 2420 οι
1771 2364 1823 2420 33
1864 2366 2132 2442 Θεόδωρον
2171 2370 2329 2424 εἴτι-ειν
2363 2393 2531 2423 τουτο.

259 2452 409 2516 Lysia
434 2451 818 2516 pharmacopola
849 2466 1073 2517 rogante,
1104 2470 1170 2500 an
1202 2471 1299 2500 esse
1329 2455 1441 2501 deos
1468 2455 1806 2501 existimaret?
1831 2457 2059 2510 Quando,
2091 2457 2269 2519 i',nquzt
2300 2474 2392 2502 non
2428 2457 2535 2502 esri-

259 2540 537 2591 st1m0,qut
563 2541 607 2575 te
640 2545 824 2592 quoque
858 2530 953 2576 diis
977 2530 1226 2576 zwntmtcum
1253 2536 1402 2594 puto?
1436 2531 1537 2577 Ala
1560 2531 1854 2578 Theodorum
1881 2531 1969 2578 hoc
1993 2533 2177 2580 dixisse
2201 2534 2359 2579 ai.unt
2397 2534 2531 2589 Quod

261 2608 310 2652 in
342 2607 582 2668 Aristippo
618 2606 710 2667 (ΙΙ.
752 2609 861 2652 102.
885 2607 901 2670 )
935 2607 996 2654 de
1028 2608 1120 2654 alio
1153 2609 1349 2655 dixerat.
1388 2597 1618 2672 Μύθρου
1658 2596 1710 2651 33
1747 2622 1836 2652 του
1879 2597 2144 2656 (laetam-ov
2176 2624 2264 2653 του
2303 2599 2532 2674 Λυσιμα-

261 2695 362 2740 χου
399 2673 739 2756 παρεσὟωτ-ος,
768 2695 850 2727 και
894 2674 1127 2735 ειπόνὛος·
1163 2673 1335 2736 ἔοικας
1373 2677 1431 2728 σὺ
1468 2700 1535 2747 μη
1573 2673 1725 2746 μόνον
1766 2673 1908 2737 θεους
1945 2677 2166 2739 οἷΓνοειν,
2201 2677 2350 2731 ἄλλα
2386 2683 2533 2742 βασι-

259 2747 404 2809 λέας·
437 2772 570 2810 πως,
608 2771 787 2812 ειτωεν,
824 2750 1032 2822 αγνοῶ;
1069 2749 1192 2805 ὅπου
1230 2774 1292 2824 γε
1329 2757 1420 2806 καί
1452 2775 1503 2806 σε
1539 2753 1711 2812 θεοις
1729 2750 1925 2827 ἐχθρον
1962 2751 2078 2808 o'v7a
2115 2754 2316 2826 νομί.ζω
2351 2763 2532 2809 Aderat

260 2834 481 2898 Mythras
509 2835 810 2898 dispensator
842 2836 1137 2899 Lysissmachz
1175 2838 1272 2883 Hic
1302 2854 1412 2883 cum
1445 2838 1645 2884 ditceret
1675 2839 1851 2885 videris
1883 2856 1979 2886 non
2013 2841 2166 2886 solum
2200 2840 2334 2889 deos,
2371 2855 2530 2885 verum

257 2923 303 2957 et
329 2927 463 2974 reges
486 2911 731 2997 ignorare.
762 2913 864 2967 Quo
879 2925 1049 2976 pacto,
1081 2914 1238 2977 inquit
1266 2917 1284 2974 (
1297 2913 1518 2977 Mythras
1532 2917 1551 2974 )
1579 2914 1687 2961 illos
1713 2931 1910 2979 tgnor05
1936 2916 2321 2978 quandoquidem
2348 2927 2393 2960 te
2415 2932 2531 2979 quo—

258 3005 347 3050 que
379 2988 475 3034 dtis
508 2988 760 3034 lmntmtcum
789 2994 941 3053 puto?

386 3067 443 3112 Et
483 3067 548 3112 sic
587 3067 794 3128 primum
829 3066 1103 3114 Theodorus
1138 3055 1301 3119 ἄθεος
1336 3069 1486 3115 dictus
1522 3077 1623 3115 est:
1669 3070 1973 3131 postmodum
2015 3086 2129 3116 vero
2164 3059 2290 3120 θεὸς
2325 3072 2525 3123 audivit,

256 3145 389 3204 quasi
423 3145 572 3197 Deus,
601 3143 665 3191 ob
699 3145 890 3191 stultam
926 3160 1058 3191 suam
1092 3147 1456 3192 consensionem
1477 3148 1524 3192 in
1558 3147 1781 3209 Stilponis
1814 3147 1974 3194 verba.
2013 3149 2128 3193 Nam
2154 3164 2260 3194 cum
2288 3149 2437 3211 Stilpo
2462 3141 2529 3194 de

257 3229 422 3281 negata
450 3221 687 3267 Minervae
711 3221 974 3274 divinitate,
1005 3236 1141 3268 causa
1165 3222 1312 3275 dicta,
1342 3238 1398 3268 ex
1428 3223 1677 3285 Areopago
1702 3223 1871 3276 exiret,
1899 3231 1943 3270 et
1978 3225 2086 3271 satis
2115 3239 2163 3270 se
2192 3239 2430 3271 excusasse
2461 3226 2529 3271 vi-

257 3296 476 3351 deretur,
505 3313 612 3343 cum
639 3299 906 3344 asseruisset
930 3298 1060 3344 illam
1085 3313 1180 3343 non
1205 3314 1304 3344 esse
1327 3300 1500 3351 Deum,
1529 3299 1611 3347 sed
1634 3301 1801 3352 Deam,
1830 3301 1950 3346 Deos
1974 3300 2204 3361 siquidem
2228 3317 2379 3350 mares
2400 3317 2524 3360 esse3

256 3375 410 3436 iurgio
447 3390 472 3421 a
501 3375 751 3422 Theodoro
785 3384 1003 3438 exceptus
1033 3384 1129 3422 est:
1150 3363 1328 3422 πόθεν
1366 3363 1420 3418 33
1459 3363 1570 3436 ᾔδει
1607 3389 1761 3420 τουτο
1793 3371 2060 3432 Στίλπωνς
2087 3391 2112 3424 n
2153 3367 2407 3443 ἀνασύρας
2443 3371 2527 3421 αὑ-

255 3462 344 3502 της
378 3439 464 3496 τὸν
500 3463 655 3498 κῆπον
695 3441 987 3509 ἐθεασατος
1027 3452 1158 3498 Unde
1191 3451 1280 3498 hoc
1306 3463 1502 3500 noverat
1527 3453 1712 3516 Stilpo?
1744 3455 1873 3502 Num
1900 3453 2093 3503 sublata
2121 3467 2262 3506 veste,
2294 3455 2395 3501 eius
2418 3454 2527 3502 hor-

258 3537 384 3577 tum,
422 3526 478 3573 id.
505 3539 574 3574 est
605 3529 883 3591 pudendum
915 3529 1169 3579 muliebre,
1203 3530 1551 3592 contemplatus
1573 3529 1780 3591 suerat?
1815 3531 2282 3595 (La3r1.11.116.)
2315 3533 2436 3578 Hinc
2468 3532 2527 3578 ab

256 3603 505 3663 Euryclide
540 3595 829 3656 ἀθεότητος
866 3606 1127 3668 postulatus
1159 3606 1283 3668 apud
1320 3607 1632 3673 areopagitas,
1660 3607 1834 3654 iudicio
1862 3616 2052 3670 ereptus
2083 3624 2108 3655 a
2140 3610 2376 3656 Demetrio
2409 3610 2528 3656 Pha—

258 3677 408 3733 lereo,
440 3681 499 3729 ad
532 3682 848 3732 Ptolemaeum
882 3683 1102 3744 Lagidem
1137 3682 1371 3744 confugit,
1398 3683 1800 3744 quemadmodum
1831 3693 1877 3731 et
1911 3686 2011 3747 ipse
2043 3702 2234 3748 quoque
2266 3688 2526 3734 Demetrius

258 3769 353 3800 non
391 3758 543 3804 multo
575 3768 708 3821 post3
746 3762 952 3810 Laertius
986 3761 1033 3806 in
1068 3761 1308 3822 Aristippo
1343 3759 1432 3821 (ΙΙ.
1469 3762 1576 3806 101.
1598 3759 1640 3821 ),
1677 3760 1785 3807 licet
1819 3777 1874 3807 ex
1909 3763 2221 3826 Amphicratis
2253 3765 2526 3810 auctoritate

257 3830 427 3878 scribat
456 3835 652 3881 cicutam
688 3835 885 3891 bibisse,
912 3836 1084 3883 iudicio
1120 3837 1504 3883 condemnatum:
1533 3853 1685 3899 neque
1711 3838 1888 3885 discors
1913 3849 1982 3886 est
2015 3841 2273 3902 Hesychius
2299 3841 2520 3887 milesius.

2576 395 2589 407 ⁸
2611 390 2659 419 ed.
2679 387 2855 435 μιλτξσιος.
