2970 4420
1156 286 1212 317 ΒΕ
1246 285 1507 318 τηεοοοιιῐς.
2370 272 2460 318 199

213 370 476 419 Theodorus
506 372 636 418 Gaza
656 382 764 435 post
792 373 1038 418 Averroe’m
1066 373 1206 420 modo
1229 389 1314 420 suo
1340 370 1604 420 Aristotelis
1633 381 1819 418 textum
1848 368 2088 419 vertendo,
2120 369 2169 414 in
2203 372 2365 435 capita
2393 388 2464 417 se-

211 449 334 500 cuit.
363 460 407 495 et
438 460 546 512 post
576 464 682 494 eum
705 449 847 495 multi
876 449 971 495 alii
992 437 1370 514 interpretes,'ut
1402 448 1750 513 Argyropulus,
1769 445 2058 506 „Bessariom
2087 446 2266 508 aliique
2293 465 2379 510 pro
2404 449 2464 494 li.

212 525 373 571 bidine
404 525 616 588 quisque.
653 526 780 571 Nam
805 526 1072 573 Aristotelis
1106 526 1242 578 libri,
1273 538 1385 572 ante
1419 526 1720 590 interpretes,
1750 540 1842 571 uno
1866 535 2024 568 tenore
2054 522 2354 586 legebantur,
2383 542 2465 571 nec

210 613 347 647 erant
382 601 600 647 distincti
630 613 716 648 aut
751 601 802 647 in
836 603 1024 666 capita,
1061 615 1147 649 aut
1181 603 1231 649 in
1264 618 1495 653 summas,
1531 614 1616 648 aut
1652 601 1701 648 in
1734 600 1862 647 alias
1894 599 2138 649 sectiones,
2168 615 2287 661 quas
2321 600 2467 646 inter-

181 672 192 692 *
206 679 364 742 pretes
392 678 544 742 primi
568 679 819 726 induxere.
862 680 991 726 Unde
1015 681 1080 741 sit
1110 691 1163 726 ut
1187 679 1418 742 antiquae
1449 679 1676 726 editiones
1700 693 1893 742 operum
1917 676 2182 724 Aristotelis
2205 675 2339 727 Aldi,
2368 677 2468 723 sine

211 755 496 801 sectionibus
532 767 580 800 et
616 755 926 802 divisionibus
965 756 1077 803 ullis
1119 756 1397 804 videantur:
1433 772 1526 802 non
1567 755 1694 801 enim
1731 765 1944 800 secuerat
1975 751 2286 816 philosophus
2325 753 2469 799 libros

211 849 342 883 suos,
373 832 458 878 sed
477 833 694 878 oratione
721 834 1248 899 continuascripserat,
1281 845 1334 879 ut
1356 845 1403 880 et
1430 833 1632 879 Plinius.
1669 832 1905 894 Quidquid
1937 832 1994 877 sit
2026 830 2086 876 de
2109 830 2382 884 Aristotele,
2410 831 2469 877 de

213 911 363 956 Plinio
388 911 526 972 plane
551 911 718 957 falsum
749 921 840 964 est,
870 927 1070 974 namque
1100 912 1179 958 ille
1210 919 1360 957 totum
1388 911 1606 957 historiae
1635 925 1744 956 suae
1775 908 1950 974 librum
1978 910 2180 970 primum
2205 909 2253 954 in
2280 924 2336 955 eo
2360 924 2470 955 con-

212 989 437 1048 sumpsit3
470 995 516 1032 et
543 987 600 1033 ad
626 989 954 1050 Vespasianum
982 988 1215 1051 praefatus
1240 988 1416 1034 fuerat:
1453 987 1569 1049 quia
1598 985 1986 1050 occupationibus
2012 985 2108 1030 tuis
2128 984 2324 1048 publico
2352 985 2470 1031 bono

206 1063 505 1125 parcendum
537 1075 667 1116 erat,
698 1065 817 1128 quid
845 1065 1049 1129 singulis
1076 1065 1379 1111 contineatur
1405 1063 1565 1115 libris,
1593 1063 1705 1109 huic
1729 1062 1954 1127 epistolae
1975 1061 2230 1112 subiunxi,
2259 1078 2472 1122 summa-

213 1156 304 1202 que
327 1156 468 1191 cura.
499 1157 558 1186 ne
585 1143 895 1206 perlegendos
917 1159 995 1188 eos
1020 1139 1241 1192 haberes.
1271 1157 1466 1205 operam
1491 1141 1618 1186 dedi.
1660 1142 1724 1186 Tu
1740 1157 1830 1204 per
1854 1139 1962 1190 hoc,
1992 1151 2044 1184 et,
2061 1139 2172 1185 aliis
2199 1139 2472 1202 praestabis

213 1232 272 1262 ne
294 1219 565 1280 perlegant.
603 1219 698 1264 Sed
720 1231 772 1264 ut
801 1219 997 1282 quisque
1021 1218 1358 1265 desideraverit
1382 1217 1593 1280 aliquid,
1623 1217 1676 1263 id
1699 1229 1888 1263 tantum
1913 1227 2136 1279 quaerat,
2165 1227 2209 1262 et
2235 1216 2356 1262 sciat
2381 1233 2472 1279 quo

216 1293 317 1338 loco
353 1293 580 1341 inveniat.

344 1372 408 1415 Ex
445 1370 576 1418 libris
609 1371 669 1418 de
703 1372 978 1419 animalibus
1009 1387 1153 1418 unum
1186 1373 1376 1425 exemit,
1413 1380 1460 1417 et
1490 1371 1703 1417 ordinem
1738 1372 1936 1432 aliorum
1970 1371 2246 1421 immutavit.
2286 1371 2472 1432 lpse‘in

216 1461 298 1493 sua
333 1447 632 1510 praefatione.
671 1450 767 1495 Sed
795 1448 1248 1513 quamquam‘libris
1271 1464 1433 1494 novem
1467 1448 1796 1511 interpretatio
1821 1447 1938 1493 haec
1961 1446 2272 1493 historiarum
2305 1463 2473 1492 consu-

215 1539 404 1576 matur,
435 1539 595 1573 tamen
629 1526 719 1591 qui
745 1544 897 1574 nonus
928 1529 977 1574 in
1000 1527 1273 1591 exemplari
1301 1542 1475 1590 graeco
1507 1525 1794 1576 continetur,
1823 1524 1948 1571 hunc
1979 1541 2077 1588 ego
2099 1525 2350 1589 septimum
2382 1525 2473 1570 col-

216 1604 394 1655 locavi,
432 1622 516 1651 nec
549 1618 720 1651 temere
746 1606 944 1668 sactum
985 1606 1228 1652 existimo.
1265 1604 1442 1668 Agitur
1473 1604 1600 1649 enim
1635 1603 1685 1648 in
1718 1620 1772 1649 eo
1805 1604 1862 1649 de
1895 1602 2100 1648 hominis
2133 1604 2439 1666 generatione
2458 1641 2468 1653 ,

216 1697 363 1743 quam
397 1698 497 1728 rem
529 1682 802 1728 Aristoteles
835 1683 1058 1728 continuo
1092 1699 1124 1728 a
1155 1682 1463 1747 generatione
1495 1680 1783 1727 animalium
1810 1681 2065 1744 pollicetur
2096 1681 2469 1744 eoeplicat-urum.

217 1760 390 1820 Itaque
422 1775 530 1804 cum
563 1759 730 1821 quinto
763 1771 807 1804 et
839 1771 976 1805 sea-to
1011 1771 1272 1806 ceterorum
1305 1757 1593 1804 animalium
1625 1757 1978 1822 generationem
2009 1758 2322 1821 exposuisset,
2353 1757 2478 1803 nulli

218 1834 417 1880 dubium
441 1851 538 1881 esse
563 1835 717 1886 debet,
747 1835 863 1899 quin
895 1835 975 1883 ille
1008 1835 1261 1899 septimum
1288 1834 1413 1881 hunc
1436 1834 1699 1881 collocarit.
1735 1834 1832 1880 Sed
1853 1834 2093 1898 Apellicon
2120 1834 2274 1885 Teius,
2305 1834 2362 1879 de
2384 1851 2475 1896 quo

217 1910 390 1956 Strabo
426 1912 596 1974 plura,
636 1924 690 1958 ut
723 1912 827 1958 alia
858 1913 1103 1976 permulta
1144 1913 1195 1958 in
1233 1912 1557 1960 exscribendis
1598 1911 1866 1958 Aristotelis
1899 1911 2033 1957 libris
2066 1911 2370 1974 depravavit,
2409 1911 2478 1957 sic

213 1998 510 2049 permutasse
535 1986 744 2041 videtur,
771 1989 1061 2035 existimans
1084 1989 1308 2035 ultimum
1330 2006 1426 2035 esse
1450 1989 1595 2035 totius
1620 1987 1850 2041 historiae
1873 1987 2220 2038 collocandum,
2249 1987 2477 2050 quoniam

218 2081 327 2110 cum
356 2065 628 2112 Aristoteles
661 2070 806 2131 agere
843 2067 902 2113 de
935 2067 1242 2132 generatione
1280 2067 1532 2131 inciperet,
1572 2066 1740 2113 ultimo
1774 2067 1874 2112 loco
1913 2066 1972 2112 de
2009 2065 2197 2111 homine
2237 2065 2478 2140 dicturum

214 2142 457 2204 pollicitus
489 2156 574 2189 est.
612 2146 677 2191 Et
707 2157 818 2191 sunt
851 2145 1000 2191 etiam
1035 2145 1338 2209 exemplaria
1363 2157 1466 2191 tum
1495 2151 1675 2209 graeca
1711 2156 1812 2190 tum
1844 2144 1992 2191 etiam
2025 2144 2204 2195 latina,
2234 2159 2357 2206 quae
2389 2142 2479 2189 ha-

221 2218 330 2267 bent
349 2221 692 2284 fragmentum
716 2223 966 2286 quoddam
998 2222 1213 2269 historiis
1246 2222 1494 2269 additum:
1530 2222 1615 2268 sed
1646 2222 1700 2268 id
1731 2238 1903 2268 causas
1934 2222 2170 2284 quasdam
2204 2220 2479 2268 materiales

218 2299 505 2360 agentesque
527 2298 851 2362 generationis
874 2299 1117 2345 humanae
1146 2299 1368 2363 exponit,
1398 2317 1492 2346 non
1522 2298 1775 2345 historiam
1808 2295 2150 2362 complectitur.
2187 2299 2359 2361 Itaque
2384 2314 2479 2344 non

222 2374 347 2419 inter
380 2372 611 2421 historiae
641 2375 786 2422 libros
819 2375 907 2422 hoc
935 2393 1022 2440 ego
1049 2377 1323 2441 ponendum
1357 2377 1498 2423 duxi.
1536 2377 1631 2422 Sed
1660 2375 1705 2422 si
1724 2375 2050 2422 collocandum
2082 2375 2271 2438 uspiam
2301 2387 2390 2427 est,
2419 2376 2478 2422 li-

222 2451 320 2498 bris
351 2453 409 2498 de
443 2453 773 2515 generatione,
803 2470 905 2500 meo
937 2455 1127 2517 quidem
1163 2454 1363 2505 iudicio,
1391 2439 1790 2518 coniungendum.

350 2530 498 2575 Vertit
535 2531 646 2576 item
681 2529 906 2577 homilias
941 2531 1148 2596 quinque
1182 2531 1415 2588 Iohannis
1449 2531 1763 2595 chrysostomi
1796 2531 1854 2576 de
1890 2530 2353 2595 incomprehensibili
2387 2530 2481 2576 Dei

224 2615 431 2655 natura.
460 2606 705 2668 impressas
728 2622 834 2653 cum
859 2609 1020 2654 ceteris
1043 2609 1359 2670 Chrysostomi
1388 2609 1541 2655 latinis
1565 2608 1804 2671 operibus.
1842 2607 2008 2654 Scribit
2033 2617 2186 2655 autem
2210 2608 2480 2655 Theodorus

225 2684 275 2728 in
311 2683 596 2745 praefatione
627 2683 886 2746 superbas
915 2686 1153 2739 homilias,
1180 2688 1317 2732 etiam
1347 2684 1572 2733 Mauritii
1603 2678 1906 2750 imperatoris
1935 2685 2080 2733 libros
2112 2686 2170 2731 de
2201 2703 2252 2732 re
2273 2684 2483 2731 militari

224 2760 429 2806 vertisse.
465 2761 694 2806 Paschalis
726 2761 906 2811 Gallus.
933 2771 977 2808 et
999 2745 1238 2809 'lohannes
1269 2763 1548 2810 Schenchius
1582 2763 1790 2809 scribunt
1823 2763 2080 2810 videndum
2109 2779 2207 2810 esse
2240 2779 2298 2808 an
2330 2763 2480 2808 Theo-

220 2834 371 2885 dorus
404 2839 518 2883 Gaza
553 2839 743 2884 verterit
777 2837 1074 2903 aphorismos
1104 2839 1432 2902 Hippocratis.

354 2916 419 2960 Ex
450 2915 596 2960 latino
625 2930 738 2961 vero
771 2916 820 2961 in
850 2931 1066 2977 graecum
1099 2933 1362 2964 sermonem
1396 2918 1628 2964 transtulit
1664 2917 1897 2963 Ciceronis
1930 2917 1987 2962 de
2020 2929 2252 2963 senectute
2275 2917 2473 2968 librum,

226 3003 271 3036 et
301 2991 539 3037 somnium
563 2991 821 3055 Scipionis,
849 3008 968 3054 quae
994 2993 1237 3055 aliquoties
1260 2995 1350 3039 iam
1376 2983 1481 3040 sunt
1506 3010 1688 3041 excusa.
1726 2996 1840 3041 Item
1864 2989 2097 3040 Iohannis
2119 2993 2367 3040 Michaelis
2390 2996 2481 3040 Sa-

225 3069 482 3116 vonarolae
510 3070 737 3133 patavini
768 3070 826 3116 de
854 3069 1287 3134 physiognomonia
1320 3072 1520 3123 librum,
1557 3088 1655 3118 una
1688 3088 1796 3118 cum
1829 3072 1950 3118 libro
1984 3072 2041 3117 de
2075 3072 2275 3122 balneis,
2314 3071 2482 3118 lohan-

226 3161 307 3192 nes
340 3147 564 3208 Georgius
594 3147 875 3193 Schenchius
897 3149 944 3193 in
966 3146 1186 3194 biblioth.
1215 3148 1409 3194 medica.
1447 3148 1715 3212 Epistolam
1741 3148 1810 3194 ad
1835 3148 2086 3193 Lentulum
2111 3147 2324 3210 primam
2356 3148 2482 3193 Cice-

229 3222 381 3281 ronis,
410 3231 463 3269 ut
495 3223 637 3270 refert
673 3224 880 3270 Andreas
913 3224 1126 3270 Schottus
1159 3225 1340 3271 tullian.
1374 3234 1551 3287 quaest.
1587 3223 1670 3270 lib.
1700 3226 1775 3270 lv.
1809 3239 1910 3286 cap.
1950 3227 2032 3275 12,
2060 3225 2271 3285 quamvis
2302 3224 2351 3270 id
2386 3241 2480 3272 non

227 3309 357 3346 certo
393 3301 607 3347 affirmet.
645 3301 894 3356 Quomodo
925 3301 1035 3347 item
1068 3317 1092 3348 a
1128 3302 1375 3349 Theodoro
1406 3303 1545 3356 Gaza,
1579 3303 1674 3348 sive
1703 3317 1800 3363 quo
1828 3301 1946 3353 alio.
1978 3301 2172 3347 Nicolai
2206 3302 2256 3347 V.
2293 3301 2485 3347 romani

224 3376 468 3440 pontificis
500 3377 750 3440 epistolam
781 3378 840 3424 ad
869 3379 1217 3426 Constantinum
1251 3380 1467 3426 ultimum
1495 3380 1775 3425 Graecorum
1803 3379 2149 3440 imperatorem.
2187 3379 2355 3425 Graece
2379 3374 2483 3425 Iati-

231 3468 380 3515 neque
411 3453 530 3523 hanc
562 3455 709 3501 edidit
742 3455 972 3501 Arcudius
1002 3457 1123 3502 inter
1154 3456 1379 3518 opuscula
1413 3471 1550 3502 aurea
1583 3457 1755 3502 Romae
1793 3456 1933 3503 1630.

332 3532 484 3578 “Inter
515 3530 812 3579 Theodorum
842 3540 886 3579 et
918 3533 1170 3578 Gemistum
1205 3533 1461 3579 simultates
1492 3532 1656 3585 fuisse,
1693 3540 1738 3578 et
1771 3532 1910 3580 variis
1941 3548 1989 3579 se
2022 3534 2230 3595 scriptis,
2258 3533 2378 3580 dicta
2412 3549 2482 3579 re-

231 3605 463 3661 fellendo,
491 3622 576 3654 nec
607 3609 705 3655 sine
738 3609 948 3655 convicio
979 3609 1279 3671 proscidisse,
1309 3615 1413 3655 cum
1448 3624 1534 3655 nos
1566 3610 1615 3654 in
1648 3617 1842 3655 tractatu
1877 3608 1937 3656 de
1969 3625 2183 3656 mensura
2219 3618 2484 3672 temporum

231 3682 529 3744 antiquorum
564 3684 663 3731 fuse
692 3685 1018 3748 probavimus,
1056 3694 1155 3731 tum
1190 3687 1356 3748 scripta
1391 3701 1554 3732 eorum
1592 3686 1876 3748 apertissime
1909 3685 2123 3733 reboant.
2161 3688 2280 3734 Hinc
2314 3687 2484 3733 factum

233 3767 324 3812 est,
350 3768 402 3806 ut
435 3761 511 3807 alii
539 3762 698 3809 Graeci
722 3777 776 3809 ea
798 3764 898 3826 ipsa
928 3772 1095 3816 aetate,
1125 3763 1232 3810 licet
1260 3764 1497 3810 minorum
1529 3763 1735 3825 gentium
1768 3763 1857 3816 dii,
1882 3764 1930 3810 in
1966 3765 2115 3811 varias
2148 3765 2271 3811 scissi
2304 3773 2479 3827 partes,

233 3835 351 3883 alius
373 3837 648 3893 Gemistum,
673 3839 790 3886 alius
811 3840 1109 3893 Theodorum
1124 3875 1134 3894 ‚
1161 3840 1359 3903 vulgatis
1388 3838 1718 3903 scriptionibus
1741 3843 2136 3903 oppugnaverint,
2165 3842 2237 3889 vel
2263 3841 2483 3888 defende—
