2970 4420
1231 253 1288 286 niz
1318 251 1499 285 mems-
1931 264 1936 269 -
2421 232 2484 277 25

249 342 317 390 ris
347 357 500 389 canon
533 340 582 387 in
607 350 794 386 sanctos
819 350 992 403 septem
1023 354 1214 403 pueros,
1243 351 1287 386 et
1315 338 1523 403 ipsorum
1545 345 1746 382 matrem
1780 331 2018 379 Salomen.
2056 331 2217 377 Primo
2253 331 2330 377 die
2358 347 2485 378 men-

252 419 318 467 sis
350 417 563 482 augusti.

369 536 518 582 XXII.
554 536 648 581 Nec
669 549 765 581 non
787 534 967 581 Nicetas
999 535 1271 586 scutariota‚
1301 534 1430 580 cuius
1462 531 1690 579 rhetorica
1724 529 1891 591 legitur
1915 527 2098 574 Parisiis
2128 527 2176 571 in
2207 523 2488 570 bibliotheca

251 614 372 675 regis
405 611 660 659 Gallorum.
700 605 755 653 P.
781 598 902 654 ’Ότι
938 597 1019 654 δεῖ
1045 601 1155 662 τοῖς
1182 601 1277 654 τῶν
1305 600 1532 673 ἀρχαίων
1563 595 1887 670 ἐντυγχάνειν
1917 591 2309 668 συγγράμμασι.
2344 601 2490 646 Pusil-·-

251 690 350 737 lum
385 688 637 736 admodum
663 703 806 750 opus3
834 703 948 750 quas
969 704 1082 735 vero
1110 689 1232 734 vires
1254 686 1446 740 habeat,
1477 687 1631 732 dicent
1657 683 1827 747 quibus
1849 681 1968 728 illud
1990 681 2203 727 evolvere
2228 678 2486 740 contigerit.

379 803 542 850 XXIII.
579 804 646 849 De
668 803 852 849 Nicetae
880 802 1122 849 choniatae
1150 801 1213 864 (1)
1236 802 1329 847 vita
1354 816 1409 846 ex
1433 800 1644 862 professo
1672 798 1767 860 egit
1793 799 1952 843 Petrus
1979 793 2199 841 Morellus
2227 794 2274 838 in
2300 791 2494 853 epistola

252 881 311 928 ad
336 881 589 927 Iohannem
613 879 1037 927 Sanctandreanum
1060 878 1368 926 carcasnensis
1388 878 1606 924 ecclesiae
1627 876 1896 927 diaconum,
1917 887 2058 935 quam
2079 870 2160 917 ille
2183 885 2237 916 ex
2261 868 2493 915 Michaelis

253 964 492 1011 choniatae
523 963 743 1010 monodia
767 964 816 1008 in
839 964 1044 1009 Nicetam
1071 961 1285 1013 fratrem,
1313 969 1359 1007 et
1385 975 1440 1006 ex
1462 959 1680 1006 thesauro
1706 956 1993 1005 orthodoxae
2017 954 2125 1000 fidei
2149 953 2423 1013 collegerat,
2450 959 2495 996 et

254 1042 340 1103 ipsi
366 1025 583 1087 thesauro
610 1039 863 1086 subiunxit.
899 1041 993 1086 Nos
1025 1054 1140 1085 vero
1170 1036 1394 1084 nonnulla
1428 1036 1516 1083 alia
1552 1052 1607 1083 ex
1639 1035 1844 1082 eiusdem
1866 1034 2053 1088 ,Nicetae
2088 1030 2277 1076 histor-la
2305 1027 2495 1088 aliisque

252 1118 506 1164 trademus.
545 1119 648 1163 Fuit
680 1117 756 1163 hic
778 1117 957 1162 Nicetas
988 1115 1148 1178 gentili
1186 1115 1374 1161 nomine
1406 1116 1725 1166 Acominatus‚
1757 1128 1783 1159 e
1815 1111 1986 1158 Chonis
2015 1108 2237 1169 Phrygiae
2269 1104 2409 1158 urhe,
2441 1120 2497 1150 ex

252 1210 344 1256 qua
367 1195 619 1241 oriundum
645 1208 692 1239 se
714 1194 954 1255 gloriatur.
983 1193 1036 1238 In
1059 1191 1312 1244 Balduino‚
1343 1206 1482 1253 agens
1502 1191 1561 1236 de
1584 1205 1696 1252 pace
1718 1190 1828 1235 inita
1851 1203 1934 1250 per
1950 1185 2244 1232 Theodorum
2265 1181 2495 1228 Lascarim

255 1288 360 1317 cum
392 1273 532 1318 Iconii
565 1271 775 1324 sultano,
802 1278 847 1316 et
879 1269 938 1316 de
961 1267 1156 1315 urbibus
1188 1269 1315 1315 illius
1346 1283 1508 1315 socero
1530 1267 1728 1314 Manueli
1751 1268 2069 1312 Maurozomae
2096 1261 2347 1311 concessis,
2377 1260 2497 1304 inter

256 1348 399 1400 alias,
434 1349 614 1395 Chonas
647 1363 835 1409 quoque
870 1361 1148 1399 numerans,
1187 1345 1368 1391 scribit.
1383 1332 1556 1428 μέρος
1591 1332 1821 1404 ἀπένειμε
1857 1355 1943 1392 της
1979 1329 2142 1403 ἀρχῆς
2176 1327 2248 1399 τῷ
2281 1322 2498 1395 κηδεστκ

259 1415 444 1469 ἐκείνου
473 1413 727 1471 Μανουηλ
755 1414 829 1487 τῷ
854 1410 1203 1506 Μαυροζῶμη
1229 1408 1407 1465 τάδε
1377 1434 1431 1467 ην
1463 1411 1589 1481 ἐμοῦ
1614 1409 1710 1463 τοῦ
1737 1432 1854 1483 συγ.
1846 1405 2113 1482 Μραφεως
2093 1403 2291 1460 Νικήτα
2313 1424 2495 1471 πατρις

256 1516 310 1546 αι
350 1492 539 1547 Χωναι.
574 1503 768 1547 Partem
802 1498 992 1562 tmperii
1024 1497 1239 1544 Manueli
1269 1499 1604 1543 Maurozomae
1644 1496 1790 1542 illzus
1805 1508 1960 1541 socero
1997 1501 2236 1538 conc-essu.
2272 1490 2347 1535 Εα
2379 1505 2499 1553 pars

255 1591 393 1626 erant
417 1577 623 1627 Chonae,
653 1576 749 1622 mei
770 1575 1016 1639 scriptorzs
1037 1574 1233 1621 Nzcetae
1251 1586 1439 1639 patrea.
1468 1576 1522 1620 Et
1541 1574 1625 1620 lib.
1647 1575 1722 1621 VI.
1743 1574 1830 1618 int
1816 1573 2025 1618 Manuele
2050 1569 2113 1614 de
2131 1566 2312 1613 eodem.
2345 1555 2498 1609 ’Ana'-

258 1682 350 1730 ρας
374 1680 459 1710 ουν
481 1679 567 1716 της
592 1651 870 1721 βασιλίδος
891 1654 986 1708 τοῖν
1009 1652 1223 1716 πόλεων,
1245 1653 1461 1725 ΦρυΓίαν
1484 1676 1549 1706 τε
1562 1676 1644 1706 και
1672 1650 1977 1706 Λαοδίκειαν
2008 1647 2250 1706 ὃιελθων,
2279 1645 2501 1709 ἅφικνει·

257 1757 341 1788 1ναι
374 1733 421 1795 ἐς
453 1730 633 1793 Χώνας
666 1729 819 1785 πόλιν
855 1727 1130 1801 εὐδαίμονα
1163 1754 1244 1784 και
1284 1728 1551 1803 μεγοίλκν,
1578 1729 1742 1783 παλαι
1771 1754 1863 1792 τας
1892 1730 2202 1798 Παλασσας,
2239 1738 2500 1800 (Palassas

258 1823 420 1868 vitiose
437 1820 525 1882 legi
544 1834 632 1882 pro
650 1818 882 1870 Colossas,
906 1818 1276 1864 animadvertunt
1294 1818 1586 1864 Abrahamus
1604 1819 1869 1865 Hortelius
1859 1835 1904 1865 111
1926 1820 2143 1867 thesauro
2161 1821 2471 1883 geographico
2486 1855 2497 1872 ‚

258 1907 305 1945 et
328 1899 640 1959 Hieronymus
656 1894 861 1944 Wolfius
881 1896 931 1941 ⁴in
956 1897 1078 1941 notis
1103 1896 1161 1941 ad
1183 1895 1307 1941 hunc
1327 1895 1481 1941 locum
1497 1886 1517 1956 )”
1535 1884 1622 1941 τὴν
1647 1885 1776 1958 ἐμοῦ
1798 1887 1892 1939 τοῦ
1918 1887 2244 1961 συγΓραφέως
2269 1885 2500 1959 παὛρίὸα.

264 1975 383 2021 Urbe
408 1974 648 2039 digressus
662 1989 752 2036 per
768 1971 1037 2036 Phrygiam
1061 1982 1106 2017 et
1123 1971 1431 2023 Laodiceam,
1454 1971 1660 2024 ChonaS,
1684 1972 1797 2018 olim
1818 1974 2065 2024 Palassas‚
2087 1975 2249 2020 urbem
2270 1989 2503 2038 magnam

259 2063 304 2098 ec
330 2051 555 2102 beatam„
569 2049 788 2113 patriam
813 2063 991 2099 meam,
1010 2049 1243 2113 pervenit.
1280 2050 1336 2095 Et
1361 2050 1541 2096 Chonas
1560 2050 1717 2102 hasce,
1746 2051 1947 2096 asianam
1971 2050 2100 2096 illam
2126 2067 2224 2097 esse
2247 2051 2499 2099 civitatem,

259 2144 400 2191 quam
438 2128 544 2174 data
576 2126 771 2189 epistola
792 2126 960 2173 Paulus
985 2126 1245 2189 apostolus,
1274 2143 1379 2174 cum
1400 2126 1620 2174 scriberet
1642 2126 1851 2174 Colossas
1874 2128 2068 2180 dictam,
2096 2127 2379 2181 nobilitavit,
2408 2127 2506 2172 col-

261 2206 420 2268 ligitur
441 2221 498 2252 ex
523 2203 730 2250 eiusdem
763 2203 964 2250 thesauri
996 2202 1122 2250 libro
1146 2205 1221 2250 lv.
1251 2220 1352 2267 cap.
1380 2207 1460 2250 22.
1490 2205 1539 2250 in
1568 2220 1663 2267 quo
1690 2204 1843 2251 locum
1872 2221 1926 2251 ex
1949 2205 2143 2267 epistola
2178 2205 2301 2250 illius
2333 2203 2392 2249 ad
2419 2203 2506 2249 Co-

223 2288 226 2289 ’
261 2284 489 2330 Iossenses
521 2281 776 2334 adducenS,
805 2280 988 2327 scribit:
1026 2270 1092 2332 ὥς
1121 2271 1145 2323 ὁ
1175 2271 1386 2333 Παῦλος
1417 2271 1462 2326 ἐν
1490 2271 1552 2341 τῇ
1576 2270 1700 2343 πρὸς
1727 2271 1846 2333 τοὺς
1873 2270 2278 2344 πατριώταςμοι
2310 2275 2507 2324 Κολοσ·

263 2350 369 2411 σεῖς
406 2348 652 2418 ε’πιστολῇ
684 2348 959 2420 θεολογεῗ.
998 2359 1057 2404 Ut
1087 2359 1268 2404 Paulus
1299 2358 1349 2404 in
1380 2358 1580 2422 epistola
1614 2358 1684 2404 ad
1707 2371 2035 2405 conterraneos
2065 2375 2191 2405 meos
2227 2359 2507 2405 Colossenses
2568 2379 2574 2381 s

264 2435 339 2482 liis
375 2435 525 2481 verbis
561 2433 820 2498 theologice
838 2433 1219 2499 philosophatur.
1256 2436 1312 2481 Et
1342 2435 1552 2482 Colossas
1585 2436 1698 2482 olim
1725 2443 1881 2498 postea
1909 2444 2087 2482 mutato
2111 2436 2298 2481 nomine
2325 2434 2506 2480 Chonas

190 2570 197 2577 .
261 2514 459 2566 dictam,
487 2511 658 2575 probat
685 2511 907 2558 Morellus
939 2527 995 2558 ex
1027 2512 1175 2559 lexico
1201 2514 1517 2574 manuscripto
1540 2514 1812 2566 Vascosani‚
1840 2528 1988 2574 eoque
2022 2514 2328 2558 vetustissimo
2359 2512 2508 2556 mani-

263 2590 352 2637 bus
373 2589 610 2636 cuiusdam
635 2604 692 2635 ex
714 2589 947 2636 Michaelis
969 2589 1105 2635 Pselli
1130 2589 1419 2636 auditoribus
1442 2589 1674 2652 descripto
1704 2590 1766 2652 (2)
1783 2625 1794 2643 ‚
1821 2591 1867 2635 in
1892 2606 1988 2651 quo
2011 2589 2274 2651 legebatur,
2315 2582 2507 2630 Κολοσ-

267 2657 351 2710 σαὶ
391 2654 543 2716 πόλις
569 2658 832 2728 Φρυγίας,
860 2656 914 2708 αἱ
954 2656 1034 2710 νῦν
1066 2654 1347 2727 λεγόμεναι
1381 2657 1570 2710 Χῶναι·
1601 2654 1722 2710 ὅθεν
1752 2654 1838 2710 καὶ
1869 2657 2198 2717 Κολασσαεῖς
2231 2661 2316 2723 (3).
2355 2664 2507 2709 Colos-

263 2759 346 2788 sae
371 2741 482 2787 urbs
507 2739 772 2803 Plzrygzae,
802 2756 924 2803 quae
949 2757 1075 2787 fauno
1103 2741 1288 2787 Clzonae
1309 2742 1510 2793 szeztar
1541 2742 1663 2788 unde
1686 2755 1730 2788 et
1759 2744 2054 2788 Colossenses.
2082 2745 2134 2788 Et
2161 2742 2346 2804 probari
2375 2755 2507 2801 prae-

266 2830 388 2866 terea
423 2826 575 2881 potest
605 2834 661 2863 ex
691 2818 990 2863 Constantino
1020 2819 1419 2880 porphyrogenito
1452 2821 1500 2864 in
1531 2820 1731 2865 themate
1761 2821 2106 2866 Thrausiorum.
2147 2806 2409 2861 Κολοσσαῖ
2447 2806 2502 2858 αἶ

266 2887 350 2942 νῦν
379 2883 660 2957 λεγομέναι
691 2885 894 2946 Χωναι,
922 2880 982 2936 οὑ
1012 2885 1115 2937 ἐστι
1147 2908 1261 2946 ναος
1291 2883 1568 2950 διαβόητος
1595 2886 1690 2938 τοῦ
1717 2885 2051 2959 οἷρχαΓγέλου
2078 2883 2318 2958 Μιχαήλ.
2357 2893 2505 2938 Colos-

265 2989 371 3023 sae,
406 2981 530 3035 quae
563 2988 687 3016 nunc·
722 2969 932 3020 Clconae,
969 2970 1053 3016 ubl
1080 2970 1254 3020 ss'zsztar
1285 2971 1634 3016 celeberrzmum
1667 2973 1892 3035 templum
1928 2971 2175 3018 Mi'clzae'lzs
2205 2967 2501 3031 arclzangell.

266 3052 426 3111 Neque
460 3048 669 3094 dissentit
691 3047 1061 3110 Theophylactus
1083 3057 1332 3094 comment.
1363 3049 1412 3093 in
1445 3048 1613 3094 dictam
1637 3049 1879 3111 epistolam
1904 3050 2047 3095 Pauli.
2080 3036 2245 3098 Πόλις
2271 3039 2504 3120 Φρυγίας

269 3117 323 3170 αἱ
363 3114 661 3178 Κολοσσαι,
689 3115 743 3167 αἱ
776 3137 856 3169 νυν
892 3113 1155 3184 λεΓόμεναι
1186 3115 1388 3177 Χωναι,
1417 3138 1499 3167 και
1533 3113 1739 3172 δῆλον’
1722 3138 1772 3168 εκ
1803 3139 1892 3169 του
1925 3138 2012 3172 την
2039 3111 2343 3167 Ααοὸικειαν
2374 3119 2502 3166 εἶναι

265 3197 492 3249 πλησιᾞον
531 3200 772 3265 Phrygiae
795 3201 906 3247 urbs
932 3213 998 3247 est
1026 3202 1259 3253 Colossae,
1287 3217 1410 3264 qaae
1437 3218 1562 3247 nuno
1587 3201 1765 3248 defleatur
1783 3201 2010 3251 Cleonae,
2033 3201 2161 3264 quod
2187 3200 2296 3246 mde
2319 3217 2506 3263 perspl-

267 3295 407 3325 caum
442 3290 535 3328 est,
565 3279 692 3341 quod
722 3278 958 3324 Laodceea
992 3277 1102 3324 hucc-
1133 3291 1195 3324 sa
1231 3278 1403 3325 viczna.
1441 3281 1496 3324 [t
1515 3294 1584 3324 ex
1618 3278 1951 3325 recentioribus
1982 3277 2185 3325 Wolfius
2217 3280 2265 3323 in
2293 3278 2414 3323 notis
2448 3276 2506 3322 ad

269 3356 351 3403 lib.
385 3357 462 3402 Vl.
493 3356 762 3417 .Choniatae.
805 3356 933 3401 Unde
969 3355 1180 3418 suspicor
1217 3355 1472 3402 Clzonz‘atas
1500 3367 1607 3419 post
1641 3357 1929 3419 appellatos,
1966 3355 2050 3419 qui
2082 3355 2195 3401 olim
2228 3356 2507 3401 Colossenses

269 3431 390 3478 dicti
411 3431 577 3493 suere,
606 3431 674 3477 ad
701 3448 815 3494 quos
847 3431 1045 3495 epistola
1079 3432 1179 3478 divi
1211 3432 1356 3478 Pauli
1383 3443 1539 3478 extat.

399 3510 586 3555 Possent
618 3509 918 3556 nihilominus
950 3510 1055 3555 huic
1080 3512 1144 3556 rei
1167 3510 1459 3556 difficultates
1482 3510 1674 3572 opponi.
1711 3511 1919 3571 Namque
1952 3510 2152 3572 populos
2173 3526 2229 3556 ex
2253 3502 2338 3557 hac
2362 3512 2507 3571 Phry-

269 3602 382 3645 gum
405 3584 524 3632 urbe
546 3595 680 3632 vocat
703 3586 868 3633 Strabo
894 3588 907 3602 ’
933 3587 1220 3633 Colossenos.
1260 3576 1580 3637 Κολοσσαεῖς
1605 3601 1715 3633 vero
1740 3587 2039 3638 Colossenses,
2064 3587 2317 3634 multorum
2342 3588 2507 3634 suffra-

357 3716 406 3757 (1)
431 3716 475 3753 111
499 3715 618 3763 primo
642 3726 729 3753 casu
753 3716 914 3754 Allatius
938 3716 1153 3764 plerumque
1178 3715 1372 3752 choniates
1394 3714 1543 3759 scribit,
1569 3714 1634 3752 sed
1658 3714 1844 3752 interdum
1866 3716 1978 3754 etiam
2003 3717 2185 3754 choniata
2208 3719 2253 3754 A.
2280 3718 2331 3754 Μ.

357 3776 406 3817 (2)
432 3775 549 3812 11111110
573 3776 689 3823 ipsius
714 3776 825 3812 Pselli
849 3776 991 3813 lexicon
1016 3786 1185 3824 graecum
1213 3786 1270 3812 me
1293 3776 1333 3811 in
1359 3774 1548 3812 codicibus
1571 3775 1760 3814 observare
1783 3776 1896 3824 probe
1922 3777 2086 3814 memini.
2112 3780 2157 3813 A.
2185 3778 2237 3814 M.

356 3836 405 3876 (3)
433 3837 650 3878 Κολοσσαεῖς
674 3841 711 3873 et
736 3839 956 3879 Κολασσαεῖς
983 3837 1095 3873 variat
1121 3835 1157 3872 In
1177 3835 1263 3883 Ipsis
1283 3838 1353 3878 τοῖς
1378 3837 1464 3873 πάνυ
1488 3835 1614 3873 bibliis
1632 3836 1818 3874 vaticanis.
1843 3837 1937 3875 Ibid.
1956 3837 2065 3875 etiam
2091 3838 2122 3873 ἐν
2149 3839 2360 3880 Κολοσσαῖς.
2390 3839 2431 3874 Α.
2451 3836 2502 3871 Μ.

2251 3911 2274 3943 4

2552 3584 2566 3597 ·
2586 3580 2649 3609 Lib.
2668 3580 2732 3610 XII.
2747 3579 2827 3608 circa

2553 3616 2657 3645 tinem.
