<?xml version="1.0" encoding="UTF-8"?>
<!DOCTYPE html PUBLIC "-//W3C//DTD XHTML 1.0 Transitional//EN"
    "http://www.w3.org/TR/xhtml1/DTD/xhtml1-transitional.dtd">
<html xmlns="http://www.w3.org/1999/xhtml" xml:lang="en" lang="en">
 <head>
  <title>
</title>
<meta http-equiv="Content-Type" content="text/html;charset=utf-8" />
  <meta name='ocr-system' content='tesseract 3.04.00' />
  <meta name='ocr-capabilities' content='ocr_page ocr_carea ocr_par ocr_line ocrx_word'/>
</head>
<body>
  <div class='ocr_page' id='page_1' title='image "./novaepatrumbibli06maiauoft/novaepatrumbibli06maiauoft_0343.png"; bbox 0 0 2970 4420; ppageno 0'>
   <div class='ocr_carea' id='block_1_1' title="bbox 1165 288 2479 333">
    <p class='ocr_par' dir='ltr' id='par_1_1' title="bbox 1165 288 2479 333">
     <span class='ocr_line' id='line_1_1' title="bbox 1165 288 2479 333; baseline 0.002 -2"><span class='ocrx_word' id='word_1_1' title='bbox 1165 301 1221 331; x_wconf 79' lang='lat' dir='ltr'>m:</span> <span class='ocrx_word' id='word_1_2' title='bbox 1254 298 1517 332; x_wconf 70' lang='lat' dir='ltr'>rnnonoms.</span> <span class='ocrx_word' id='word_1_3' title='bbox 2390 288 2479 333; x_wconf 82' lang='lat'>105</span> 
     </span>
    </p>
   </div>
   <div class='ocr_carea' id='block_1_2' title="bbox 190 383 2486 3976">
    <p class='ocr_par' dir='ltr' id='par_1_2' title="bbox 200 383 2486 2587">
     <span class='ocr_line' id='line_1_2' title="bbox 339 383 2481 449; baseline 0 -15"><span class='ocrx_word' id='word_1_4' title='bbox 339 385 530 439; x_wconf 87' lang='lat' dir='ltr'>Dicent,</span> <span class='ocrx_word' id='word_1_5' title='bbox 562 383 737 433; x_wconf 86' lang='lat' dir='ltr'>facinus</span> <span class='ocrx_word' id='word_1_6' title='bbox 769 383 859 432; x_wconf 91' lang='lat' dir='ltr'>hoc</span> <span class='ocrx_word' id='word_1_7' title='bbox 887 398 983 432; x_wconf 87' lang='lat' dir='ltr'>non</span> <span class='ocrx_word' id='word_1_8' title='bbox 1012 400 1112 433; x_wconf 89' lang='lat' dir='ltr'>esse</span> <span class='ocrx_word' id='word_1_9' title='bbox 1145 394 1308 433; x_wconf 88' lang='lat' dir='ltr'>natum</span> <span class='ocrx_word' id='word_1_10' title='bbox 1336 385 1462 449; x_wconf 90' lang='lat' dir='ltr'>apud</span> <span class='ocrx_word' id='word_1_11' title='bbox 1489 383 1596 432; x_wconf 86' lang='lat' dir='ltr'>illos</span> <span class='ocrx_word' id='word_1_12' title='bbox 1627 397 1831 437; x_wconf 86' lang='lat' dir='ltr'>novum,</span> <span class='ocrx_word' id='word_1_13' title='bbox 1859 383 1941 430; x_wconf 90' lang='lat' dir='ltr'>sed</span> <span class='ocrx_word' id='word_1_14' title='bbox 1969 383 2155 445; x_wconf 91' lang='lat' dir='ltr'>culpam</span> <span class='ocrx_word' id='word_1_15' title='bbox 2186 385 2481 434; x_wconf 83' lang='lat' dir='ltr'>referendam</span> 
     </span>
     <span class='ocr_line' id='line_1_3' title="bbox 210 459 2478 525; baseline 0 -14"><span class='ocrx_word' id='word_1_16' title='bbox 210 479 309 511; x_wconf 85' lang='lat' dir='ltr'>esse</span> <span class='ocrx_word' id='word_1_17' title='bbox 342 465 390 510; x_wconf 88' lang='lat' dir='ltr'>in</span> <span class='ocrx_word' id='word_1_18' title='bbox 425 462 748 525; x_wconf 79' lang='lat' dir='ltr'>sigebertum,</span> <span class='ocrx_word' id='word_1_19' title='bbox 782 470 829 509; x_wconf 87' lang='lat' dir='ltr'>et</span> <span class='ocrx_word' id='word_1_20' title='bbox 865 462 1059 510; x_wconf 89' lang='lat' dir='ltr'>Paulum</span> <span class='ocrx_word' id='word_1_21' title='bbox 1095 463 1386 525; x_wconf 85' lang='lat' dir='ltr'>Aemylium,</span> <span class='ocrx_word' id='word_1_22' title='bbox 1414 463 1495 524; x_wconf 93' lang='lat' dir='ltr'>qui</span> <span class='ocrx_word' id='word_1_23' title='bbox 1528 469 1634 508; x_wconf 89' lang='lat' dir='ltr'>ante</span> <span class='ocrx_word' id='word_1_24' title='bbox 1663 477 1711 508; x_wconf 93' lang='lat' dir='ltr'>se</span> <span class='ocrx_word' id='word_1_25' title='bbox 1746 459 1959 507; x_wconf 80' lang='lat' dir='ltr'>fraudem</span> <span class='ocrx_word' id='word_1_26' title='bbox 1993 460 2113 507; x_wconf 88' lang='lat' dir='ltr'>hanc</span> <span class='ocrx_word' id='word_1_27' title='bbox 2148 474 2478 525; x_wconf 82' lang='lat' dir='ltr'>conceperunt.</span> 
     </span>
     <span class='ocr_line' id='line_1_4' title="bbox 211 536 2483 602; baseline -0 -14"><span class='ocrx_word' id='word_1_28' title='bbox 211 543 374 588; x_wconf 82' lang='lat' dir='ltr'>Dicent</span> <span class='ocrx_word' id='word_1_29' title='bbox 409 540 626 602; x_wconf 88' lang='lat' dir='ltr'>equidem</span> <span class='ocrx_word' id='word_1_30' title='bbox 648 575 658 592; x_wconf 86' lang='lat'>,</span> <span class='ocrx_word' id='word_1_31' title='bbox 693 539 774 587; x_wconf 90' lang='lat' dir='ltr'>sed</span> <span class='ocrx_word' id='word_1_32' title='bbox 808 539 980 587; x_wconf 88' lang='lat' dir='ltr'>callido</span> <span class='ocrx_word' id='word_1_33' title='bbox 1017 539 1281 587; x_wconf 90' lang='lat' dir='ltr'>mendacio.</span> <span class='ocrx_word' id='word_1_34' title='bbox 1319 541 1641 602; x_wconf 87' lang='lat' dir='ltr'>Proponamus</span> <span class='ocrx_word' id='word_1_35' title='bbox 1674 536 1819 585; x_wconf 87' lang='lat' dir='ltr'>verba</span> <span class='ocrx_word' id='word_1_36' title='bbox 1855 537 2082 599; x_wconf 83' lang='lat' dir='ltr'>Sigeberti</span> <span class='ocrx_word' id='word_1_37' title='bbox 2116 546 2216 584; x_wconf 89' lang='lat' dir='ltr'>tum</span> <span class='ocrx_word' id='word_1_38' title='bbox 2254 554 2307 584; x_wconf 88' lang='lat' dir='ltr'>ex</span> <span class='ocrx_word' id='word_1_39' title='bbox 2344 541 2483 587; x_wconf 90' lang='lat' dir='ltr'>chro-</span> 
     </span>
     <span class='ocr_line' id='line_1_5' title="bbox 212 615 2486 680; baseline -0.001 -15"><span class='ocrx_word' id='word_1_40' title='bbox 212 620 341 670; x_wconf 89' lang='lat' dir='ltr'>nico,</span> <span class='ocrx_word' id='word_1_41' title='bbox 379 626 478 664; x_wconf 89' lang='lat' dir='ltr'>tum</span> <span class='ocrx_word' id='word_1_42' title='bbox 505 633 560 664; x_wconf 80' lang='lat' dir='ltr'>ex</span> <span class='ocrx_word' id='word_1_43' title='bbox 587 616 714 664; x_wconf 90' lang='lat' dir='ltr'>libro</span> <span class='ocrx_word' id='word_1_44' title='bbox 742 616 803 664; x_wconf 92' lang='lat' dir='ltr'>de</span> <span class='ocrx_word' id='word_1_45' title='bbox 831 617 1138 680; x_wconf 74' lang='lat' dir='ltr'>scriptoribus</span> <span class='ocrx_word' id='word_1_46' title='bbox 1173 617 1308 679; x_wconf 89' lang='lat' dir='ltr'>(cap.</span> <span class='ocrx_word' id='word_1_47' title='bbox 1338 618 1417 668; x_wconf 81' lang='lat'>81,</span> <span class='ocrx_word' id='word_1_48' title='bbox 1440 616 1454 678; x_wconf 95' lang='lat'>)</span> <span class='ocrx_word' id='word_1_49' title='bbox 1493 616 1689 664; x_wconf 78' lang='lat' dir='ltr'>Carolus</span> <span class='ocrx_word' id='word_1_50' title='bbox 1714 615 1980 678; x_wconf 81' lang='lat' dir='ltr'>imperator</span> <span class='ocrx_word' id='word_1_51' title='bbox 1999 631 2088 678; x_wconf 88' lang='lat' dir='ltr'>per</span> <span class='ocrx_word' id='word_1_52' title='bbox 2115 631 2315 661; x_wconf 85' lang='lat' dir='ltr'>manum</span> <span class='ocrx_word' id='word_1_53' title='bbox 2340 618 2486 662; x_wconf 83' lang='lat' dir='ltr'>Pauli</span> 
     </span>
     <span class='ocr_line' id='line_1_6' title="bbox 211 691 2484 757; baseline -0.002 -15"><span class='ocrx_word' id='word_1_54' title='bbox 211 694 411 742; x_wconf 78' lang='lat' dir='ltr'>di&#39;acom</span> <span class='ocrx_word' id='word_1_55' title='bbox 440 711 514 741; x_wconf 81' lang='lat' dir='ltr'>sut</span> <span class='ocrx_word' id='word_1_56' title='bbox 556 694 806 757; x_wconf 79' lang='lat' dir='ltr'>decerpens</span> <span class='ocrx_word' id='word_1_57' title='bbox 839 694 1022 757; x_wconf 86' lang='lat' dir='ltr'>optima</span> <span class='ocrx_word' id='word_1_58' title='bbox 1061 708 1275 757; x_wconf 84' lang='lat' dir='ltr'>quaeque</span> <span class='ocrx_word' id='word_1_59' title='bbox 1310 693 1368 739; x_wconf 89' lang='lat' dir='ltr'>de</span> <span class='ocrx_word' id='word_1_60' title='bbox 1403 692 1593 757; x_wconf 77' lang='lat' dir='ltr'>scriptis</span> <span class='ocrx_word' id='word_1_61' title='bbox 1625 691 1972 739; x_wconf 74' lang='lat' dir='ltr'>catholicorum</span> <span class='ocrx_word' id='word_1_62' title='bbox 2001 703 2227 755; x_wconf 82' lang='lat' dir='ltr'>patrum,</span> <span class='ocrx_word' id='word_1_63' title='bbox 2265 692 2484 739; x_wconf 79' lang='lat' dir='ltr'>lectiones</span> 
     </span>
     <span class='ocr_line' id='line_1_7' title="bbox 190 767 2486 837; baseline -0.001 -19.982"><span class='ocrx_word' id='word_1_64' title='bbox 190 771 467 837; x_wconf 85' lang='lat' dir='ltr'>unicuique</span> <span class='ocrx_word' id='word_1_65' title='bbox 487 770 759 832; x_wconf 46' lang='lat' dir='ltr'>sestthttatz</span> <span class='ocrx_word' id='word_1_66' title='bbox 782 770 1106 816; x_wconf 74' lang='lat' dir='ltr'>convenientes</span> <span class='ocrx_word' id='word_1_67' title='bbox 1132 785 1224 833; x_wconf 85' lang='lat' dir='ltr'>per</span> <span class='ocrx_word' id='word_1_68' title='bbox 1254 768 1486 815; x_wconf 85' lang='lat' dir='ltr'>circulum</span> <span class='ocrx_word' id='word_1_69' title='bbox 1520 786 1638 815; x_wconf 74' lang='lat' dir='ltr'>anni</span> <span class='ocrx_word' id='word_1_70' title='bbox 1670 769 1720 814; x_wconf 90' lang='lat' dir='ltr'>in</span> <span class='ocrx_word' id='word_1_71' title='bbox 1748 768 1944 814; x_wconf 85' lang='lat' dir='ltr'>ecclesia</span> <span class='ocrx_word' id='word_1_72' title='bbox 1972 767 2200 831; x_wconf 82' lang='lat' dir='ltr'>legendas</span> <span class='ocrx_word' id='word_1_73' title='bbox 2228 768 2486 832; x_wconf 80' lang='lat' dir='ltr'>compi&#39;lari</span> 
     </span>
     <span class='ocr_line' id='line_1_8' title="bbox 200 844 2483 910; baseline -0.001 -17"><span class='ocrx_word' id='word_1_74' title='bbox 200 847 329 910; x_wconf 77' lang='lat' dir='ltr'>fecit</span> <span class='ocrx_word' id='word_1_75' title='bbox 358 847 409 892; x_wconf 89' lang='lat' dir='ltr'>in</span> <span class='ocrx_word' id='word_1_76' title='bbox 443 846 626 893; x_wconf 85' lang='lat' dir='ltr'>duobus</span> <span class='ocrx_word' id='word_1_77' title='bbox 651 847 985 894; x_wconf 72' lang='lat' dir='ltr'>volumi&#39;.mbus</span> <span class='ocrx_word' id='word_1_78' title='bbox 1023 848 1090 893; x_wconf 90' lang='lat' dir='ltr'>De</span> <span class='ocrx_word' id='word_1_79' title='bbox 1123 847 1229 892; x_wconf 82' lang='lat' dir='ltr'>vitis</span> <span class='ocrx_word' id='word_1_80' title='bbox 1255 853 1546 900; x_wconf 86' lang='lat' dir='ltr'>sanctorum,</span> <span class='ocrx_word' id='word_1_81' title='bbox 1574 846 1634 893; x_wconf 92' lang='lat' dir='ltr'>de</span> <span class='ocrx_word' id='word_1_82' title='bbox 1665 846 1886 908; x_wconf 86' lang='lat' dir='ltr'>hymnis</span> <span class='ocrx_word' id='word_1_83' title='bbox 1864 862 1922 891; x_wconf 80' lang='lat' dir='ltr'>in</span> <span class='ocrx_word' id='word_1_84' title='bbox 1946 845 2042 898; x_wconf 87' lang='lat' dir='ltr'>his,</span> <span class='ocrx_word' id='word_1_85' title='bbox 2071 860 2129 890; x_wconf 90' lang='lat' dir='ltr'>ne</span> <span class='ocrx_word' id='word_1_86' title='bbox 2157 844 2356 891; x_wconf 86' lang='lat' dir='ltr'>verbum</span> <span class='ocrx_word' id='word_1_87' title='bbox 2381 848 2483 907; x_wconf 90' lang='lat' dir='ltr'>qui-</span> 
     </span>
     <span class='ocr_line' id='line_1_9' title="bbox 211 921 2484 987; baseline -0.001 -16"><span class='ocrx_word' id='word_1_88' title='bbox 211 925 338 971; x_wconf 89' lang='lat' dir='ltr'>dem.</span> <span class='ocrx_word' id='word_1_89' title='bbox 376 926 477 980; x_wconf 87' lang='lat' dir='ltr'>Qua</span> <span class='ocrx_word' id='word_1_90' title='bbox 503 923 657 971; x_wconf 87' lang='lat' dir='ltr'>fronte</span> <span class='ocrx_word' id='word_1_91' title='bbox 680 939 795 987; x_wconf 88' lang='lat' dir='ltr'>ergo</span> <span class='ocrx_word' id='word_1_92' title='bbox 818 924 1014 978; x_wconf 90' lang='lat' dir='ltr'>dicitur,</span> <span class='ocrx_word' id='word_1_93' title='bbox 1043 939 1098 971; x_wconf 86' lang='lat' dir='ltr'>ex</span> <span class='ocrx_word' id='word_1_94' title='bbox 1122 924 1195 970; x_wconf 92' lang='lat' dir='ltr'>his</span> <span class='ocrx_word' id='word_1_95' title='bbox 1221 921 1446 985; x_wconf 88' lang='lat' dir='ltr'>Sigeberti</span> <span class='ocrx_word' id='word_1_96' title='bbox 1470 923 1653 976; x_wconf 87' lang='lat' dir='ltr'>verbis,</span> <span class='ocrx_word' id='word_1_97' title='bbox 1680 932 1726 970; x_wconf 91' lang='lat' dir='ltr'>et</span> <span class='ocrx_word' id='word_1_98' title='bbox 1749 923 1868 969; x_wconf 83' lang='lat' dir='ltr'>vitas</span> <span class='ocrx_word' id='word_1_99' title='bbox 1890 930 2185 974; x_wconf 88' lang='lat' dir='ltr'>sanctorum,</span> <span class='ocrx_word' id='word_1_100' title='bbox 2213 931 2259 968; x_wconf 89' lang='lat' dir='ltr'>et</span> <span class='ocrx_word' id='word_1_101' title='bbox 2283 921 2484 983; x_wconf 85' lang='lat' dir='ltr'>hymnos</span> 
     </span>
     <span class='ocr_line' id='line_1_10' title="bbox 213 998 2485 1063; baseline -0.001 -16"><span class='ocrx_word' id='word_1_102' title='bbox 213 1001 341 1047; x_wconf 82' lang='lat' dir='ltr'>sestis</span> <span class='ocrx_word' id='word_1_103' title='bbox 374 1001 707 1047; x_wconf 83' lang='lat' dir='ltr'>convenientes</span> <span class='ocrx_word' id='word_1_104' title='bbox 740 1016 767 1047; x_wconf 90' lang='lat' dir='ltr'>a</span> <span class='ocrx_word' id='word_1_105' title='bbox 799 1001 969 1048; x_wconf 87' lang='lat' dir='ltr'>Carolo</span> <span class='ocrx_word' id='word_1_106' title='bbox 1004 1001 1207 1063; x_wconf 91' lang='lat' dir='ltr'>primum</span> <span class='ocrx_word' id='word_1_107' title='bbox 1236 1001 1512 1046; x_wconf 88' lang='lat' dir='ltr'>constitutos</span> <span class='ocrx_word' id='word_1_108' title='bbox 1544 999 1715 1046; x_wconf 80' lang='lat' dir='ltr'>fuisse?</span> <span class='ocrx_word' id='word_1_109' title='bbox 1748 1001 1806 1046; x_wconf 89' lang='lat' dir='ltr'>Et</span> <span class='ocrx_word' id='word_1_110' title='bbox 1835 998 2078 1061; x_wconf 92' lang='lat' dir='ltr'>quomodo</span> <span class='ocrx_word' id='word_1_111' title='bbox 2104 999 2283 1061; x_wconf 88' lang='lat' dir='ltr'>primus</span> <span class='ocrx_word' id='word_1_112' title='bbox 2312 1000 2485 1045; x_wconf 88' lang='lat' dir='ltr'>consti-</span> 
     </span>
     <span class='ocr_line' id='line_1_11' title="bbox 212 1075 2484 1141; baseline -0 -17"><span class='ocrx_word' id='word_1_113' title='bbox 212 1079 326 1131; x_wconf 85' lang='lat' dir='ltr'>tuit,</span> <span class='ocrx_word' id='word_1_114' title='bbox 351 1079 433 1140; x_wconf 91' lang='lat' dir='ltr'>qui</span> <span class='ocrx_word' id='word_1_115' title='bbox 457 1094 515 1125; x_wconf 84' lang='lat' dir='ltr'>ex</span> <span class='ocrx_word' id='word_1_116' title='bbox 546 1078 885 1125; x_wconf 87' lang='lat' dir='ltr'>catholicorum</span> <span class='ocrx_word' id='word_1_117' title='bbox 909 1086 1098 1141; x_wconf 88' lang='lat' dir='ltr'>patrum</span> <span class='ocrx_word' id='word_1_118' title='bbox 1123 1078 1331 1139; x_wconf 85' lang='lat' dir='ltr'>scriptis,</span> <span class='ocrx_word' id='word_1_119' title='bbox 1358 1092 1478 1138; x_wconf 90' lang='lat' dir='ltr'>quae</span> <span class='ocrx_word' id='word_1_120' title='bbox 1511 1086 1617 1123; x_wconf 87' lang='lat' dir='ltr'>ante</span> <span class='ocrx_word' id='word_1_121' title='bbox 1642 1078 1796 1139; x_wconf 91' lang='lat' dir='ltr'>ipsum</span> <span class='ocrx_word' id='word_1_122' title='bbox 1828 1085 1986 1128; x_wconf 85' lang='lat' dir='ltr'>erant,</span> <span class='ocrx_word' id='word_1_123' title='bbox 2015 1075 2265 1138; x_wconf 78' lang='lat' dir='ltr'>decerpere</span> <span class='ocrx_word' id='word_1_124' title='bbox 2290 1076 2484 1123; x_wconf 90' lang='lat' dir='ltr'>Paulum</span> 
     </span>
     <span class='ocr_line' id='line_1_12' title="bbox 211 1152 2484 1217; baseline -0 -17"><span class='ocrx_word' id='word_1_125' title='bbox 211 1156 375 1201; x_wconf 79' lang='lat' dir='ltr'>iussit?</span> <span class='ocrx_word' id='word_1_126' title='bbox 409 1156 554 1202; x_wconf 82' lang='lat' dir='ltr'>Erant</span> <span class='ocrx_word' id='word_1_127' title='bbox 588 1171 702 1217; x_wconf 89' lang='lat' dir='ltr'>ergo</span> <span class='ocrx_word' id='word_1_128' title='bbox 740 1164 846 1202; x_wconf 88' lang='lat' dir='ltr'>ante</span> <span class='ocrx_word' id='word_1_129' title='bbox 869 1156 1086 1203; x_wconf 88' lang='lat' dir='ltr'>Carolum</span> <span class='ocrx_word' id='word_1_130' title='bbox 1115 1155 1342 1202; x_wconf 88' lang='lat' dir='ltr'>eiusmodi</span> <span class='ocrx_word' id='word_1_131' title='bbox 1376 1156 1547 1216; x_wconf 91' lang='lat' dir='ltr'>scripta</span> <span class='ocrx_word' id='word_1_132' title='bbox 1578 1155 1627 1199; x_wconf 92' lang='lat' dir='ltr'>in</span> <span class='ocrx_word' id='word_1_133' title='bbox 1660 1154 1875 1206; x_wconf 85' lang='lat' dir='ltr'>ecclesia,</span> <span class='ocrx_word' id='word_1_134' title='bbox 1904 1153 1986 1200; x_wconf 88' lang='lat' dir='ltr'>scd</span> <span class='ocrx_word' id='word_1_135' title='bbox 2019 1169 2123 1201; x_wconf 88' lang='lat' dir='ltr'>cum</span> <span class='ocrx_word' id='word_1_136' title='bbox 2151 1152 2209 1199; x_wconf 92' lang='lat' dir='ltr'>ab</span> <span class='ocrx_word' id='word_1_137' title='bbox 2243 1154 2484 1200; x_wconf 77' lang='lat' dir='ltr'>haereticis</span> 
     </span>
     <span class='ocr_line' id='line_1_13' title="bbox 212 1231 2484 1293; baseline 0 -16"><span class='ocrx_word' id='word_1_138' title='bbox 212 1232 334 1278; x_wconf 89' lang='lat' dir='ltr'>male</span> <span class='ocrx_word' id='word_1_139' title='bbox 369 1231 552 1286; x_wconf 87' lang='lat' dir='ltr'>habita,</span> <span class='ocrx_word' id='word_1_140' title='bbox 581 1241 628 1278; x_wconf 90' lang='lat' dir='ltr'>et</span> <span class='ocrx_word' id='word_1_141' title='bbox 658 1232 880 1279; x_wconf 86' lang='lat' dir='ltr'>addititiis</span> <span class='ocrx_word' id='word_1_142' title='bbox 916 1232 1141 1280; x_wconf 87' lang='lat' dir='ltr'>doctrinis</span> <span class='ocrx_word' id='word_1_143' title='bbox 1173 1240 1478 1293; x_wconf 87' lang='lat' dir='ltr'>conspurcata</span> <span class='ocrx_word' id='word_1_144' title='bbox 1515 1232 1660 1278; x_wconf 80' lang='lat' dir='ltr'>multa</span> <span class='ocrx_word' id='word_1_145' title='bbox 1687 1240 1922 1285; x_wconf 84' lang='lat' dir='ltr'>cerneret,</span> <span class='ocrx_word' id='word_1_146' title='bbox 1953 1231 2084 1277; x_wconf 89' lang='lat' dir='ltr'>iussit</span> <span class='ocrx_word' id='word_1_147' title='bbox 2110 1240 2156 1276; x_wconf 89' lang='lat' dir='ltr'>ut</span> <span class='ocrx_word' id='word_1_148' title='bbox 2192 1232 2394 1277; x_wconf 87' lang='lat' dir='ltr'>triticum</span> <span class='ocrx_word' id='word_1_149' title='bbox 2429 1247 2484 1278; x_wconf 87' lang='lat' dir='ltr'>ex</span> 
     </span>
     <span class='ocr_line' id='line_1_14' title="bbox 213 1307 2486 1372; baseline 0 -18"><span class='ocrx_word' id='word_1_150' title='bbox 213 1308 553 1355; x_wconf 84' lang='lat' dir='ltr'>catholicorum</span> <span class='ocrx_word' id='word_1_151' title='bbox 589 1310 795 1372; x_wconf 88' lang='lat' dir='ltr'>scriptis,</span> <span class='ocrx_word' id='word_1_152' title='bbox 823 1310 1004 1356; x_wconf 88' lang='lat' dir='ltr'>reiectis</span> <span class='ocrx_word' id='word_1_153' title='bbox 1037 1309 1302 1359; x_wconf 87' lang='lat' dir='ltr'>haereticis,</span> <span class='ocrx_word' id='word_1_154' title='bbox 1336 1307 1603 1369; x_wconf 87' lang='lat' dir='ltr'>eligeretur.</span> <span class='ocrx_word' id='word_1_155' title='bbox 1640 1310 1744 1354; x_wconf 88' lang='lat' dir='ltr'>Non</span> <span class='ocrx_word' id='word_1_156' title='bbox 1780 1310 1935 1369; x_wconf 90' lang='lat' dir='ltr'>itaque</span> <span class='ocrx_word' id='word_1_157' title='bbox 1970 1309 2068 1370; x_wconf 88' lang='lat' dir='ltr'>ipse</span> <span class='ocrx_word' id='word_1_158' title='bbox 2104 1309 2281 1371; x_wconf 86' lang='lat' dir='ltr'>primus</span> <span class='ocrx_word' id='word_1_159' title='bbox 2314 1311 2486 1355; x_wconf 86' lang='lat' dir='ltr'>consti-</span> 
     </span>
     <span class='ocr_line' id='line_1_15' title="bbox 213 1383 2485 1447; baseline 0 -16"><span class='ocrx_word' id='word_1_160' title='bbox 213 1387 318 1432; x_wconf 85' lang='lat' dir='ltr'>tuit.</span> <span class='ocrx_word' id='word_1_161' title='bbox 355 1387 471 1432; x_wconf 87' lang='lat' dir='ltr'>Tum</span> <span class='ocrx_word' id='word_1_162' title='bbox 501 1385 717 1440; x_wconf 90' lang='lat' dir='ltr'>demum,</span> <span class='ocrx_word' id='word_1_163' title='bbox 751 1402 810 1433; x_wconf 88' lang='lat' dir='ltr'>an</span> <span class='ocrx_word' id='word_1_164' title='bbox 833 1402 977 1433; x_wconf 91' lang='lat' dir='ltr'>unum</span> <span class='ocrx_word' id='word_1_165' title='bbox 1013 1394 1058 1432; x_wconf 89' lang='lat' dir='ltr'>et</span> <span class='ocrx_word' id='word_1_166' title='bbox 1089 1386 1214 1432; x_wconf 85' lang='lat' dir='ltr'>idem</span> <span class='ocrx_word' id='word_1_167' title='bbox 1243 1383 1355 1438; x_wconf 89' lang='lat' dir='ltr'>tibi,</span> <span class='ocrx_word' id='word_1_168' title='bbox 1383 1386 1568 1439; x_wconf 75' lang='lat' dir='ltr'>Rivete,</span> <span class='ocrx_word' id='word_1_169' title='bbox 1595 1385 1782 1431; x_wconf 87' lang='lat' dir='ltr'>videtur</span> <span class='ocrx_word' id='word_1_170' title='bbox 1812 1385 2065 1447; x_wconf 83' lang='lat' dir='ltr'>compilare</span> <span class='ocrx_word' id='word_1_171' title='bbox 2089 1384 2266 1438; x_wconf 87' lang='lat' dir='ltr'>facere,</span> <span class='ocrx_word' id='word_1_172' title='bbox 2292 1394 2337 1431; x_wconf 93' lang='lat' dir='ltr'>et</span> <span class='ocrx_word' id='word_1_173' title='bbox 2371 1402 2485 1433; x_wconf 91' lang='lat' dir='ltr'>con-</span> 
     </span>
     <span class='ocr_line' id='line_1_16' title="bbox 211 1453 2480 1526; baseline 0 -19"><span class='ocrx_word' id='word_1_174' title='bbox 211 1463 434 1509; x_wconf 75' lang='lat' dir='ltr'>stituere?</span> <span class='ocrx_word' id='word_1_175' title='bbox 467 1463 754 1526; x_wconf 88' lang='lat' dir='ltr'>Compilare,</span> <span class='ocrx_word' id='word_1_176' title='bbox 781 1472 850 1509; x_wconf 89' lang='lat' dir='ltr'>est</span> <span class='ocrx_word' id='word_1_177' title='bbox 882 1465 931 1509; x_wconf 92' lang='lat' dir='ltr'>in</span> <span class='ocrx_word' id='word_1_178' title='bbox 965 1478 1117 1511; x_wconf 88' lang='lat' dir='ltr'>unum</span> <span class='ocrx_word' id='word_1_179' title='bbox 1141 1477 1332 1523; x_wconf 86' lang='lat' dir='ltr'>cogere:</span> <span class='ocrx_word' id='word_1_180' title='bbox 1361 1453 1563 1524; x_wconf 79' lang='lat' dir='ltr'>primum</span> <span class='ocrx_word' id='word_1_181' title='bbox 1598 1463 1903 1512; x_wconf 77' lang='lat' dir='ltr'>constituere.</span> <span class='ocrx_word' id='word_1_182' title='bbox 1927 1470 1994 1507; x_wconf 88' lang='lat' dir='ltr'>est</span> <span class='ocrx_word' id='word_1_183' title='bbox 2024 1463 2227 1524; x_wconf 86' lang='lat' dir='ltr'>primum</span> <span class='ocrx_word' id='word_1_184' title='bbox 2258 1471 2480 1515; x_wconf 81' lang='lat' dir='ltr'>statuere,</span> 
     </span>
     <span class='ocr_line' id='line_1_17' title="bbox 213 1539 2485 1602; baseline 0 -16"><span class='ocrx_word' id='word_1_185' title='bbox 213 1554 503 1602; x_wconf 86' lang='lat' dir='ltr'>proponere,</span> <span class='ocrx_word' id='word_1_186' title='bbox 537 1539 806 1585; x_wconf 89' lang='lat' dir='ltr'>decernere.</span> <span class='ocrx_word' id='word_1_187' title='bbox 844 1539 1169 1602; x_wconf 82' lang='lat' dir='ltr'>Compilantur</span> <span class='ocrx_word' id='word_1_188' title='bbox 1201 1554 1321 1600; x_wconf 88' lang='lat' dir='ltr'>quae</span> <span class='ocrx_word' id='word_1_189' title='bbox 1356 1546 1489 1584; x_wconf 88' lang='lat' dir='ltr'>antea</span> <span class='ocrx_word' id='word_1_190' title='bbox 1521 1547 1683 1591; x_wconf 88' lang='lat' dir='ltr'>erant;</span> <span class='ocrx_word' id='word_1_191' title='bbox 1717 1539 1921 1601; x_wconf 90' lang='lat' dir='ltr'>primum</span> <span class='ocrx_word' id='word_1_192' title='bbox 1958 1540 2333 1594; x_wconf 86' lang='lat' dir='ltr'>constituuntur,</span> <span class='ocrx_word' id='word_1_193' title='bbox 2365 1555 2485 1601; x_wconf 91' lang='lat' dir='ltr'>quae</span> 
     </span>
     <span class='ocr_line' id='line_1_18' title="bbox 214 1617 2486 1679; baseline 0.001 -18"><span class='ocrx_word' id='word_1_194' title='bbox 214 1624 315 1662; x_wconf 90' lang='lat' dir='ltr'>tum</span> <span class='ocrx_word' id='word_1_195' title='bbox 348 1617 556 1678; x_wconf 89' lang='lat' dir='ltr'>primum</span> <span class='ocrx_word' id='word_1_196' title='bbox 590 1623 860 1662; x_wconf 88' lang='lat' dir='ltr'>nascuntur.</span> <span class='ocrx_word' id='word_1_197' title='bbox 898 1617 942 1662; x_wconf 90' lang='lat' dir='ltr'>Si</span> <span class='ocrx_word' id='word_1_198' title='bbox 977 1631 1092 1678; x_wconf 91' lang='lat' dir='ltr'>ergo</span> <span class='ocrx_word' id='word_1_199' title='bbox 1126 1624 1259 1662; x_wconf 87' lang='lat' dir='ltr'>erant</span> <span class='ocrx_word' id='word_1_200' title='bbox 1291 1623 1452 1670; x_wconf 88' lang='lat' dir='ltr'>antea,</span> <span class='ocrx_word' id='word_1_201' title='bbox 1479 1631 1574 1662; x_wconf 92' lang='lat' dir='ltr'>non</span> <span class='ocrx_word' id='word_1_202' title='bbox 1604 1617 1758 1678; x_wconf 84' lang='lat' dir='ltr'>potuit</span> <span class='ocrx_word' id='word_1_203' title='bbox 1790 1617 1968 1678; x_wconf 90' lang='lat' dir='ltr'>primus</span> <span class='ocrx_word' id='word_1_204' title='bbox 1999 1617 2305 1670; x_wconf 86' lang='lat' dir='ltr'>constituere,</span> <span class='ocrx_word' id='word_1_205' title='bbox 2333 1619 2486 1679; x_wconf 89' lang='lat' dir='ltr'>potuit</span> 
     </span>
     <span class='ocr_line' id='line_1_19' title="bbox 213 1692 2485 1755; baseline 0.001 -17"><span class='ocrx_word' id='word_1_206' title='bbox 213 1701 369 1739; x_wconf 86' lang='lat' dir='ltr'>tamen</span> <span class='ocrx_word' id='word_1_207' title='bbox 400 1694 497 1755; x_wconf 90' lang='lat' dir='ltr'>ipse</span> <span class='ocrx_word' id='word_1_208' title='bbox 530 1693 811 1755; x_wconf 83' lang='lat' dir='ltr'>compilare,</span> <span class='ocrx_word' id='word_1_209' title='bbox 840 1693 914 1739; x_wconf 72' lang='lat' dir='ltr'>vel</span> <span class='ocrx_word' id='word_1_210' title='bbox 949 1692 1101 1740; x_wconf 85' lang='lat' dir='ltr'>facere</span> <span class='ocrx_word' id='word_1_211' title='bbox 1134 1700 1184 1740; x_wconf 87' lang='lat' dir='ltr'>ut</span> <span class='ocrx_word' id='word_1_212' title='bbox 1213 1693 1380 1739; x_wconf 87' lang='lat' dir='ltr'>Paulus</span> <span class='ocrx_word' id='word_1_213' title='bbox 1410 1692 1705 1754; x_wconf 82' lang='lat' dir='ltr'>compilaret.</span> <span class='ocrx_word' id='word_1_214' title='bbox 1741 1693 1863 1738; x_wconf 89' lang='lat' dir='ltr'>Male</span> <span class='ocrx_word' id='word_1_215' title='bbox 1894 1707 2007 1753; x_wconf 88' lang='lat' dir='ltr'>ergo</span> <span class='ocrx_word' id='word_1_216' title='bbox 2040 1693 2217 1753; x_wconf 83' lang='lat' dir='ltr'>legeras</span> <span class='ocrx_word' id='word_1_217' title='bbox 2250 1693 2393 1740; x_wconf 76' lang='lat' dir='ltr'>verba</span> <span class='ocrx_word' id='word_1_218' title='bbox 2419 1696 2485 1741; x_wconf 86' lang='lat' dir='ltr'>Si-</span> 
     </span>
     <span class='ocr_line' id='line_1_20' title="bbox 214 1768 2479 1833; baseline 0 -17"><span class='ocrx_word' id='word_1_219' title='bbox 214 1769 415 1831; x_wconf 73' lang='lat' dir='ltr'>geberfi,</span> <span class='ocrx_word' id='word_1_220' title='bbox 446 1771 574 1831; x_wconf 89' lang='lat' dir='ltr'>peius</span> <span class='ocrx_word' id='word_1_221' title='bbox 608 1785 911 1833; x_wconf 86' lang='lat' dir='ltr'>conceperas,</span> <span class='ocrx_word' id='word_1_222' title='bbox 938 1772 1135 1833; x_wconf 88' lang='lat' dir='ltr'>pessime</span> <span class='ocrx_word' id='word_1_223' title='bbox 1159 1779 1236 1816; x_wconf 84' lang='lat' dir='ltr'>tua</span> <span class='ocrx_word' id='word_1_224' title='bbox 1262 1785 1351 1833; x_wconf 91' lang='lat' dir='ltr'>pro</span> <span class='ocrx_word' id='word_1_225' title='bbox 1378 1770 1504 1815; x_wconf 88' lang='lat' dir='ltr'>illius</span> <span class='ocrx_word' id='word_1_226' title='bbox 1528 1768 1684 1816; x_wconf 73' lang='lat' dir='ltr'>verbis</span> <span class='ocrx_word' id='word_1_227' title='bbox 1711 1769 1994 1822; x_wconf 74' lang='lat' dir='ltr'>divenditas,</span> <span class='ocrx_word' id='word_1_228' title='bbox 2022 1778 2065 1815; x_wconf 92' lang='lat' dir='ltr'>et</span> <span class='ocrx_word' id='word_1_229' title='bbox 2095 1770 2314 1816; x_wconf 87' lang='lat' dir='ltr'>lectorem</span> <span class='ocrx_word' id='word_1_230' title='bbox 2342 1771 2479 1817; x_wconf 83' lang='lat' dir='ltr'>fallis.</span> 
     </span>
     <span class='ocr_line' id='line_1_21' title="bbox 212 1846 2484 1909; baseline 0.001 -17"><span class='ocrx_word' id='word_1_231' title='bbox 212 1848 270 1892; x_wconf 89' lang='lat' dir='ltr'>Et</span> <span class='ocrx_word' id='word_1_232' title='bbox 303 1848 368 1893; x_wconf 88' lang='lat' dir='ltr'>sic</span> <span class='ocrx_word' id='word_1_233' title='bbox 403 1847 504 1893; x_wconf 89' lang='lat' dir='ltr'>talis</span> <span class='ocrx_word' id='word_1_234' title='bbox 538 1862 673 1893; x_wconf 91' lang='lat' dir='ltr'>error</span> <span class='ocrx_word' id='word_1_235' title='bbox 705 1848 754 1893; x_wconf 89' lang='lat' dir='ltr'>in</span> <span class='ocrx_word' id='word_1_236' title='bbox 789 1856 990 1909; x_wconf 88' lang='lat' dir='ltr'>utroque</span> <span class='ocrx_word' id='word_1_237' title='bbox 1021 1856 1229 1894; x_wconf 87' lang='lat' dir='ltr'>vestrum</span> <span class='ocrx_word' id='word_1_238' title='bbox 1262 1846 1365 1893; x_wconf 83' lang='lat' dir='ltr'>fuit.</span> <span class='ocrx_word' id='word_1_239' title='bbox 1404 1847 1532 1895; x_wconf 84' lang='lat' dir='ltr'>Pauli</span> <span class='ocrx_word' id='word_1_240' title='bbox 1565 1863 1680 1893; x_wconf 82' lang='lat' dir='ltr'>vero</span> <span class='ocrx_word' id='word_1_241' title='bbox 1707 1847 1909 1908; x_wconf 82' lang='lat' dir='ltr'>Aemylii</span> <span class='ocrx_word' id='word_1_242' title='bbox 1942 1847 2002 1892; x_wconf 88' lang='lat' dir='ltr'>de</span> <span class='ocrx_word' id='word_1_243' title='bbox 2035 1849 2171 1908; x_wconf 84' lang='lat' dir='ltr'>gestis</span> <span class='ocrx_word' id='word_1_244' title='bbox 2197 1850 2484 1895; x_wconf 81' lang='lat' dir='ltr'>Francorum</span> 
     </span>
     <span class='ocr_line' id='line_1_22' title="bbox 212 1923 2486 1987; baseline 0.001 -19"><span class='ocrx_word' id='word_1_245' title='bbox 212 1924 261 1968; x_wconf 90' lang='lat' dir='ltr'>in</span> <span class='ocrx_word' id='word_1_246' title='bbox 286 1923 454 1970; x_wconf 89' lang='lat' dir='ltr'>Carolo</span> <span class='ocrx_word' id='word_1_247' title='bbox 480 1923 588 1986; x_wconf 93' lang='lat' dir='ltr'>(ed.</span> <span class='ocrx_word' id='word_1_248' title='bbox 616 1924 754 1970; x_wconf 88' lang='lat' dir='ltr'>Basil.</span> <span class='ocrx_word' id='word_1_249' title='bbox 785 1940 834 1987; x_wconf 89' lang='lat' dir='ltr'>p.</span> <span class='ocrx_word' id='word_1_250' title='bbox 863 1924 943 1970; x_wconf 83' lang='lat'>65.</span> <span class='ocrx_word' id='word_1_251' title='bbox 965 1924 980 1987; x_wconf 93' lang='lat'>)</span> <span class='ocrx_word' id='word_1_252' title='bbox 1004 1923 1147 1971; x_wconf 88' lang='lat' dir='ltr'>verba</span> <span class='ocrx_word' id='word_1_253' title='bbox 1175 1932 1310 1971; x_wconf 81' lang='lat' dir='ltr'>sunt:</span> <span class='ocrx_word' id='word_1_254' title='bbox 1337 1923 1664 1972; x_wconf 71' lang='lat' dir='ltr'>vetustissimis</span> <span class='ocrx_word' id='word_1_255' title='bbox 1691 1923 2068 1987; x_wconf 73' lang='lat' dir='ltr'>exemplaribus,</span> <span class='ocrx_word' id='word_1_256' title='bbox 2098 1924 2366 1987; x_wconf 79' lang='lat' dir='ltr'>sanctisque</span> <span class='ocrx_word' id='word_1_257' title='bbox 2396 1942 2486 1971; x_wconf 87' lang='lat' dir='ltr'>au-</span> 
     </span>
     <span class='ocr_line' id='line_1_23' title="bbox 210 1999 2478 2065; baseline 0.001 -20"><span class='ocrx_word' id='word_1_258' title='bbox 210 1999 443 2050; x_wconf 85' lang='lat' dir='ltr'>ctoribus,</span> <span class='ocrx_word' id='word_1_259' title='bbox 481 2000 681 2064; x_wconf 82' lang='lat' dir='ltr'>imperio</span> <span class='ocrx_word' id='word_1_260' title='bbox 712 2018 890 2065; x_wconf 84' lang='lat' dir='ltr'>opeque</span> <span class='ocrx_word' id='word_1_261' title='bbox 926 2001 1087 2047; x_wconf 86' lang='lat' dir='ltr'>Caroli</span> <span class='ocrx_word' id='word_1_262' title='bbox 1115 2002 1327 2064; x_wconf 86' lang='lat' dir='ltr'>undique</span> <span class='ocrx_word' id='word_1_263' title='bbox 1358 2000 1664 2064; x_wconf 78' lang='lat' dir='ltr'>conquisitis,</span> <span class='ocrx_word' id='word_1_264' title='bbox 1701 2012 1975 2063; x_wconf 73' lang='lat' dir='ltr'>martyrum</span> <span class='ocrx_word' id='word_1_265' title='bbox 2009 2001 2130 2047; x_wconf 76' lang='lat' dir='ltr'>vitas</span> <span class='ocrx_word' id='word_1_266' title='bbox 2165 2014 2478 2065; x_wconf 85' lang='lat' dir='ltr'>mortemque,</span> 
     </span>
     <span class='ocr_line' id='line_1_24' title="bbox 214 2077 2484 2143; baseline 0.002 -21"><span class='ocrx_word' id='word_1_267' title='bbox 214 2093 274 2122; x_wconf 83' lang='lat' dir='ltr'>ac</span> <span class='ocrx_word' id='word_1_268' title='bbox 304 2089 568 2124; x_wconf 83' lang='lat' dir='ltr'>ceterorum</span> <span class='ocrx_word' id='word_1_269' title='bbox 602 2077 845 2129; x_wconf 75' lang='lat' dir='ltr'>divorum,</span> <span class='ocrx_word' id='word_1_270' title='bbox 875 2094 1064 2125; x_wconf 87' lang='lat' dir='ltr'>summa</span> <span class='ocrx_word' id='word_1_271' title='bbox 1101 2079 1330 2127; x_wconf 77' lang='lat' dir='ltr'>brevitate</span> <span class='ocrx_word' id='word_1_272' title='bbox 1354 2079 1648 2143; x_wconf 78' lang='lat' dir='ltr'>perstrinoeit</span> <span class='ocrx_word' id='word_1_273' title='bbox 1677 2078 1726 2124; x_wconf 88' lang='lat' dir='ltr'>in</span> <span class='ocrx_word' id='word_1_274' title='bbox 1755 2078 1943 2142; x_wconf 74' lang='lat' dir='ltr'>templis</span> <span class='ocrx_word' id='word_1_275' title='bbox 1970 2079 2218 2142; x_wconf 67' lang='lat' dir='ltr'>legendas.</span> <span class='ocrx_word' id='word_1_276' title='bbox 2252 2081 2378 2127; x_wconf 84' lang='lat' dir='ltr'>Nulli</span> <span class='ocrx_word' id='word_1_277' title='bbox 2409 2082 2484 2127; x_wconf 90' lang='lat' dir='ltr'>hic</span> 
     </span>
     <span class='ocr_line' id='line_1_25' title="bbox 214 2155 2485 2220; baseline 0.002 -19"><span class='ocrx_word' id='word_1_278' title='bbox 214 2155 377 2216; x_wconf 82' lang='lat' dir='ltr'>hymni</span> <span class='ocrx_word' id='word_1_279' title='bbox 406 2165 745 2203; x_wconf 86' lang='lat' dir='ltr'>memorantur.</span> <span class='ocrx_word' id='word_1_280' title='bbox 782 2158 1024 2203; x_wconf 83' lang='lat' dir='ltr'>Lectiones</span> <span class='ocrx_word' id='word_1_281' title='bbox 1056 2173 1172 2219; x_wconf 91' lang='lat' dir='ltr'>quas</span> <span class='ocrx_word' id='word_1_282' title='bbox 1196 2174 1375 2204; x_wconf 89' lang='lat' dir='ltr'>summa</span> <span class='ocrx_word' id='word_1_283' title='bbox 1407 2157 1634 2204; x_wconf 76' lang='lat' dir='ltr'>brevitate</span> <span class='ocrx_word' id='word_1_284' title='bbox 1668 2158 1936 2220; x_wconf 81' lang='lat' dir='ltr'>perstrinxit</span> <span class='ocrx_word' id='word_1_285' title='bbox 1960 2158 2153 2210; x_wconf 84' lang='lat' dir='ltr'>Paulus,</span> <span class='ocrx_word' id='word_1_286' title='bbox 2183 2173 2239 2203; x_wconf 83' lang='lat' dir='ltr'>ex</span> <span class='ocrx_word' id='word_1_287' title='bbox 2270 2161 2485 2205; x_wconf 88' lang='lat' dir='ltr'>vetustis-</span> 
     </span>
     <span class='ocr_line' id='line_1_26' title="bbox 214 2233 2485 2296; baseline 0.002 -18"><span class='ocrx_word' id='word_1_288' title='bbox 214 2234 342 2279; x_wconf 90' lang='lat' dir='ltr'>simis</span> <span class='ocrx_word' id='word_1_289' title='bbox 373 2233 740 2296; x_wconf 83' lang='lat' dir='ltr'>exemplaribus,</span> <span class='ocrx_word' id='word_1_290' title='bbox 769 2235 1029 2295; x_wconf 85' lang='lat' dir='ltr'>sanctisque</span> <span class='ocrx_word' id='word_1_291' title='bbox 1054 2235 1323 2281; x_wconf 87' lang='lat' dir='ltr'>auctoribus</span> <span class='ocrx_word' id='word_1_292' title='bbox 1345 2235 1591 2296; x_wconf 77' lang='lat' dir='ltr'>decerptae</span> <span class='ocrx_word' id='word_1_293' title='bbox 1623 2243 1745 2280; x_wconf 88' lang='lat' dir='ltr'>sunt.</span> <span class='ocrx_word' id='word_1_294' title='bbox 1783 2233 2012 2284; x_wconf 87' lang='lat' dir='ltr'>Laborem</span> <span class='ocrx_word' id='word_1_295' title='bbox 2036 2234 2163 2280; x_wconf 91' lang='lat' dir='ltr'>Pauli</span> <span class='ocrx_word' id='word_1_296' title='bbox 2190 2250 2281 2296; x_wconf 91' lang='lat' dir='ltr'>ope</span> <span class='ocrx_word' id='word_1_297' title='bbox 2309 2250 2388 2281; x_wconf 89' lang='lat' dir='ltr'>sua</span> <span class='ocrx_word' id='word_1_298' title='bbox 2414 2245 2485 2282; x_wconf 88' lang='lat' dir='ltr'>at-</span> 
     </span>
     <span class='ocr_line' id='line_1_27' title="bbox 211 2309 2484 2373; baseline 0.002 -19"><span class='ocrx_word' id='word_1_299' title='bbox 211 2323 305 2370; x_wconf 91' lang='lat' dir='ltr'>que</span> <span class='ocrx_word' id='word_1_300' title='bbox 334 2310 534 2372; x_wconf 86' lang='lat' dir='ltr'>imperio</span> <span class='ocrx_word' id='word_1_301' title='bbox 567 2309 761 2356; x_wconf 89' lang='lat' dir='ltr'>Carolus</span> <span class='ocrx_word' id='word_1_302' title='bbox 795 2310 1058 2372; x_wconf 78' lang='lat' dir='ltr'>promovit,</span> <span class='ocrx_word' id='word_1_303' title='bbox 1084 2310 1366 2373; x_wconf 82' lang='lat' dir='ltr'>exemplaria</span> <span class='ocrx_word' id='word_1_304' title='bbox 1401 2325 1570 2373; x_wconf 83' lang='lat' dir='ltr'>nempe</span> <span class='ocrx_word' id='word_1_305' title='bbox 1594 2310 1945 2371; x_wconf 79' lang='lat' dir='ltr'>conquirendo,</span> <span class='ocrx_word' id='word_1_306' title='bbox 1971 2318 2017 2356; x_wconf 85' lang='lat' dir='ltr'>et</span> <span class='ocrx_word' id='word_1_307' title='bbox 2044 2318 2255 2373; x_wconf 90' lang='lat' dir='ltr'>sumptus</span> <span class='ocrx_word' id='word_1_308' title='bbox 2286 2326 2484 2373; x_wconf 85' lang='lat' dir='ltr'>erogan-</span> 
     </span>
     <span class='ocr_line' id='line_1_28' title="bbox 214 2382 2483 2450; baseline 0.002 -19"><span class='ocrx_word' id='word_1_309' title='bbox 214 2386 301 2439; x_wconf 93' lang='lat' dir='ltr'>do,</span> <span class='ocrx_word' id='word_1_310' title='bbox 330 2395 382 2432; x_wconf 93' lang='lat' dir='ltr'>ut</span> <span class='ocrx_word' id='word_1_311' title='bbox 415 2389 679 2449; x_wconf 89' lang='lat' dir='ltr'>promptius</span> <span class='ocrx_word' id='word_1_312' title='bbox 713 2388 760 2433; x_wconf 90' lang='lat' dir='ltr'>in</span> <span class='ocrx_word' id='word_1_313' title='bbox 797 2387 989 2434; x_wconf 83' lang='lat' dir='ltr'>ecclesia</span> <span class='ocrx_word' id='word_1_314' title='bbox 1022 2387 1310 2449; x_wconf 82' lang='lat' dir='ltr'>legerentur,</span> <span class='ocrx_word' id='word_1_315' title='bbox 1339 2403 1459 2449; x_wconf 90' lang='lat' dir='ltr'>quae</span> <span class='ocrx_word' id='word_1_316' title='bbox 1490 2382 1632 2434; x_wconf 86' lang='lat' dir='ltr'>nimia</span> <span class='ocrx_word' id='word_1_317' title='bbox 1663 2403 1749 2434; x_wconf 82' lang='lat' dir='ltr'>sua</span> <span class='ocrx_word' id='word_1_318' title='bbox 1775 2387 2037 2450; x_wconf 72' lang='lat' dir='ltr'>prolixitate</span> <span class='ocrx_word' id='word_1_319' title='bbox 2072 2387 2268 2434; x_wconf 89' lang='lat' dir='ltr'>lectores</span> <span class='ocrx_word' id='word_1_320' title='bbox 2298 2391 2483 2450; x_wconf 85' lang='lat' dir='ltr'>segnio-</span> 
     </span>
     <span class='ocr_line' id='line_1_29' title="bbox 214 2463 2481 2528; baseline 0.002 -19"><span class='ocrx_word' id='word_1_321' title='bbox 214 2478 289 2509; x_wconf 80' lang='lat' dir='ltr'>res</span> <span class='ocrx_word' id='word_1_322' title='bbox 315 2463 592 2510; x_wconf 89' lang='lat' dir='ltr'>reddebant.</span> <span class='ocrx_word' id='word_1_323' title='bbox 621 2463 873 2519; x_wconf 89' lang='lat' dir='ltr'>Quomodo</span> <span class='ocrx_word' id='word_1_324' title='bbox 900 2465 1056 2527; x_wconf 82' lang='lat' dir='ltr'>itaque</span> <span class='ocrx_word' id='word_1_325' title='bbox 1081 2467 1261 2528; x_wconf 87' lang='lat' dir='ltr'>primus</span> <span class='ocrx_word' id='word_1_326' title='bbox 1288 2465 1480 2512; x_wconf 89' lang='lat' dir='ltr'>Carolus</span> <span class='ocrx_word' id='word_1_327' title='bbox 1506 2465 1728 2512; x_wconf 86' lang='lat' dir='ltr'>lectiones</span> <span class='ocrx_word' id='word_1_328' title='bbox 1759 2465 1885 2511; x_wconf 86' lang='lat' dir='ltr'>festis</span> <span class='ocrx_word' id='word_1_329' title='bbox 1911 2473 2176 2514; x_wconf 86' lang='lat' dir='ltr'>sanctorum</span> <span class='ocrx_word' id='word_1_330' title='bbox 2204 2467 2481 2514; x_wconf 86' lang='lat' dir='ltr'>convenien-</span> 
     </span>
     <span class='ocr_line' id='line_1_30' title="bbox 216 2540 2350 2587; baseline 0.004 -2"><span class='ocrx_word' id='word_1_331' title='bbox 216 2548 284 2586; x_wconf 87' lang='lat' dir='ltr'>tes</span> <span class='ocrx_word' id='word_1_332' title='bbox 316 2540 584 2587; x_wconf 80' lang='lat' dir='ltr'>constituit?</span> <span class='ocrx_word' id='word_1_333' title='bbox 2347 2552 2350 2556; x_wconf 83' lang='grc'><strong>’</strong></span> 
     </span>
    </p>

    <p class='ocr_par' dir='ltr' id='par_1_3' title="bbox 213 2617 2484 3914">
     <span class='ocr_line' id='line_1_31' title="bbox 344 2617 2478 2686; baseline 0.002 -23"><span class='ocrx_word' id='word_1_334' title='bbox 344 2619 504 2680; x_wconf 87' lang='lat' dir='ltr'>Neque</span> <span class='ocrx_word' id='word_1_335' title='bbox 535 2617 655 2665; x_wconf 86' lang='lat' dir='ltr'>illud</span> <span class='ocrx_word' id='word_1_336' title='bbox 683 2620 993 2667; x_wconf 87' lang='lat' dir='ltr'>omittendum</span> <span class='ocrx_word' id='word_1_337' title='bbox 1023 2630 1109 2668; x_wconf 89' lang='lat' dir='ltr'>est.</span> <span class='ocrx_word' id='word_1_338' title='bbox 1143 2621 1295 2669; x_wconf 89' lang='lat' dir='ltr'>Verba</span> <span class='ocrx_word' id='word_1_339' title='bbox 1319 2622 1544 2670; x_wconf 88' lang='lat' dir='ltr'>Perkinsii</span> <span class='ocrx_word' id='word_1_340' title='bbox 1576 2639 1695 2685; x_wconf 89' lang='lat' dir='ltr'>quae</span> <span class='ocrx_word' id='word_1_341' title='bbox 1722 2624 1842 2686; x_wconf 87' lang='lat' dir='ltr'>ipse,</span> <span class='ocrx_word' id='word_1_342' title='bbox 1869 2631 1922 2669; x_wconf 88' lang='lat' dir='ltr'>ut</span> <span class='ocrx_word' id='word_1_343' title='bbox 1944 2638 2085 2686; x_wconf 90' lang='lat' dir='ltr'>supra</span> <span class='ocrx_word' id='word_1_344' title='bbox 2117 2623 2212 2670; x_wconf 79' lang='lat' dir='ltr'>dixi</span> <span class='ocrx_word' id='word_1_345' title='bbox 2238 2639 2337 2670; x_wconf 74' lang='lat' dir='ltr'>non</span> <span class='ocrx_word' id='word_1_346' title='bbox 2358 2624 2478 2675; x_wconf 84' lang='lat' dir='ltr'>vidi,</span> 
     </span>
     <span class='ocr_line' id='line_1_32' title="bbox 216 2693 2483 2762; baseline 0.003 -23"><span class='ocrx_word' id='word_1_347' title='bbox 216 2710 272 2740; x_wconf 84' lang='lat' dir='ltr'>ex</span> <span class='ocrx_word' id='word_1_348' title='bbox 294 2693 468 2756; x_wconf 89' lang='lat' dir='ltr'>quibus</span> <span class='ocrx_word' id='word_1_349' title='bbox 495 2703 565 2741; x_wconf 86' lang='lat' dir='ltr'>tot</span> <span class='ocrx_word' id='word_1_350' title='bbox 596 2711 780 2743; x_wconf 89' lang='lat' dir='ltr'>errores</span> <span class='ocrx_word' id='word_1_351' title='bbox 810 2706 1191 2760; x_wconf 84' lang='lat' dir='ltr'>consequuntur,</span> <span class='ocrx_word' id='word_1_352' title='bbox 1214 2701 1403 2746; x_wconf 73' lang='lat' dir='ltr'>Rivetus</span> <span class='ocrx_word' id='word_1_353' title='bbox 1430 2700 1617 2747; x_wconf 64' lang='lat' dir='ltr'>videtur</span> <span class='ocrx_word' id='word_1_354' title='bbox 1649 2716 1746 2746; x_wconf 91' lang='lat' dir='ltr'>non</span> <span class='ocrx_word' id='word_1_355' title='bbox 1775 2700 2072 2746; x_wconf 83' lang='lat' dir='ltr'>intellexisse.</span> <span class='ocrx_word' id='word_1_356' title='bbox 2111 2699 2483 2762; x_wconf 81' lang='lat' dir='ltr'>Argumentaba-</span> 
     </span>
     <span class='ocr_line' id='line_1_33' title="bbox 215 2771 2484 2842; baseline 0.003 -26"><span class='ocrx_word' id='word_1_357' title='bbox 215 2780 295 2817; x_wconf 90' lang='lat' dir='ltr'>tur</span> <span class='ocrx_word' id='word_1_358' title='bbox 317 2771 549 2842; x_wconf 82' lang='lat' dir='ltr'>siquidem</span> <span class='ocrx_word' id='word_1_359' title='bbox 578 2773 868 2827; x_wconf 86' lang='lat' dir='ltr'>Perkinsius,</span> <span class='ocrx_word' id='word_1_360' title='bbox 897 2776 936 2821; x_wconf 84' lang='lat' dir='ltr'>si</span> <span class='ocrx_word' id='word_1_361' title='bbox 959 2790 1096 2821; x_wconf 88' lang='lat' dir='ltr'>sanae</span> <span class='ocrx_word' id='word_1_362' title='bbox 1118 2777 1287 2822; x_wconf 86' lang='lat' dir='ltr'>mentis</span> <span class='ocrx_word' id='word_1_363' title='bbox 1320 2792 1514 2840; x_wconf 88' lang='lat' dir='ltr'>compos</span> <span class='ocrx_word' id='word_1_364' title='bbox 1537 2777 1792 2832; x_wconf 89' lang='lat' dir='ltr'>scribebat,</span> <span class='ocrx_word' id='word_1_365' title='bbox 1821 2778 2064 2831; x_wconf 89' lang='lat' dir='ltr'>lectiones,</span> <span class='ocrx_word' id='word_1_366' title='bbox 2091 2779 2318 2839; x_wconf 82' lang='lat' dir='ltr'>hymnos,</span> <span class='ocrx_word' id='word_1_367' title='bbox 2344 2786 2390 2823; x_wconf 86' lang='lat' dir='ltr'>et</span> <span class='ocrx_word' id='word_1_368' title='bbox 2414 2778 2484 2823; x_wconf 84' lang='lat' dir='ltr'>vi-</span> 
     </span>
     <span class='ocr_line' id='line_1_34' title="bbox 214 2849 2482 2916; baseline 0.002 -22"><span class='ocrx_word' id='word_1_369' title='bbox 214 2856 284 2895; x_wconf 86' lang='lat' dir='ltr'>tas</span> <span class='ocrx_word' id='word_1_370' title='bbox 306 2857 571 2895; x_wconf 89' lang='lat' dir='ltr'>sanctorum</span> <span class='ocrx_word' id='word_1_371' title='bbox 596 2849 762 2896; x_wconf 89' lang='lat' dir='ltr'>diebus</span> <span class='ocrx_word' id='word_1_372' title='bbox 787 2851 913 2898; x_wconf 89' lang='lat' dir='ltr'>festis</span> <span class='ocrx_word' id='word_1_373' title='bbox 937 2854 1267 2899; x_wconf 78' lang='lat' dir='ltr'>convenientes</span> <span class='ocrx_word' id='word_1_374' title='bbox 1292 2854 1496 2916; x_wconf 89' lang='lat' dir='ltr'>primum</span> <span class='ocrx_word' id='word_1_375' title='bbox 1521 2871 1546 2901; x_wconf 87' lang='lat' dir='ltr'>a</span> <span class='ocrx_word' id='word_1_376' title='bbox 1569 2855 1736 2901; x_wconf 89' lang='lat' dir='ltr'>Carolo</span> <span class='ocrx_word' id='word_1_377' title='bbox 1761 2857 2032 2901; x_wconf 86' lang='lat' dir='ltr'>constitutas</span> <span class='ocrx_word' id='word_1_378' title='bbox 2057 2854 2210 2901; x_wconf 85' lang='lat' dir='ltr'>fuisse.</span> <span class='ocrx_word' id='word_1_379' title='bbox 2246 2856 2369 2916; x_wconf 87' lang='lat' dir='ltr'>Ergo</span> <span class='ocrx_word' id='word_1_380' title='bbox 2393 2854 2482 2900; x_wconf 90' lang='lat' dir='ltr'>hae</span> 
     </span>
     <span class='ocr_line' id='line_1_35' title="bbox 214 2927 2480 2993; baseline 0.002 -22"><span class='ocrx_word' id='word_1_381' title='bbox 214 2927 447 2972; x_wconf 88' lang='lat' dir='ltr'>orationes</span> <span class='ocrx_word' id='word_1_382' title='bbox 480 2933 551 2972; x_wconf 90' lang='lat' dir='ltr'>tot</span> <span class='ocrx_word' id='word_1_383' title='bbox 584 2935 692 2973; x_wconf 86' lang='lat' dir='ltr'>ante</span> <span class='ocrx_word' id='word_1_384' title='bbox 725 2927 909 2974; x_wconf 87' lang='lat' dir='ltr'>saecula</span> <span class='ocrx_word' id='word_1_385' title='bbox 945 2928 1191 2975; x_wconf 85' lang='lat' dir='ltr'>scribentis</span> <span class='ocrx_word' id='word_1_386' title='bbox 1221 2930 1552 2992; x_wconf 86' lang='lat' dir='ltr'>Thaumaturgi</span> <span class='ocrx_word' id='word_1_387' title='bbox 1586 2947 1684 2978; x_wconf 87' lang='lat' dir='ltr'>esse</span> <span class='ocrx_word' id='word_1_388' title='bbox 1717 2947 1812 2978; x_wconf 92' lang='lat' dir='ltr'>non</span> <span class='ocrx_word' id='word_1_389' title='bbox 1848 2940 2059 2993; x_wconf 89' lang='lat' dir='ltr'>possunt.</span> <span class='ocrx_word' id='word_1_390' title='bbox 2096 2934 2151 2977; x_wconf 91' lang='lat' dir='ltr'>Et</span> <span class='ocrx_word' id='word_1_391' title='bbox 2184 2930 2480 2977; x_wconf 87' lang='lat' dir='ltr'>manifestum</span> 
     </span>
     <span class='ocr_line' id='line_1_36' title="bbox 214 2993 2478 3093; baseline 0.001 -45"><span class='ocrx_word' id='word_1_392' title='bbox 214 3011 308 3064; x_wconf 83' lang='lat' dir='ltr'>est,</span> <span class='ocrx_word' id='word_1_393' title='bbox 334 3003 499 3065; x_wconf 89' lang='lat' dir='ltr'>quod</span> <span class='ocrx_word' id='word_1_394' title='bbox 488 3020 536 3049; x_wconf 83' lang='lat' dir='ltr'>in</span> <span class='ocrx_word' id='word_1_395' title='bbox 561 3019 722 3050; x_wconf 88' lang='lat' dir='ltr'>earum</span> <span class='ocrx_word' id='word_1_396' title='bbox 747 3004 972 3058; x_wconf 89' lang='lat' dir='ltr'>secunda,</span> <span class='ocrx_word' id='word_1_397' title='bbox 997 3008 1134 3093; x_wconf 37' lang='lat' dir='ltr'>ipso„</span> <span class='ocrx_word' id='word_1_398' title='bbox 1127 3008 1281 3052; x_wconf 86' lang='lat' dir='ltr'>statim</span> <span class='ocrx_word' id='word_1_399' title='bbox 1302 3008 1460 3059; x_wconf 84' lang='lat' dir='ltr'>initio,</span> <span class='ocrx_word' id='word_1_400' title='bbox 1488 3009 1649 3054; x_wconf 82' lang='lat' dir='ltr'>talium</span> <span class='ocrx_word' id='word_1_401' title='bbox 1676 3010 1851 3055; x_wconf 88' lang='lat' dir='ltr'>mentio</span> <span class='ocrx_word' id='word_1_402' title='bbox 1877 3007 2118 3054; x_wconf 86' lang='lat' dir='ltr'>habeatur.</span> <span class='ocrx_word' id='word_1_403' title='bbox 2151 2995 2359 3068; x_wconf 74' lang='grc' dir='ltr'><em>ΕορἿας</em></span> <span class='ocrx_word' id='word_1_404' title='bbox 2385 2993 2478 3066; x_wconf 66' lang='grc' dir='ltr'>μὲν</span> 
     </span>
     <span class='ocr_line' id='line_1_37' title="bbox 215 3067 2475 3147; baseline 0.001 -24"><span class='ocrx_word' id='word_1_405' title='bbox 215 3067 419 3131; x_wconf 76' lang='grc' dir='ltr'><strong><em>ἁπάσας</em></strong></span> <span class='ocrx_word' id='word_1_406' title='bbox 454 3093 538 3124; x_wconf 83' lang='grc' dir='ltr'>και</span> <span class='ocrx_word' id='word_1_407' title='bbox 581 3068 836 3144; x_wconf 71' lang='grc' dir='ltr'><strong><em>ὑμνῳδίαις</em></strong></span> <span class='ocrx_word' id='word_1_408' title='bbox 873 3068 988 3126; x_wconf 72' lang='grc' dir='ltr'>δέον</span> <span class='ocrx_word' id='word_1_409' title='bbox 1024 3073 1160 3143; x_wconf 61' lang='grc' dir='ltr'>ἡμεῖς</span> <span class='ocrx_word' id='word_1_410' title='bbox 1187 3074 1385 3126; x_wconf 61' lang='lat' dir='ltr'>&amp;oetam</span> <span class='ocrx_word' id='word_1_411' title='bbox 1424 3072 1562 3131; x_wconf 66' lang='grc' dir='ltr'><strong><em>δίκην</em></strong></span> <span class='ocrx_word' id='word_1_412' title='bbox 1597 3074 1895 3147; x_wconf 76' lang='grc' dir='ltr'><em>προσφέρειν</em></span> <span class='ocrx_word' id='word_1_413' title='bbox 1928 3088 1995 3147; x_wconf 80' lang='grc' dir='ltr'>τῳ</span> <span class='ocrx_word' id='word_1_414' title='bbox 2029 3074 2167 3146; x_wconf 67' lang='grc' dir='ltr'>θεῷ,</span> <span class='ocrx_word' id='word_1_415' title='bbox 2195 3096 2387 3146; x_wconf 80' lang='grc' dir='ltr'><em>πρωτον</em></span> <span class='ocrx_word' id='word_1_416' title='bbox 2422 3071 2475 3126; x_wconf 68' lang='grc' dir='ltr'>δὲ</span> 
     </span>
     <span class='ocr_line' id='line_1_38' title="bbox 213 3144 2478 3223; baseline 0.002 -23"><span class='ocrx_word' id='word_1_417' title='bbox 213 3144 407 3202; x_wconf 73' lang='grc' dir='ltr'><strong><em>πάντων</em></strong></span> <span class='ocrx_word' id='word_1_418' title='bbox 439 3147 527 3202; x_wconf 75' lang='grc' dir='ltr'>τὸν</span> <span class='ocrx_word' id='word_1_419' title='bbox 565 3147 940 3221; x_wconf 68' lang='grc' dir='ltr'>εὐαγΓελισμόν</span> <span class='ocrx_word' id='word_1_420' title='bbox 975 3173 1063 3210; x_wconf 70' lang='grc' dir='ltr'>της</span> <span class='ocrx_word' id='word_1_421' title='bbox 1100 3150 1255 3216; x_wconf 68' lang='grc' dir='ltr'><em>ἁγίας</em></span> <span class='ocrx_word' id='word_1_422' title='bbox 1291 3148 1559 3204; x_wconf 59' lang='lat' dir='ltr'>&amp;eos-6200.</span> <span class='ocrx_word' id='word_1_423' title='bbox 1594 3163 1771 3206; x_wconf 84' lang='lat' dir='ltr'>Sacras</span> <span class='ocrx_word' id='word_1_424' title='bbox 1801 3161 1993 3223; x_wconf 87' lang='lat' dir='ltr'>quidem</span> <span class='ocrx_word' id='word_1_425' title='bbox 2018 3160 2257 3220; x_wconf 85' lang='lat' dir='ltr'>festorum</span> <span class='ocrx_word' id='word_1_426' title='bbox 2286 3160 2478 3206; x_wconf 73' lang='lat' dir='ltr'>celebri-</span> 
     </span>
     <span class='ocr_line' id='line_1_39' title="bbox 214 3233 2479 3300; baseline 0.001 -22"><span class='ocrx_word' id='word_1_427' title='bbox 214 3244 338 3279; x_wconf 81' lang='lat' dir='ltr'>tates</span> <span class='ocrx_word' id='word_1_428' title='bbox 371 3245 516 3297; x_wconf 87' lang='lat' dir='ltr'>atque</span> <span class='ocrx_word' id='word_1_429' title='bbox 538 3233 740 3298; x_wconf 77' lang='lat' dir='ltr'>hymnos</span> <span class='ocrx_word' id='word_1_430' title='bbox 764 3235 894 3281; x_wconf 85' lang='lat' dir='ltr'>decet</span> <span class='ocrx_word' id='word_1_431' title='bbox 918 3252 1003 3282; x_wconf 83' lang='lat' dir='ltr'>nos</span> <span class='ocrx_word' id='word_1_432' title='bbox 1028 3235 1195 3298; x_wconf 81' lang='lat' dir='ltr'>sacrif</span> <span class='ocrx_word' id='word_1_433' title='bbox 1175 3253 1378 3282; x_wconf 81' lang='lat' dir='ltr'>ciorum</span> <span class='ocrx_word' id='word_1_434' title='bbox 1406 3236 1562 3282; x_wconf 83' lang='lat' dir='ltr'>instar</span> <span class='ocrx_word' id='word_1_435' title='bbox 1593 3238 1762 3298; x_wconf 80' lang='lat' dir='ltr'>offerre</span> <span class='ocrx_word' id='word_1_436' title='bbox 1794 3238 1917 3286; x_wconf 90' lang='lat' dir='ltr'>Deo,</span> <span class='ocrx_word' id='word_1_437' title='bbox 1939 3236 2155 3300; x_wconf 84' lang='lat' dir='ltr'>primum</span> <span class='ocrx_word' id='word_1_438' title='bbox 2186 3248 2346 3281; x_wconf 84' lang='lat' dir='ltr'>autem</span> <span class='ocrx_word' id='word_1_439' title='bbox 2378 3253 2479 3282; x_wconf 79' lang='lat' dir='ltr'>om-</span> 
     </span>
     <span class='ocr_line' id='line_1_40' title="bbox 213 3309 2478 3378; baseline 0.002 -23"><span class='ocrx_word' id='word_1_440' title='bbox 213 3309 350 3355; x_wconf 88' lang='lat' dir='ltr'>nium</span> <span class='ocrx_word' id='word_1_441' title='bbox 387 3311 814 3357; x_wconf 80' lang='lat' dir='ltr'>annunciationem</span> <span class='ocrx_word' id='word_1_442' title='bbox 850 3312 1186 3376; x_wconf 78' lang='lat' dir='ltr'>sanctissimae</span> <span class='ocrx_word' id='word_1_443' title='bbox 1226 3312 1319 3357; x_wconf 85' lang='lat' dir='ltr'>Dei</span> <span class='ocrx_word' id='word_1_444' title='bbox 1353 3312 1620 3376; x_wconf 75' lang='lat' dir='ltr'>genitricis.</span> <span class='ocrx_word' id='word_1_445' title='bbox 1662 3315 1767 3359; x_wconf 89' lang='lat' dir='ltr'>Non</span> <span class='ocrx_word' id='word_1_446' title='bbox 1805 3321 1856 3358; x_wconf 90' lang='lat' dir='ltr'>ut</span> <span class='ocrx_word' id='word_1_447' title='bbox 1898 3321 2151 3378; x_wconf 27' lang='lat' dir='ltr'>argutatur&#39;</span> <span class='ocrx_word' id='word_1_448' title='bbox 2170 3314 2360 3359; x_wconf 87' lang='lat' dir='ltr'>Rivetus</span> <span class='ocrx_word' id='word_1_449' title='bbox 2395 3313 2478 3360; x_wconf 85' lang='lat' dir='ltr'>has</span> 
     </span>
     <span class='ocr_line' id='line_1_41' title="bbox 213 3386 2479 3452; baseline 0.002 -19"><span class='ocrx_word' id='word_1_450' title='bbox 213 3402 313 3434; x_wconf 87' lang='lat' dir='ltr'>esse</span> <span class='ocrx_word' id='word_1_451' title='bbox 344 3386 538 3442; x_wconf 88' lang='lat' dir='ltr'>dubias,</span> <span class='ocrx_word' id='word_1_452' title='bbox 573 3390 683 3450; x_wconf 89' lang='lat' dir='ltr'>quia</span> <span class='ocrx_word' id='word_1_453' title='bbox 723 3388 948 3436; x_wconf 89' lang='lat' dir='ltr'>lectiones</span> <span class='ocrx_word' id='word_1_454' title='bbox 984 3398 1031 3436; x_wconf 89' lang='lat' dir='ltr'>et</span> <span class='ocrx_word' id='word_1_455' title='bbox 1070 3390 1232 3451; x_wconf 85' lang='lat' dir='ltr'>hymni</span> <span class='ocrx_word' id='word_1_456' title='bbox 1273 3389 1438 3436; x_wconf 89' lang='lat' dir='ltr'>diebus</span> <span class='ocrx_word' id='word_1_457' title='bbox 1472 3390 1598 3438; x_wconf 89' lang='lat' dir='ltr'>festis</span> <span class='ocrx_word' id='word_1_458' title='bbox 1635 3391 1963 3436; x_wconf 83' lang='lat' dir='ltr'>convenientes</span> <span class='ocrx_word' id='word_1_459' title='bbox 2002 3392 2208 3452; x_wconf 88' lang='lat' dir='ltr'>primum</span> <span class='ocrx_word' id='word_1_460' title='bbox 2246 3406 2273 3437; x_wconf 89' lang='lat' dir='ltr'>a</span> <span class='ocrx_word' id='word_1_461' title='bbox 2311 3391 2479 3438; x_wconf 90' lang='lat' dir='ltr'>Carolo</span> 
     </span>
     <span class='ocr_line' id='line_1_42' title="bbox 213 3457 2479 3532; baseline 0.003 -22"><span class='ocrx_word' id='word_1_462' title='bbox 213 3457 386 3526; x_wconf 76' lang='lat' dir='ltr'>magno</span> <span class='ocrx_word' id='word_1_463' title='bbox 411 3466 648 3512; x_wconf 86' lang='lat' dir='ltr'>constituti</span> <span class='ocrx_word' id='word_1_464' title='bbox 675 3467 783 3513; x_wconf 88' lang='lat' dir='ltr'>sint.</span> <span class='ocrx_word' id='word_1_465' title='bbox 812 3467 1032 3522; x_wconf 85' lang='lat' dir='ltr'>Quamvis</span> <span class='ocrx_word' id='word_1_466' title='bbox 1059 3481 1174 3513; x_wconf 89' lang='lat' dir='ltr'>vero</span> <span class='ocrx_word' id='word_1_467' title='bbox 1199 3475 1527 3528; x_wconf 85' lang='lat' dir='ltr'>argumentum</span> <span class='ocrx_word' id='word_1_468' title='bbox 1551 3465 1775 3514; x_wconf 88' lang='lat' dir='ltr'>Perkinsii</span> <span class='ocrx_word' id='word_1_469' title='bbox 1800 3467 1982 3514; x_wconf 91' lang='lat' dir='ltr'>nullum</span> <span class='ocrx_word' id='word_1_470' title='bbox 2008 3468 2089 3522; x_wconf 88' lang='lat' dir='ltr'>sit,</span> <span class='ocrx_word' id='word_1_471' title='bbox 2118 3477 2170 3514; x_wconf 87' lang='lat' dir='ltr'>ut</span> <span class='ocrx_word' id='word_1_472' title='bbox 2191 3484 2332 3531; x_wconf 86' lang='lat' dir='ltr'>supra</span> <span class='ocrx_word' id='word_1_473' title='bbox 2366 3485 2479 3532; x_wconf 91' lang='lat' dir='ltr'>pro—</span> 
     </span>
     <span class='ocr_line' id='line_1_43' title="bbox 213 3538 2479 3608; baseline 0.003 -23"><span class='ocrx_word' id='word_1_474' title='bbox 213 3538 376 3587; x_wconf 89' lang='lat' dir='ltr'>batum</span> <span class='ocrx_word' id='word_1_475' title='bbox 402 3550 497 3595; x_wconf 90' lang='lat' dir='ltr'>est,</span> <span class='ocrx_word' id='word_1_476' title='bbox 526 3550 727 3589; x_wconf 88' lang='lat' dir='ltr'>attamen</span> <span class='ocrx_word' id='word_1_477' title='bbox 755 3543 874 3589; x_wconf 93' lang='lat' dir='ltr'>illud</span> <span class='ocrx_word' id='word_1_478' title='bbox 900 3543 1154 3589; x_wconf 84' lang='lat' dir='ltr'>maximum</span> <span class='ocrx_word' id='word_1_479' title='bbox 1184 3544 1231 3588; x_wconf 92' lang='lat' dir='ltr'>in</span> <span class='ocrx_word' id='word_1_480' title='bbox 1259 3544 1423 3590; x_wconf 88' lang='lat' dir='ltr'>Riveto</span> <span class='ocrx_word' id='word_1_481' title='bbox 1455 3543 1620 3597; x_wconf 86' lang='lat' dir='ltr'>fuerit,</span> <span class='ocrx_word' id='word_1_482' title='bbox 1653 3544 1812 3590; x_wconf 90' lang='lat' dir='ltr'>critico</span> <span class='ocrx_word' id='word_1_483' title='bbox 1841 3559 1998 3590; x_wconf 86' lang='lat' dir='ltr'>rerum</span> <span class='ocrx_word' id='word_1_484' title='bbox 2029 3560 2265 3592; x_wconf 88' lang='lat' dir='ltr'>sacrarum</span> <span class='ocrx_word' id='word_1_485' title='bbox 2298 3547 2479 3608; x_wconf 87' lang='lat' dir='ltr'>impro-</span> 
     </span>
     <span class='ocr_line' id='line_1_44' title="bbox 215 3610 2476 3684; baseline 0.003 -22"><span class='ocrx_word' id='word_1_486' title='bbox 215 3610 436 3671; x_wconf 80' lang='lat' dir='ltr'>bissimo,</span> <span class='ocrx_word' id='word_1_487' title='bbox 474 3634 621 3681; x_wconf 90' lang='lat' dir='ltr'>pauca</span> <span class='ocrx_word' id='word_1_488' title='bbox 654 3621 741 3667; x_wconf 89' lang='lat' dir='ltr'>ista</span> <span class='ocrx_word' id='word_1_489' title='bbox 777 3620 1002 3667; x_wconf 85' lang='lat' dir='ltr'>Perkinsii</span> <span class='ocrx_word' id='word_1_490' title='bbox 1035 3620 1270 3667; x_wconf 81' lang='lat' dir='ltr'>intellecta</span> <span class='ocrx_word' id='word_1_491' title='bbox 1305 3636 1401 3667; x_wconf 92' lang='lat' dir='ltr'>non</span> <span class='ocrx_word' id='word_1_492' title='bbox 1435 3621 1591 3669; x_wconf 81' lang='lat' dir='ltr'>fuisse.</span> <span class='ocrx_word' id='word_1_493' title='bbox 1629 3622 1685 3667; x_wconf 84' lang='lat' dir='ltr'>Et</span> <span class='ocrx_word' id='word_1_494' title='bbox 1721 3622 1859 3683; x_wconf 88' lang='lat' dir='ltr'>plane</span> <span class='ocrx_word' id='word_1_495' title='bbox 1893 3631 2218 3684; x_wconf 85' lang='lat' dir='ltr'>argumentum</span> <span class='ocrx_word' id='word_1_496' title='bbox 2254 3623 2476 3671; x_wconf 75' lang='lat' dir='ltr'>Perkinsii</span> 
     </span>
     <span class='ocr_line' id='line_1_45' title="bbox 216 3687 2478 3759; baseline 0.004 -21"><span class='ocrx_word' id='word_1_497' title='bbox 216 3694 279 3739; x_wconf 88' lang='lat' dir='ltr'>ita</span> <span class='ocrx_word' id='word_1_498' title='bbox 311 3705 588 3758; x_wconf 88' lang='lat' dir='ltr'>conceptum</span> <span class='ocrx_word' id='word_1_499' title='bbox 624 3687 946 3744; x_wconf 84' lang='lat' dir='ltr'>stultissimum</span> <span class='ocrx_word' id='word_1_500' title='bbox 982 3706 1067 3744; x_wconf 91' lang='lat' dir='ltr'>est.</span> <span class='ocrx_word' id='word_1_501' title='bbox 1104 3698 1282 3743; x_wconf 85' lang='lat' dir='ltr'>Etenim</span> <span class='ocrx_word' id='word_1_502' title='bbox 1316 3699 1353 3744; x_wconf 91' lang='lat' dir='ltr'>si</span> <span class='ocrx_word' id='word_1_503' title='bbox 1384 3698 1493 3759; x_wconf 87' lang='lat' dir='ltr'>quia</span> <span class='ocrx_word' id='word_1_504' title='bbox 1524 3698 1811 3759; x_wconf 89' lang='lat' dir='ltr'>hymnorum</span> <span class='ocrx_word' id='word_1_505' title='bbox 1835 3707 1879 3745; x_wconf 93' lang='lat' dir='ltr'>et</span> <span class='ocrx_word' id='word_1_506' title='bbox 1909 3699 2134 3749; x_wconf 84' lang='lat' dir='ltr'>festorum</span> <span class='ocrx_word' id='word_1_507' title='bbox 2162 3701 2346 3748; x_wconf 85' lang='lat' dir='ltr'>dierum</span> <span class='ocrx_word' id='word_1_508' title='bbox 2378 3716 2478 3746; x_wconf 84' lang='lat' dir='ltr'>me·-</span> 
     </span>
     <span class='ocr_line' id='line_1_46' title="bbox 216 3770 2475 3841; baseline 0.004 -27"><span class='ocrx_word' id='word_1_509' title='bbox 216 3770 374 3822; x_wconf 90' lang='lat' dir='ltr'>minit,</span> <span class='ocrx_word' id='word_1_510' title='bbox 401 3772 509 3820; x_wconf 88' lang='lat' dir='ltr'>ideo</span> <span class='ocrx_word' id='word_1_511' title='bbox 531 3782 624 3821; x_wconf 89' lang='lat' dir='ltr'>tres</span> <span class='ocrx_word' id='word_1_512' title='bbox 650 3775 724 3820; x_wconf 87' lang='lat' dir='ltr'>vel</span> <span class='ocrx_word' id='word_1_513' title='bbox 750 3783 954 3836; x_wconf 91' lang='lat' dir='ltr'>quatuor</span> <span class='ocrx_word' id='word_1_514' title='bbox 979 3777 1091 3821; x_wconf 85' lang='lat' dir='ltr'>istac</span> <span class='ocrx_word' id='word_1_515' title='bbox 1114 3775 1348 3841; x_wconf 80' lang='lat' dir='ltr'>orationes</span> <span class='ocrx_word' id='word_1_516' title='bbox 1373 3774 1647 3822; x_wconf 82' lang='lat' dir='ltr'>reiiciendae</span> <span class='ocrx_word' id='word_1_517' title='bbox 1671 3783 1776 3822; x_wconf 83' lang='lat' dir='ltr'>sunt</span> <span class='ocrx_word' id='word_1_518' title='bbox 1793 3811 1805 3829; x_wconf 95' lang='lat'>,</span> <span class='ocrx_word' id='word_1_519' title='bbox 1831 3777 2079 3823; x_wconf 84' lang='lat' dir='ltr'>reiicienda</span> <span class='ocrx_word' id='word_1_520' title='bbox 2106 3786 2243 3824; x_wconf 88' lang='lat' dir='ltr'>erunt</span> <span class='ocrx_word' id='word_1_521' title='bbox 2268 3786 2312 3823; x_wconf 91' lang='lat' dir='ltr'>et</span> <span class='ocrx_word' id='word_1_522' title='bbox 2338 3793 2475 3824; x_wconf 81' lang='lat' dir='ltr'>evan-</span> 
     </span>
     <span class='ocr_line' id='line_1_47' title="bbox 216 3845 2475 3914; baseline 0.004 -24"><span class='ocrx_word' id='word_1_523' title='bbox 216 3845 362 3905; x_wconf 85' lang='lat' dir='ltr'>gelia,</span> <span class='ocrx_word' id='word_1_524' title='bbox 397 3856 443 3894; x_wconf 88' lang='lat' dir='ltr'>et</span> <span class='ocrx_word' id='word_1_525' title='bbox 475 3850 700 3911; x_wconf 89' lang='lat' dir='ltr'>epistolae</span> <span class='ocrx_word' id='word_1_526' title='bbox 733 3852 885 3906; x_wconf 90' lang='lat' dir='ltr'>Pauli,</span> <span class='ocrx_word' id='word_1_527' title='bbox 921 3861 962 3899; x_wconf 89' lang='lat' dir='ltr'>et</span> <span class='ocrx_word' id='word_1_528' title='bbox 1000 3859 1064 3898; x_wconf 89' lang='lat' dir='ltr'>tot</span> <span class='ocrx_word' id='word_1_529' title='bbox 1103 3851 1189 3898; x_wconf 88' lang='lat' dir='ltr'>alia</span> <span class='ocrx_word' id='word_1_530' title='bbox 1224 3859 1515 3914; x_wconf 81' lang='lat' dir='ltr'>sanctorum,</span> <span class='ocrx_word' id='word_1_531' title='bbox 1542 3853 1621 3913; x_wconf 90' lang='lat' dir='ltr'>qui</span> <span class='ocrx_word' id='word_1_532' title='bbox 1654 3861 1758 3899; x_wconf 86' lang='lat' dir='ltr'>ante</span> <span class='ocrx_word' id='word_1_533' title='bbox 1789 3853 2006 3904; x_wconf 88' lang='lat' dir='ltr'>Carolum</span> <span class='ocrx_word' id='word_1_534' title='bbox 2038 3855 2277 3907; x_wconf 76' lang='lat' dir='ltr'>vixerunt,</span> <span class='ocrx_word' id='word_1_535' title='bbox 2306 3869 2475 3900; x_wconf 87' lang='lat' dir='ltr'>monu-</span> 
     </span>
    </p>

    <p class='ocr_par' dir='ltr' id='par_1_4' title="bbox 2197 3943 2238 3976">
     <span class='ocr_line' id='line_1_48' title="bbox 2197 3943 2238 3976; baseline 0 0"><span class='ocrx_word' id='word_1_536' title='bbox 2197 3943 2238 3976; x_wconf 75' lang='lat'>14</span> 
     </span>
    </p>
   </div>
  </div>
 </body>
</html>
