2970 4420
1205 279 1260 310 nu
1293 277 1554 310 russonoms.
2429 263 2518 308 109

247 386 354 418 cum
392 368 662 432 oppositum
695 368 843 429 magis
877 373 1055 428 pateat,
1088 365 1299 412 vossiana
1333 362 1444 411 fidei
1478 362 1623 410 editio
1657 360 1811 408 adhuc
1843 366 1933 406 stat
1966 359 2175 413 firmius;
2203 369 2248 407 et
2284 364 2371 409 nisi
2405 364 2522 410 vali-

248 446 460 494 dioribus
484 443 777 492 convellatur
802 442 1052 496 machinis,
1082 441 1237 490 stabit.
1276 441 1630 488 Consideremus
1660 435 1804 486 verba
1837 436 1991 484 Basilii
2021 437 2080 483 ad
2113 439 2521 487 Neocaesarienses

250 524 356 587 (ep.
384 523 511 570 CCX.
542 521 624 584 5.)
661 509 894 567 καθῖκαν
932 507 991 563 δέ
1026 532 1140 565 τινα
1171 508 1346 582 πεῖραν
1385 505 1446 560 δι’
1484 505 1786 568 gazarenis,
1820 502 1904 557 noti
1942 502 2083 575 «πρὸς
2117 502 2203 578 τὸν
2240 503 2516 575 ὁμόψυχον

251 590 389 661 ἡμῶν
415 586 673 660 ’Ἄνθιμον
707 587 804 641 τῶν
842 585 1048 642 Τυοίνων
1087 587 1375 647 ἐπίσκοπον,
1409 584 1474 646 ὥς
1510 580 1616 656 ἄρα
1651 585 1943 655 Γρηγοριόυ
1983 579 2202 642 εἷπόνΎος
2239 580 2286 634 ἐν
2326 580 2517 636 ἐκθέσει

251 671 478 727 πίστεως·
507 663 706 737 πατέρα
733 664 817 718 καὶ
853 663 965 718 υἱὸν
998 664 1192 735 ἐπινοίᾳ
1225 661 1316 732 μὲν
1356 657 1483 714 εἶναι
1514 658 1637 723 δύο,
1670 655 1937 713 ὑποσἻοίσει
1977 654 2029 710 δὲ
2065 657 2129 711 ἕν·
2163 658 2313 711 τοῦτο
2347 655 2403 711 δὲ
2441 657 2517 712 ὅτι

257 743 314 796 οὔ
353 740 661 814 ὃοΓμαΤικῶς
699 739 927 815 εἴρηται,
964 740 1085 794 ἀλλ’
1125 738 1461 799 οἷΓωνιστικῶς
1499 737 1546 791 ἐν
1581 738 1645 807 τῇ
1677 735 1800 808 πρὸς
1834 733 2085 788 Αἷλιανόν
2124 731 2394 806 διαλέξει,
2431 736 2525 789 οὐκ

251 817 565 878 ἥὸυνήθησαν
596 815 818 874 συνιδεῖν
850 819 901 871 οἱ
943 816 1018 872 ἐπὶ
1052 814 1321 872 λεπὛότκτι
1356 815 1454 869 τῶν
1489 814 1672 887 φρενῶν
1708 811 1912 872 ἑαυὙοῦς
1946 807 2318 885 μακαρίζονΎες.
2354 823 2525 867 Immi-

250 918 413 952 serunt
445 918 608 967 autem
636 916 982 951 tentamentum
1005 903 1248 967 quoddam
1270 918 1358 965 per
1379 900 1631 965 epistolam
1657 900 1806 946 etiam
1830 899 1899 945 ad
1918 898 2129 944 eiusdem
2153 898 2397 944 nobiseum
2421 916 2527 945 sen-

251 983 432 1030 tentiae
456 982 737 1030 Anthimum
767 984 1042 1046 Tyanorum
1068 980 1362 1045 episcopum,
1392 978 1534 1041 quasi
1559 976 1815 1041 Gregorius
1841 976 1892 1022 in
1916 975 2215 1040 expositione
2230 976 2365 1037 fidei
2386 977 2526 1022 dixe—

251 1061 317 1108 rit
347 1062 543 1107 Patrem
568 1071 613 1105 et
646 1059 850 1110 Filium,
883 1058 1028 1118 iuxta
1051 1057 1223 1103 mentis
1253 1055 1502 1119 quandam
1529 1053 1958 1100 considerationem
1982 1053 2100 1099 daos
2128 1069 2248 1103 esse,
2279 1051 2528 1117 hypostasi

251 1154 357 1186 vero
394 1154 560 1185 unum.
598 1139 703 1184 Hoc
738 1148 900 1183 autem
933 1152 1028 1182 non
1062 1133 1335 1198 dogmatice
1370 1133 1456 1178 sed
1488 1131 1771 1178 decertandi
1801 1146 1949 1178 causa
1986 1130 2037 1176 in
2071 1129 2268 1193 dialogo
2303 1130 2526 1176 adversas

251 1214 509 1261 Aelianum
534 1214 716 1261 dietum
748 1230 869 1264 esse,
902 1211 1170 1276 intelligere
1197 1210 1531 1273 nequiverunt,
1561 1208 1647 1272 qui
1663 1220 1862 1272 propter
1888 1206 2191 1270 intelligendi
2210 1206 2527 1252 subtilitatem

253 1291 415 1338 beatos
448 1308 546 1338 sese
578 1304 820 1356 reputant.
859 1277 982 1337 Illud
1021 1279 1069 1334 ἐν
1109 1276 1312 1332 ἐκθέσει
1349 1282 1558 1337 πίστεως
1594 1285 1860 1338 indefinite,
1897 1295 1942 1331 et
1978 1275 2225 1347 ἀορίστως
2261 1283 2521 1346 prolatum,

253 1377 299 1414 ct
326 1369 461 1415 nullo
495 1369 696 1416 articulo
718 1368 779 1415 ad
804 1367 1037 1430 singulare
1065 1365 1307 1427 quidpiam
1343 1363 1583 1425 alligatum
1601 1398 1612 1416 ‚
1640 1362 1818 1408 nullam
1852 1360 1989 1408 nobis
2021 1369 2192 1426 certam
2225 1372 2276 1406 ac
2306 1361 2528 1408 determi-

253 1454 411 1492 natam
445 1445 553 1492 fidei
587 1446 924 1508 expositionem
947 1451 1103 1496 notat;
1130 1442 1213 1489 sed
1245 1450 1404 1494 sonat,
1432 1442 1480 1486 in
1514 1455 1607 1486 una
1634 1440 1923 1502 expositione
1954 1454 1980 1485 a
2005 1438 2350 1500 Thaumaturgo
2382 1438 2522 1484 edita.

254 1524 392 1578 Quod
425 1525 462 1570 si
492 1526 540 1570 in
577 1538 668 1570 una
701 1524 765 1569 ita
800 1522 1149 1585 pronunciavit,
1177 1519 1351 1581 absque
1386 1517 1534 1564 dubio
1566 1518 1676 1563 alias
1709 1532 1897 1578 quoque
1928 1517 2178 1564 confecisse
2211 1515 2526 1562 indubitatum

254 1600 554 1663 relinquitur.
591 1601 718 1655 Quae
744 1600 781 1646 si
807 1614 899 1646 una
924 1607 1104 1645 tantum
1130 1598 1315 1650 fuisset,
1343 1611 1438 1642 non
1476 1585 1522 1639 ἐν
1551 1582 1749 1645 ,ἐκθέσει
1780 1585 1983 1644 πίσἺεως
2002 1625 2014 1646 ,
2049 1594 2129 1639 sed
2163 1583 2208 1638 ἐν
2238 1583 2299 1654 ‘rii
2329 1581 2521 1637 ἐκθέσει

252 1667 343 1729 τῆς
376 1673 602 1729 «πίστεως
636 1676 830 1722 Basilius
863 1677 1241 1738 pronunciasset,
1277 1673 1676 1736 quemadmodum
1713 1671 1855 1734 paulo
1889 1679 1994 1734 post
2028 1671 2170 1722 dixit,
2212 1660 2257 1714 ἐν
2293 1661 2356 1730 τῇ
2389 1658 2524 1735 πρὸς

252 1743 503 1800 Αἷλιανόν
539 1742 809 1816 διαλέξει,
843 1754 952 1815 quia
985 1768 1078 1799 una
1113 1752 1415 1799 solummodo
1449 1751 1600 1797 fuerat
1626 1742 1686 1796 ad
1710 1749 1973 1796 Aelianum.
2012 1741 2253 1794 Praeterea
2279 1747 2420 1795 editio
2444 1748 2527 1794 illa

254 1829 364 1876 fidei
390 1846 476 1893 per
501 1831 696 1877 modum
721 1831 954 1877 dialexeos
979 1829 1037 1879 ad
1071 1829 1315 1876 Aelianum
1334 1863 1345 1883 ,
1374 1843 1544 1890 nempe
1568 1825 1854 1889 disputando
1879 1834 1926 1871 et
1949 1824 2217 1870 altercando
2249 1824 2404 1871 habita
2432 1832 2522 1878 est,

254 1908 386 1954 cuius
419 1908 747 1970 disputationis
780 1923 840 1954 ne
872 1908 1119 1969 vestigium
1153 1906 1346 1968 quidem
1386 1914 1579 1968 apparet
1613 1906 1661 1950 in
1695 1904 1924 1950 vossiana.
1963 1901 2527 1957 Quare'concludendum

253 1984 469 2038 videtur,
506 1986 702 2032 omnino
737 1985 797 2031 de
828 1985 919 2032 alia
954 1985 1243 2047 expositione
1276 1983 1386 2030 fidei
1418 1984 1468 2029 in
1503 1998 1554 2029 ea
1590 1981 1787 2045 epistola
1820 1978 1963 2026 verba
1997 1979 2156 2026 fecisse
2195 1978 2443 2033 Basilium‚
2480 1987 2527 2025 et

255 2061 391 2109 aliam
426 2061 564 2109 nobis
598 2063 811 2110 Vossium
843 2062 1108 2109 tradidisse.
2366 2103 2369 2105 .
2452 2058 2454 2060 ’

383 2141 445 2186 At
467 2141 678 2188 vossiana
701 2141 890 2189 videtur
912 2156 1012 2187 esse
1045 2142 1216 2203 scripta
1240 2149 1403 2186 contra
1432 2140 1630 2202 Arianos
1645 2173 1656 2192 ‚
1684 2136 1834 2183 multo
1858 2136 2203 2197 Thaumaturgo
2227 2137 2523 2182 recentiores.

253 2217 372 2264 Cum
403 2218 603 2264 Arianos
635 2229 739 2264 non·
762 2218 995 2271 nominet,
1024 2233 1193 2280 parum
1224 2217 1370 2264 refert
1402 2217 1441 2263 si
1474 2216 1642 2278 spiritu
1676 2215 1821 2261 fretus
1852 2213 2039 2267 divino,
2069 2223 2173 2260 ante
2208 2229 2350 2275 quam
2383 2221 2525 2266 esset,

246 2294 483 2342 haeresim
515 2296 736 2343 Arianam
767 2296 963 2358 iugulat.
1001 2295 1060 2342 Ut
1095 2297 1220 2342 enim
1254 2297 1424 2341 veritas
1458 2294 1506 2339 in
1540 2293 1732 2340 ecclesia
1756 2291 1920 2339 haberi
1954 2293 2098 2353 possit
2129 2307 2185 2338 ex
2218 2290 2455 2353 patribus,
2484 2297 2531 2335 et

255 2380 444 2418 exortae
478 2371 690 2419 haereses
723 2372 856 2418 dictis
893 2374 1192 2435 antiquorum
1228 2372 1540 2434 profligentur
1561 2405 1572 2423 ‚
1610 2371 1767 2416 divina
1802 2369 2098 2432 providentia
2133 2368 2305 2414 factum
2339 2376 2439 2421 est,
2476 2374 2530 2412 ut
2588 2428 2594 2431 γ

255 2450 462 2497 veritatis
496 2451 669 2498 semina
691 2452 741 2496 in
767 2451 1068 2512 antiquorum
1103 2451 1284 2512 scriptis
1317 2449 1694 2501 offenderentur,
1722 2455 1768 2494 et
1801 2462 1986 2494 errores
2009 2461 2169 2492 recens
2202 2446 2296 2491 nati
2332 2444 2529 2491 auctori-

257 2534 350 2573 tate
383 2525 616 2574 maiOrum
649 2527 982 2574 refutarentur.
1020 2530 1077 2574 Et
1101 2528 1391 2574 divinitatem
1415 2526 1518 2572 Filii
1553 2541 1650 2572 non
1684 2525 1886 2587 primum
1913 2524 2106 2575 Arium,
2135 2523 2216 2569 sed
2251 2522 2365 2569 alios
2391 2522 2530 2568 etiam

260 2612 365 2650 ante
398 2605 551 2666 ipsum
585 2604 644 2651 ab
677 2606 780 2667 ipso
806 2606 973 2652 Christi
1000 2606 1201 2652 adventu
1237 2620 1450 2667 negasse:
1487 2612 1530 2650 et
1556 2604 1879 2650 Nestorianam
1902 2602 2154 2655 haeresim,
2183 2599 2530 2661 eutychianam-

258 2696 351 2742 que
385 2690 492 2727 ante
524 2682 679 2743 ipsum
711 2684 977 2729 Nestorium
1012 2691 1056 2728 et
1089 2682 1392 2744 Eutychetem
1426 2681 1485 2727 ab
1519 2681 1620 2727 aliis
1644 2695 1833 2742 quoque
1863 2679 2002 2725 fuisse
2036 2678 2405 2741 promulgatam,
2434 2692 2529 2722 me-

258 2759 372 2803 mini
407 2754 626 2804 me'alibi
661 2759 769 2804 satis
803 2759 904 2805 fuse
938 2759 1176 2821 probasse.
1214 2761 1480 2805 Vossianam
1515 2773 1629 2805 vero
1653 2772 1836 2819 semper
1870 2772 1894 2802 a
1929 2771 2025 2802 non
2059 2754 2413 2801 contemnendis
2447 2769 2530 2799 au-

257 2832 493 2887 ctoribus,
521 2843 568 2880 et
591 2835 639 2880 in
665 2834 983 2881 discernendis
1017 2837 1492 2898 sanctorumxscriptis
1517 2834 1869 2881 accuratissimis
1903 2833 2106 2894 agnitam
2135 2831 2278 2877 veluti
2302 2830 2530 2876 Thauma-

261 2911 413 2973 turgi,
445 2919 491 2957 et
524 2911 869 2974 Thaumaturgo
904 2921 1067 2958 nostro
1099 2913 1406 2966 vindicatam,
1441 2910 1639 2973 quilibet
1673 2909 1934 2957 dummodo
1967 2909 2026 2955 sit
2057 2911 2105 2954 in
2138 2910 2326 2953 Patrum
2359 2922 2529 2953 monu-

259 2989 431 3033 mentis
465 2989 715 3042 exercitus,
744 2988 981 3035 fatebitur.
1019 2990 1114 3035 Nec
1146 2979 1352 3050 singulos
1385 3003 1666 3035 recenseam.
1722 2982 1724 2984 ’

391 3064 625 3111 Collector
658 3066 768 3111 satis
803 3067 1043 3127 antiquus,
1071 3067 1280 3127 quisquis
1314 3065 1394 3111 ille
1427 3065 1590 3118 fuerit,
1617 3065 1942 3110 auctoritatum
1968 3062 2026 3109 de
2051 3061 2233 3109 duabus
2267 3063 2313 3107 in
2349 3061 2530 3107 Christo

259 3143 439 3188 naturis
471 3158 527 3188 ex
561 3144 729 3189 sanctis
764 3142 1001 3205 patribus,
1030 3156 1172 3203 quam
1205 3158 1303 3189 esse
1336 3150 1540 3189 veterem
1574 3142 1896 3188 collectionem
1930 3150 1976 3186 et
2010 3142 2056 3186 in
2091 3139 2305 3206 pluribus
2336 3140 2529 3201 reperiri

259 3219 558 3272 bibliothecis
591 3221 731 3267 tradit
756 3222 970 3274 Vossius,
999 3237 1054 3267 ex
1088 3220 1173 3267 hac
1207 3221 1358 3267 eidem
1383 3219 1492 3266 fidei
1527 3220 1815 3282 expositione
1848 3219 2101 3265 secundum
2138 3227 2291 3280 partes
2325 3217 2533 3263 testimo-

259 3298 393 3344 nium
432 3299 635 3360 profert,
674 3299 802 3360 quod
841 3298 990 3344 edidit
1022 3299 1226 3344 VossiuS.
1264 3295 1561 3344 Andronicus
1599 3298 1866 3342 Camaterus
1906 3311 2003 3341 non
2045 3294 2412 3341 contemnendus
2453 3309 2532 3340 au-

263 3383 387 3428 ctor,
414 3383 459 3421 et
494 3377 542 3421 in
578 3376 777 3422 lectione
802 3384 1069 3422 sanctorum
1096 3383 1279 3437 patrum
1305 3375 1667 3426 versatissimus,
1698 3374 1818 3419 inter
1851 3372 1939 3418 alia
1974 3380 2240 3418 sanctorum
2271 3372 2542 3417 testimonia

263 3467 288 3498 a
322 3468 372 3498 se
404 3452 598 3499 collecta
633 3453 693 3499 de
728 3453 1024 3515 processione
1057 3453 1252 3514 Spiritus
1287 3452 1458 3505 sancti,
1497 3467 1553 3496 ex
1587 3450 1672 3496 hac
1705 3465 1894 3511 quoque
1928 3447 2036 3495 fidei
2071 3450 2356 3511 expositione
2390 3464 2532 3494 unam

264 3536 310 3574 et
332 3529 527 3575 alteram
552 3545 604 3576 ac
627 3532 811 3576 tertiam
836 3531 1155 3577 auctoritatem
1181 3529 1394 3590 collegit,
1422 3536 1468 3574 et
1501 3529 1569 3574 uti
1594 3528 1816 3590 genuinas
1842 3526 2169 3588 Thaumaturgi
2196 3528 2290 3573 suis
2325 3527 2533 3572 animad-

262 3605 556 3654 versionibus
589 3623 823 3670 exponere
859 3616 1078 3660 conatum
1106 3608 1180 3653 cui
1213 3606 1500 3669 respondens
1530 3606 1757 3651 Iohannes
1786 3606 1960 3651 Veccus
1984 3605 2245 3667 patriarcha
2281 3605 2533 3650 constanti-

266 3683 589 3744 nopolitanus,
616 3700 712 3731 non
747 3699 824 3730 eas
859 3693 1095 3746 tamquam
1129 3684 1310 3745 spurias
1344 3683 1511 3735 reiicit,
1547 3681 1629 3729 sed
1663 3683 1730 3727 uti
1765 3683 1990 3744 genuinas
2023 3697 2299 3744 agnoscens,
2338 3697 2418 3727 sua
2453 3697 2533 3727 ex-

266 3758 516 3818 plicatione
549 3759 609 3807 ab
644 3760 817 3808 absona
850 3762 1076 3808 Camateri
1116 3760 1405 3824 expositione
1438 3761 1487 3806 in
1521 3768 1695 3806 rectam
1730 3757 1934 3821 fideique
1969 3774 2222 3805 consonam
2259 3759 2532 3804 sententiam

265 3834 494 3891 traducit,
520 3845 569 3884 et
591 3853 754 3884 verum
789 3838 1042 3885 earundem
1069 3853 1256 3884 sensum
1289 3836 1517 3884 enucleat.
1555 3835 1690 3894 Quod
1717 3837 1755 3884 si
1790 3823 2210 3900 ’ψευδεπίγραφον
2248 3844 2527 3898 reputasset,
