2970 4420
860 329 1371 441 aman-<nime
1411 370 2043 440 &assemano

1227 544 1683 582 ‹emi-mmo

808 754 1004 795 Ecclesiae
1033 753 1318 795 alexand-rinae
1348 753 1519 804 officium
1540 753 1627 805 suit
1654 754 1851 806 paschatis
1880 754 2111 806 clesiqnatio.

401 898 467 947 ,1.
496 846 785 955 Postquam
819 909 844 939 a
878 895 1072 940 nicaeno
1105 893 1293 939 decreto
1332 895 1373 954 1)
1410 893 1515 940 finis
1542 893 1786 956 impositus
1820 893 1904 939 fuit
1945 895 2239 954 gravissimae
2279 895 2339 941 de
2378 896 2452 942 dic
2494 913 2588 959 pa-y

335 973 478 1019 schali
509 973 630 1017 inter
663 972 842 1017 asianos
875 978 1142 1031 ceterosque
1175 969 1450 1016 christianos
1484 971 1685 1033 populos
1719 971 2087 1024 controversiae,
2115 973 2175 1017 ita
2201 980 2252 1017 ut
2276 988 2370 1018 uno
2394 974 2584 1020 eodem-

334 1067 427 1113 que
460 1051 535 1095 die
567 1049 801 1095 dominico
835 1063 859 1094 a
893 1048 1068 1094 cunctis
1099 1046 1318 1108 deinceps
1342 1063 1426 1109 per
1459 1045 1624 1094 orbem
1657 1048 1948 1102 Christianis,
1976 1056 2135 1095 contra
2163 1048 2439 1096 ludaeorum
2471 1068 2582 1098 con-

336 1126 629 1175 suetudinem
652 1161 664 1178 ,
701 1141 756 1172 ea
789 1125 1072 1172 sollemnitas
1105 1122 1452 1177 celebraretur;
1489 1140 1592 1172 mos
1624 1125 1704 1172 ille
1736 1126 1956 1177 invaluit,
1983 1141 2125 1188 quem
2158 1127 2421 1188 compendii
2450 1145 2582 1178 causa

334 1206 534 1252 Cassiani
566 1203 722 1250 verbis
755 1203 950 1250 referam
987 1198 1171 1263 (c'ollat.
1201 1202 1257 1250 X.
1285 1216 1386 1262 cap,
1415 1202 1499 1263 2.)
1539 1221 1561 1245 «
1583 1204 1706 1249 intra
1741 1205 1938 1265 Aegypti
1973 1204 2211 1264 regionem
2244 1220 2346 1250 mos
2385 1206 2469 1252 iste
2502 1223 2584 1255 an·-

339 1302 362 1327 »
400 1284 526 1343 liqna
559 1280 807 1326 traditione
840 1286 1078 1331 servatur,
1115 1285 1167 1322 ut
1199 1285 1388 1339 peracto
1421 1277 1777 1340 epiphaniorum
1811 1279 1886 1326 die
1909 1314 1920 1333 ,
1957 1280 2179 1341 epistolae
2219 1281 2451 1341 pontificis
2491 1283 2585 1329 ale-

339 1379 362 1403 »
399 1358 612 1406 xandrini
645 1372 729 1419 per
751 1356 987 1402 universas
1009 1353 1271 1414 dirigantur
1293 1353 1491 1416 Aegypti
1518 1354 1752 1409 ecclesias,
1780 1353 1951 1417 quibus
1975 1356 2159 1402 initium
2182 1357 2580 1419 quadragesimae,

340 1457 362 1477 »
401 1444 448 1482 et
479 1435 578 1480 dies
611 1432 804 1495 paschae
825 1465 837 1484 ‚
875 1445 969 1476 non
1003 1429 1157 1475 solum
1190 1444 1273 1491 per
1306 1430 1512 1476 civitates
1545 1445 1734 1485 omnes,
1772 1432 1852 1478 sed
1886 1433 2024 1478 etiam
2057 1448 2141 1494 per
2176 1434 2387 1479 universa
2423 1450 2585 1482 mona-

341 1532 363 1556 »
401 1513 535 1559 steria
570 1510 882 1571 designentur.
909 1527 931 1549 >³
969 1508 1069 1554 Leo
1095 1521 1209 1553 vero
1241 1507 1325 1552 ΡΡ.
1353 1507 1402 1552 in
1435 1507 1630 1570 epistola
1667 1510 1775 1554 121.
1813 1507 1924 1555 edit.
1962 1510 2181 1556 Ballerin.
2211 1511 2271 1556 ad
2303 1512 2583 1558 Marcianum

335 1591 502 1650 imper.
539 1588 604 1632 sic
635 1586 859 1646 loquitur.
902 1602 925 1627 c<
946 1585 1097 1630 Sancti
1131 1591 1285 1647 patres
1317 1598 1507 1630 omnem
1538 1584 1658 1630 hanc
1692 1601 1850 1631 curam
1875 1586 2174 1633 alexandrino
2205 1588 2424 1650 episcopo
2458 1589 2587 1636 dele-

338 1684 362 1708 »
399 1672 558 1726 gantes
592 1663 835 1725 (quoniam
869 1661 994 1724 apud
1027 1662 1287 1723 Aegyptios.
1313 1661 1450 1708 huius
1475 1662 1814 1724 supputationis
1847 1664 2099 1724 antiquitus
2132 1663 2300 1710 tradita
2333 1680 2430 1711 esse
2455 1666 2587 1712 vide—

338 1759 361 1785 »
398 1739 537 1786 batur
570 1738 760 1801 peritia)
797 1753 882 1801 per
915 1753 1057 1800 quem
1089 1738 1339 1800 quotannis
1372 1738 1470 1784 dies
1504 1738 1767 1800 praedictae
1800 1738 2122 1786 sollemnitatis
2159 1740 2266 1787 Sedi
2309 1742 2587 1802 apostolicae

337 1835 361 1862 >›
398 1816 708 1869 indicaretur,
744 1816 873 1861 cuius
906 1816 1089 1878 scriptis
1122 1815 1182 1861 ad
1214 1815 1565 1877 longinquiores
1597 1815 1810 1862 ecclesias
1839 1816 2062 1863 indicium
2095 1817 2311 1879 generale
2345 1834 2587 1880 percurre-
2620 1875 2630 1889 .

339 1913 363 1938 »
399 1902 488 1941 ret.
513 1912 536 1938 »
575 1893 829 1955 (Romanis
861 1907 1023 1955 reapse
1047 1908 1096 1938 se
1129 1892 1298 1955 pascha
1321 1879 1545 1939 indicasse
1569 1895 1631 1939 ait
1655 1908 1779 1939 nunc
1811 1894 1937 1955 apud
1964 1909 2049 1941 nos
2078 1894 2356 1941 Athanasius
2380 1896 2478 1957 ipse
2505 1897 2588 1943 he-

334 1979 498 2017 ortast.
537 1969 651 2030 18.)
684 1970 800 2014 Exin
833 1970 928 2015 Leo
961 1968 1105 2015 verba
1137 1969 1247 2015 facit
1286 1969 1345 2015 de
1378 1985 1538 2016 errore
1570 1972 1620 2016 in
1651 1971 1894 2033 Theophili
1938 1972 2224 2019 alexandrini
2263 1974 2470 2036 episcopi
2509 1990 2590 2036 cy-

336 2047 462 2093 clum
485 2046 654 2108 illapso
689 2046 936 2113 (utyetiam
968 2047 1016 2091 in
1050 2060 1126 2108 ep.
1166 2045 1270 2107 88.)
1307 2046 1528 2108 Idemque
1562 2048 1608 2092 in
1644 2063 1720 2109 ep.
1754 2049 1860 2093 122.
1899 2048 2001 2094 vult
2034 2064 2118 2111 per
2143 2049 2400 2111 principem
2427 2050 2591 2098 admo-

334 2125 435 2171 neri
469 2123 746 2185 Aegyptios,
774 2115 833 2168 ne
866 2123 915 2167 in
949 2138 1156 2168 summae
1190 2122 1448 2168 festivitatis
1482 2122 1557 2168 die
1580 2159 1591 2177 ‚
1622 2124 1913 2185 ¹dissensione
1947 2126 2100 2187 aliqua
2126 2135 2202 2172 aut
2227 2129 2588 2188 transgressione

335 2210 569 2264 peccetur.
606 2202 664 2246 Et
696 2200 887 2262 quidem
929 2200 988 2246 de
1021 2207 1244 2262 computo
1279 2200 1494 2262 aegyptio
1528 2200 1610 2247 diu
1643 2201 1852 2263 loquitur
1876 2203 2015 2249 etiam
2049 2203 2346 2250 Paschasinus
2376 2203 2590 2265 lilybeta-

334 2295 423 2325 nus
456 2294 562 2325 cum
594 2279 747 2324 Leone
770 2278 819 2323 in
842 2293 916 2340 ep.
946 2279 993 2323 3.
1020 2278 1102 2324 Rei
1125 2276 1474 2324 confirmandae
1504 2293 1661 2332 causa,
1688 2279 1839 2341 placet
1862 2278 2004 2326 verba
2028 2295 2216 2341 quoque
2242 2281 2391 2327 Bedae
2415 2282 2474 2327 de
2499 2292 2584 2328 rat.

344 2364 545 2418 tempor.
577 2370 679 2417 cap.
717 2355 797 2399 [42.
837 2348 1115 2401 adscribere.
1159 2371 1181 2398 t<
1201 2355 1369 2400 Fertur
1401 2355 1654 2417 antiquitus
1695 2356 2020 2403 alexandrinae
2044 2357 2262 2404 ecclesiae
2296 2359 2485 2404 antistiti
2509 2359 2593 2404 de-

340 2450 363 2475 »
401 2432 606 2493 legatum
627 2466 639 2484 ,
669 2439 720 2477 ut
741 2430 949 2477 officiose
982 2446 1175 2493 operam
1209 2446 1461 2493 curamque
1484 2432 1825 2495 investigationi
1860 2435 2067 2495 computi
2101 2434 2328 2495 paschalis
2352 2435 2590 2498 impende-

280 2558 285 2563 s
341 2528 362 2553 »
400 2517 496 2562 ret,
533 2515 761 2570 quatenus
783 2507 991 2569 pontifici
1027 2507 1307 2570 apostolicae
1341 2508 1470 2555 Sedis
1503 2509 1811 2564 adnuncians,
1847 2525 1931 2572 per
1966 2525 2070 2556 eum
2108 2509 2302 2572 paschae
2335 2511 2458 2557 diem
2499 2512 2593 2558 sol-

341 2607 362 2628 »
403 2586 607 2632 lemnem
633 2594 813 2631 ceteros
837 2584 1133 2631 ecclesiarum
1157 2586 1389 2648 principes
1413 2601 1661 2648 agnoscere
1685 2586 1910 2634 faceret.»
1939 2589 2044 2633 Mox
2069 2587 2193 2633 idem
2217 2588 2339 2634 Beda
2365 2588 2424 2634 de
2446 2587 2594 2635 Theo-

336 2664 453 2726 phili
489 2671 748 2709 memorato
782 2663 915 2723 cyclo
944 2662 1142 2724 loquens
1177 2663 1330 2724 (cuius
1352 2663 1579 2709 rationem
1613 2664 1934 2725 cognoscimus
1966 2665 2016 2709 in
2040 2665 2185 2725 ipsius
2216 2664 2456 2726 Theophili
2484 2680 2594 2726 pro-

337 2741 448 2800 logo
481 2739 607 2801 apud
649 2740 944 2786 Gallandium
985 2739 1106 2786 Bibl.
1148 2741 1199 2785 T.
1232 2741 1330 2786 Vll.
1371 2755 1420 2802 p.
1459 2739 1605 2801 614.)
1647 2740 1858 2794 «huius,
1900 2742 2085 2802 inquit,
2131 2742 2364 2787 Proterius
2410 2741 2594 2787 alexan-

343 2832 367 2858 »
405 2815 567 2859 drinae
605 2814 737 2859 urbis
780 2817 997 2868 antistes,
1043 2816 1103 2862 ad
1143 2817 1489 2877 inquisitionem
1528 2832 1685 2878 papae-
1709 2818 1896 2870 Leonis,
1943 2816 2352 2863 luculentissimam
2391 2817 2595 2863 reddidit

343 2909 366 2934 »
404 2891 648 2935 rationem.
683 2888 944 2950 Oportebat
977 2893 1102 2936 enim
1123 2925 1135 2944 ,
1173 2894 1325 2952 pergit
1358 2892 1512 2938 dicere
1532 2927 1543 2945 ‚
1580 2902 1632 2938 ut
1665 2891 1724 2938 ab
1761 2892 2086 2939 alexandrinae
2125 2894 2341 2940 ecclesiae
2383 2894 2594 2954 praesule

343 2987 364 3008 »
404 2966 514 3012 talia
558 2966 728 3027 scripta
775 2965 834 3011 ad
872 2965 1037 3011 Sedem
1077 2967 1377 3028 apostolicam
1418 2969 1711 3013 mitterentur
1733 3003 1745 3020 ,
1790 2984 1909 3029 quae
1953 2969 2275 3021 ostenderent,
2331 2971 2594 3031 magisterio

344 3062 366 3086 n
405 3040 657 3088 beatissimi
681 3042 802 3086 Petri
829 3041 1030 3102 apostoli
1064 3041 1154 3087 hoc
1186 3041 1246 3087 ab
1278 3043 1411 3088 initio
1446 3058 1530 3104 per
1563 3042 1752 3089 beatum
1785 3046 1990 3090 Marcum
2024 3045 2124 3090 eius
2157 3044 2438 3106 discipulum
2472 3046 2596 3092 didi-

344 3138 366 3163 »
404 3120 518 3165 cisse
541 3118 794 3180 Aegyptios
817 3152 828 3170 ,
855 3118 985 3179 quod
1010 3127 1190 3181 constat
1213 3118 1463 3165 credidisse
1487 3120 1736 3166 Romanos.
1754 3140 1776 3162 υ
1806 3122 1982 3182 Nempe
2005 3122 2219 3183 Aegyptii
2243 3121 2328 3167 hac
2351 3122 2400 3167 in
2425 3138 2476 3168 re
2499 3138 2594 3168 non

342 3196 506 3241 asianis
521 3229 532 3248 ,
563 3194 637 3256 (id
661 3202 730 3240 est
754 3194 911 3257 Syriae
931 3228 943 3247 ‚
981 3181 1162 3241 Ciliciae
1174 3181 1194 3249 ,⁴
1213 3204 1269 3243 ¹et
1301 3195 1660 3257 Mesopotamiae
1684 3195 1870 3257 populis
1885 3231 1897 3250 ,
1936 3204 1985 3242 ut
2010 3198 2073 3243 ait
2096 3197 2371 3245 Athanasius
2395 3198 2454 3244 de
2486 3214 2596 3260 syn-

340 3271 443 3317 odis
474 3271 672 3317 Arimini
705 3279 752 3316 et
783 3270 1013 3317 Seleuciae
1048 3287 1097 3317 n.
1136 3272 1220 3334 5.)
1256 3271 1339 3318 sed
1372 3272 1472 3318 aliis
1506 3271 1854 3319 consentiebant
1887 3273 2162 3320 christianis.

427 3356 460 3395 1)
485 3353 682 3388 Decretum
699 3355 799 3389 extat
822 3350 922 3401 apud
936 3351 1075 3390 Gelasii
1095 3352 1285 3390 historiam
1303 3353 1450 3390 concilii
1469 3352 1612 3390 nicaeni
1627 3352 1694 3390 lib.
1713 3354 1761 3389 ΙΙ.
1783 3364 1862 3401 cap.
1886 3359 1943 3396 33.
1964 3354 2004 3392 in
2020 3360 2166 3402 patrum
2181 3355 2421 3396 nicaenorum
2440 3356 2595 3404 epistola

339 3410 386 3447 ad
402 3410 613 3460 Aegyptios.
645 3411 963 3460 Εὗαγγελιζόμεθα
987 3414 1077 3460 ὑμᾶς
1105 3414 1163 3449 καὶ
1189 3415 1264 3462 περὶ
1285 3416 1345 3455 τῆς
1365 3413 1559 3461 συμφωνίας
1578 3415 1637 3451 τοῦ
1662 3414 1761 3461 ἑγίου
1780 3415 1930 3462 πάσχα,
1957 3414 2010 3451 ὅτι
2030 3415 2236 3460 κατωρθώθη
2257 3418 2316 3451 καὶ
2344 3418 2444 3452 τοῦτο
2473 3419 2510 3452 τό
2537 3418 2595 3463 με’-

342 3486 420 3520 ρος,
447 3471 535 3509 ὥστε
561 3474 692 3514 πάντας
719 3473 799 3514 τούς
823 3473 856 3508 ἐν
885 3476 928 3522 τῇ
952 3474 1020 3520 ἑῴᾳ
1043 3474 1211 3522 οἷδελφούς
1227 3501 1237 3518 ,
1263 3477 1342 3516 τούς
1369 3475 1457 3522 μετά
1484 3476 1543 3510 τῶν
1560 3475 1727 3511 Ἰουδαίων
1761 3477 1799 3512 τό
1826 3476 1986 3525 πρότερον
2019 3479 2222 3526 ποιοῦγτᾳς,
2254 3479 2437 3525 συμφώνως
2459 3477 2588 3523 Ῥωμαί

338 3550 389 3576 οις
415 3537 472 3570 καὶ
501 3536 580 3582 ὑμῖν
610 3537 667 3571 καὶ
695 3537 800 3572 πᾶσιν
825 3537 907 3583 η’μῖν
934 3540 1008 3578 τοῖς
1033 3537 1072 3581 ἐξ
1105 3538 1255 3586 ἀρχαίου
1287 3537 1364 3585 μεθ’
1391 3539 1478 3583 ὑμῶν
1500 3538 1723 3585 φυλάσσουσι
1752 3539 1790 3574 τό
1817 3539 1968 3586 πάσχα,
1996 3538 2033 3575 ἐκ
2061 3542 2122 3575 τοῦ
2146 3541 2238 3586 δεῦρο
2272 3537 2369 3586 ἄγειν
2396 3540 2456 3578 τήν
2483 3539 2591 3576 αὐτήν

342 3595 537 3642 ayrardi-m
564 3596 683 3644 ἑορτήν
710 3597 771 3632 τοῦ
794 3597 934 3645 πάσχα.
962 3596 1063 3634 Idem
1093 3597 1225 3644 repetit
1257 3597 1523 3634 Constantinus
1547 3603 1726 3644 augustus
1742 3597 1783 3634 in
1798 3597 1952 3645 epistola
1979 3597 2027 3635 ad
2052 3599 2240 3645 episcopos
2257 3598 2322 3645 qui
2346 3598 2502 3634 concilio
2520 3608 2596 3634 non

340 3654 599 3692 interfuerant.
629 3655 799 3702 Denique
826 3655 938 3693 etiam
968 3656 1005 3692 S.
1036 3655 1264 3694 Athanasius
1290 3667 1367 3693 rem
1396 3655 1550 3692 eandem
1579 3661 1705 3694 narrat
1730 3657 1772 3694 in
1793 3657 1947 3705 epistola
1978 3657 2024 3696 ad
2053 3657 2242 3705 episcopos
2277 3656 2471 3694 africanos.
2501 3657 2597 3693 Con-

339 3713 481 3751 feratur
508 3719 631 3750 autem
648 3714 828 3752 Eusebius
844 3715 933 3753 hist.
947 3715 1036 3753 eccl.
1055 3715 1121 3753 lib.
1141 3717 1187 3752 V.
1207 3720 1333 3761 23·25‚
1350 3726 1418 3753 nec
1432 3726 1507 3752 non
1522 3715 1569 3752 de
1582 3716 1644 3753 vit.
1665 3717 1791 3754 Const.
1811 3717 1877 3754 lib.
1899 3719 1965 3754 111.
1987 3722 2021 3754 5.
2047 3721 2101 3753 14.
2125 3721 2180 3753 19.
2202 3719 2322 3763 Atque
2346 3727 2387 3753 ea
2406 3716 2598 3753 occasione

341 3772 437 3810 idem
468 3773 648 3815 Eusebius
671 3778 871 3814 tractatum
892 3773 1002 3812 illum
1018 3773 1064 3812 de
1076 3775 1250 3824 paschate
1272 3775 1441 3822 scripsit,
1459 3774 1563 3813 cuius
1579 3786 1647 3813 nos
1663 3782 1802 3824 partem
1822 3787 1865 3813 ex
1887 3782 1958 3813 vat.
1981 3775 2105 3813 codice
2129 3774 2299 3812 dedimus
2311 3776 2353 3811 T.
2370 3776 2430 3811 tv.
2452 3779 2544 3822 part.
2564 3775 2594 3809 1.

341 3843 378 3879 p.
399 3835 482 3869 209.
499 3843 595 3879 seq„
614 3832 711 3879 quod
730 3833 906 3879 scriptum
925 3838 1050 3881 utpote
1075 3833 1281 3871 doctissimi
1298 3835 1466 3872 omnium
1493 3834 1675 3883 episcopi,
1692 3840 1729 3872 et
1744 3835 1808 3883 qui
1825 3835 1864 3871 in
1881 3835 1944 3873 illa
1962 3833 2102 3883 synodo
2126 3833 2244 3878 sedit,
2263 3831 2500 3871 recolendum
2527 3837 2595 3869 est.

2429 3890 2444 3905 l
