2970 4420
446 266 507 311 32
804 280 811 305 ι
1389 259 1540 311 monis
1572 274 1747 309 AnLAru

446 364 949 413 Commemorabuntur
974 380 1079 413 vero
1103 364 1226 412 mihi
1249 363 1481 412 Iohannis
1508 362 1699 426 quidem
1715 378 1794 417 ,res
1817 373 1978 426 gestae
2006 361 2304 428 compendio,
2331 374 2378 409 et
2399 363 2689 428 veluticapi-

441 454 545 488 tum
578 459 792 490 summae
825 443 1126 507 digerentur,
1156 443 1284 506 quod
1318 442 1447 488 illius
1483 440 1790 504 temporibus,
1825 452 1877 487 ut
1915 452 2059 487 antea
2094 441 2369 493 innuet-am,
2401 443 2560 488 nullus
2580 442 2691 503 sui.

371 559 373 561 .
441 522 531 566 Res
560 532 723 566 autem
752 532 912 584 gestas
938 519 1067 566 illius
1090 519 1175 582 qui
1197 519 1467 564 subsecutus
1496 529 1585 568 est,
1614 516 1769 564 nescio
1800 519 1864 562 an'
1888 517 2128 580 quispiam
2161 518 2288 565 alius
2311 535 2386 564 me
2419 518 2696 565 accuratius

439 597 618 661 scripto
644 597 832 644 tradere
860 596 1065 660 poterit:
1096 592 1203 641 cum
1224 595 1435 641 nondum
1460 593 1619 640 adhuc
1651 611 1715 639 eoe
1750 592 1937 658 ephebis
1969 595 2221 646 excedens,
2252 596 2414 643 multis
2445 595 2571 642 illius
2605 612 2695 641 ex-

437 672 761 738 peditionibus
783 674 834 720 in
862 686 1113 736 utramque
1136 672 1449 717 continentem
1469 687 1696 735 praesens
1720 670 1982 733 adfuerim.
2018 673 2140 718 Finit
2166 673 2320 739 itaque
2344 674 2525 720 Nicetas
2548 673 2703 719 histo--

443 752 560 797 riam
595 767 726 798 suam
759 752 807 797 in
835 751 1038 796 Henrico
1065 748 1278 795 Balduini
1314 747 1480 803 fratre,
1507 764 1580 795 res
1613 756 1872 795 memoratu
1905 748 2068 809 dignas
2093 764 2211 811 quae
2242 750 2291 796 in
2323 748 2572 811 byzantino
2605 750 2695 795 im-

444 829 576 891 perio
602 843 832 875 annorum
857 828 1038 873 circiter
1062 826 1299 871 LXXXVI.
1329 826 1501 887 spatio,
1527 826 1576 871 in
1602 826 1780 887 magnis
1803 826 2071 887 praesertim
2094 835 2344 872 eventuum
2367 826 2693 881 varietatibus,

445 915 490 952 et
524 905 687 952 subitis
716 905 931 951 fortunae
960 900 1429 955 commutationibus,
1449 918 1575 964 quae
1599 903 1828 965 plurimae
1854 917 2027 964 eaeque
2052 901 2313 956 mirabiles,
2342 919 2394 950 ac
2426 905 2581 966 potius
2608 903 2697 948 mi-

445 982 663 1030 serabiles
688 991 734 1028 et
758 989 941 1044 praeter
974 979 1339 1041 expectationem
1365 980 1561 1027 Graecos
1592 995 1888 1042 oppressere,
1915 988 2148 1027 crescente
2171 981 2219 1026 in
2252 980 2351 1035 dies
2378 983 2621 1028 Persarum
2653 989 2700 1027 et

444 1061 695 1106 Turcarum
715 1060 763 1104 in
780 1059 957 1105 oriente
973 1092 984 1110 ,
1007 1056 1316 1117 Bulgarorum
1334 1064 1381 1102 et
1403 1057 1604 1103 aliorum
1628 1056 1934 1104 finitimorum
1951 1058 1998 1103 in
2017 1056 2255 1103 occidente
2279 1059 2479 1119 potentia
2497 1075 2507 1110 ;
2529 1066 2575 1104 et
2594 1056 2711 1104 ubi—‘

441 1152 537 1197 que
555 1136 910 1181 christianorum
930 1134 1194 1195 principum
1213 1132 1414 1180 dissidiis
1434 1142 1480 1181 et
1497 1134 1794 1196 perversitate
1819 1133 2107 1191 acciderunt3
2131 1133 2399 1196 complexus
2424 1133 2556 1180 libris
2576 1130 2695 1184 xxt.

445 1228 592 1274 usque
627 1213 685 1258 ad
716 1226 890 1257 annum
918 1210 1082 1256 Christi
1117 1210 1356 1256 ClDCCIII.

572 1291 677 1335 Non
716 1288 956 1334 descivisse
999 1303 1106 1333 eum
1147 1303 1171 1334 a
1209 1288 1432 1342 veritate,
1471 1296 1572 1335 tum
1603 1295 1903 1333 externorum
1936 1286 2139 1346 facinora
2180 1302 2274 1332 non
2314 1287 2412 1333 sine
2448 1288 2701 1349 promerita

446 1368 608 1420 laude,
636 1377 737 1413 tum
765 1381 955 1413 suorum
983 1367 1225 1428 gentilium
1260 1367 1431 1414 scelera
1458 1369 1656 1429 ingenue
1682 1376 1727 1413 et
1752 1382 1858 1413 cum
1887 1367 2065 1413 doloris
2090 1366 2338 1413 acerbitate
2362 1367 2629 1429 deplorata,
2656 1376 2704 1416 et

442 1460 591 1506 aequa
624 1459 780 1490 rerum
815 1445 1046 1497 narratio,
1079 1444 1253 1490 indicio
1279 1452 1409 1490 sunt.·
1439 1446 1506 1490 Ex
1539 1459 1596 1490 eo
1624 1430 1852 1507 siquidein
1880 1443 2023 1490 habes
2051 1443 2406 1510 occidentalium
2432 1445 2478 1490 in
2510 1460 2705 1507 recupe-

445 1521 589 1567 randa
622 1521 751 1582 Syria
786 1529 831 1566 et
862 1528 985 1567 terra
1017 1528 1173 1567 sancta
1207 1522 1424 1583 pietatem
1453 1536 1505 1567 ac
1539 1520 1888 1577 fortitudinem3
1917 1520 2115 1566 Conradi
2145 1528 2191 1566 et
2223 1521 2444 1567 Friderici
2477 1537 2572 1569 non
2606 1524 2704 1569 sine

445 1597 740 1645 nobilissimis
777 1598 1002 1661 exemplis
1043 1598 1317 1644 clarissimas
1356 1597 1533 1644 laudes.
1574 1598 1685 1653 Quis
1722 1597 1937 1643 Balduini
1976 1596 2168 1644 virtutes
2207 1599 2358 1660 aptius
2395 1601 2704 1661 expresserit?

445 1677 615 1722 Contra
650 1689 764 1721 vero
798 1677 902 1736 quis
936 1676 982 1720 in
1012 1662 1299 1722 'Graecorum
1333 1676 1470 1728 vitia,
1497 1690 1616 1736 quae
1641 1675 1735 1721 suis
1766 1673 2057 1737 temporibus
2089 1683 2214 1721 tanta
2247 1675 2457 1738 adeoque
2488 1677 2705 1725 immania

446 1753 603 1807 fuere,
633 1753 782 1799 acrius
805 1753 1128 1801 insultaverit?
1153 1755 1254 1800 Hoc
1277 1753 1414 1815 plane
1438 1753 1625 1815 ingenui
1650 1753 1789 1799 animi
1816 1751 1975 1806 fuerit,
2002 1768 2102 1799 rem
2127 1756 2192 1799 uti
2218 1762 2316 1800 acta
2339 1763 2428 1808 est,
2455 1757 2701 1803 narrantis.

575 1830 768 1877 Modum
801 1830 985 1876 dicendi
1021 1838 1203 1876 secutus
1237 1839 1304 1877 est
1339 1828 1573 1892 amplum,
1610 1830 1884 1893 profusum,
1921 1830 2002 1876 sed
2035 1822 2279 1877 horridum
2301 1866 2312 1885 ,
2350 1831 2701 1894 complicatum,

448 1907 697 1954 immodica
732 1907 973 1953 insolentis
1007 1907 1260 1968 elegantiae
1285 1916 1423 1969 atque
1448 1907 1722 1954 eruditionis
1755 1906 2041 1953 affectatione
2067 1922 2261 1961 vanum,
2290 1923 2348 1954 ne
2372 1895 2524 1954 dicam
2551 1911 2726 1971 pueri-s

450 1985 572 2038 lem,
600 1993 645 2031 et
679 1986 967 2047 poeticarum
1003 1983 1268 2030 fabularum
1294 1993 1339 2030 et
1374 1984 1631 2030 dictionum
1666 1986 1954 2031 immixtione
1979 1983 2308 2046 subasperum,
2335 1994 2380 2032 et
2414 1987 2710 2048 compositio-

450 2065 521 2109 nis
555 2063 679 2109 male
714 2063 917 2125 implexa
950 2063 1292 2109 constructione
1326 2061 1602 2115 obscurum,
1630 2063 1711 2124 qui
1739 2063 1957 2124 proprius
1980 2062 2170 2109 huiusce
2202 2063 2440 2125 scriptoris
2473 2073 2542 2111 est
2574 2081 2707 2127 prae-

452 2141 680 2203 cipueque
715 2139 774 2186 ab
807 2141 910 2202 ipso
935 2155 1023 2202 pro
1049 2155 1134 2186 suo
1166 2140 1303 2201 genio
1337 2140 1539 2185 intentus
1563 2148 1609 2185 et
1633 2147 1933 2201 procuratus;
1960 2154 2054 2186 non
2077 2139 2434 2202 Metaphrastae,
2460 2150 2508 2188 et
2528 2143 2708 2190 aemuli

454 2217 670 2272 alicuius,
700 2225 1040 2270 assumentum,
1073 2226 1126 2263 ut
1158 2217 1344 2263 videtur
1377 2217 1667 2278 Hieronymo
1699 2216 1896 2265 Wolfio.
1933 2218 1999 2263 De
2032 2217 2139 2264 stilo
2172 2218 2297 2265 illiu‘s
2329 2218 2454 2265 idem
2485 2219 2705 2267 Wolfius.

454 2295 535 2339 'Ex
560 2294 865 2356 affectatione
890 2293 1046 2341 nescio
1069 2293 1203 2339 cuius
1228 2293 1471 2340 insolentis
1493 2293 1787 2357 elegantiae,
1814 2305 1859 2339 et
1874 2293 2092 2359 poeticae
2115 2294 2338 2341 dictionis
2362 2296 2704 2348 aemulatione,

455 2369 505 2415 in
536 2369 749 2416 salebras
773 2386 912 2433 saepe
944 2369 1138 2421 incidit,
1171 2381 1216 2415 et
1241 2369 1375 2415 duris
1403 2386 1462 2415 ac
1490 2370 1661 2433 ineptis
1694 2370 1849 2416 utitur
1871 2369 2187 2434 metaphoris,
2216 2370 2268 2416 in
2294 2371 2537 2435 prooemio
2562 2388 2710 2436 prae-

453 2446 642 2496 sertim,
674 2446 757 2492 ubi
788 2463 896 2492 cum
922 2446 1098 2510 primis
1124 2446 1328 2493 disertus
1352 2446 1503 2493 videri
1534 2446 1681 2511 cupit.
1721 2447 1859 2502 Quod
1888 2447 1932 2493 si
1963 2459 2115 2493 totam
2144 2446 2397 2494 historiam
2421 2448 2572 2494 simili
2598 2466 2710 2496 ora-

454 2523 582 2569 tione
607 2523 892 2574 involvisset,
923 2523 972 2569 in
997 2523 1222 2569 latomias
1248 2523 1338 2574 ire,
1366 2539 1512 2586 quam
1534 2524 1762 2570 molestiis
1786 2523 2098 2571 conversionis
2121 2524 2396 2586 conflictari
2415 2525 2708 2573 maluissem.

454 2600 551 2646 Sed
581 2600 697 2663 quia
729 2600 1045 2646 tolerabiliter
1086 2600 1217 2663 loqui
1255 2600 1424 2664 incipit
1456 2617 1564 2647 cum
1598 2601 1667 2646 ad
1697 2617 1795 2647 rem
1830 2601 1984 2665 ipsam
2018 2613 2204 2648 ventum
2238 2614 2332 2653 est,
2372 2601 2498 2648 hanc
2530 2620 2713 2666 quoque

455 2693 651 2741 operam
682 2677 908 2723 studiosis
939 2676 1253 2723 historiarum
1285 2677 1404 2723 dare
1438 2678 1586 2730 volui,
1625 2690 1678 2724 ut
1711 2680 1931 2724 Zonarae
1966 2695 2083 2742 opus
2116 2677 2208 2724 hac
2241 2669 2501 2742 appendice
2521 2680 2713 2743 plenius

457 2754 750 2802 redderetur.
788 2757 948 2816 Neque
980 2754 1209 2801 Iohannes
1243 2755 1430 2801 Vossius
1462 2755 1699 2801 discordat
1734 2756 1793 2801 de
1829 2756 2056 2802 historicis
2091 2756 2265 2818 graecis
2295 2755 2380 2802 lib.
2408 2757 2465 2802 ll.
2495 2772 2596 2819 cap.
2628 2758 2709 2803 29.

456 2831 679 2895 Diligens
700 2831 811 2893 suit
837 2831 1036 2877 Homeri
1068 2832 1213 2877 lector
1236 2844 1280 2877 et
1305 2831 1544 2882 imitator,
1574 2832 1694 2878 adeo
1728 2844 1781 2878 ut
1814 2832 1871 2878 ob
1900 2832 2138 2896 poeticam
2172 2845 2316 2896 atque
2341 2832 2613 2879 insolentem
2639 2824 2716 2879 di-

455 2908 659 2955 ctionem
693 2908 975 2971 quandoque
1009 2908 1177 2955 durior
1201 2909 1322 2969 fiat,
1362 2926 1470 2955 cum
1499 2909 1671 2973 primis
1704 2909 1755 2955 in
1783 2903 2110 2972 praefatione,
2149 2926 2273 2973 quae
2305 2926 2419 2957 sane
2450 2911 2709 2958 salebrosa.

459 2987 519 3031 In
544 2984 709 3031 ceteris
734 2985 922 3031 mollior
941 2985 1086 3046 fluit,
1118 2985 1246 3047 quod
1277 2997 1322 3031 et
1346 2985 1403 3031 de
1427 3002 1475 3031 se
1500 2986 1547 3031 in
1577 2987 1886 3050 praefatione
1914 2986 2171 3050 promittit.
2214 2988 2269 3033 Ut
2294 2986 2417 3032 mihi
2438 2987 2627 3049 quidem
2652 2988 2716 3035 vi-

461 3061 633 3107 deatur
661 3061 968 3125 praefatione
993 3077 1049 3106 ea
1075 3074 1312 3108 ostentare
1334 3063 1558 3114 voluisse,
1588 3075 1794 3127 quantus
1825 3063 2167 3126 logodaedalus
2187 3063 2350 3125 soret:
2384 3063 2513 3125 quod
2538 3063 2715 3115 ‚simili-

463 3150 533 3183 ter
568 3137 617 3182 in
651 3137 855 3183 historia
890 3138 934 3183 si
953 3138 1172 3199 fecisset,
1201 3155 1293 3184 nae
1328 3140 1406 3185 ille
1439 3141 1588 3186 multo
1621 3140 1769 3185 etiam
1802 3139 1960 3186 minus
1994 3138 2177 3190 laudis,
2208 3155 2353 3201 quam
2388 3155 2513 3185 nunc
2545 3137 2709 3190 habet,

463 3226 736 3260 mereretur.
775 3216 878 3277 Ipse
901 3215 1205 3262 nihilominus
1228 3217 1603 3279 perspicuitatem
1637 3232 1684 3263 se
1708 3218 1837 3278 sequi
1861 3218 1908 3262 in
1934 3217 2178 3278 prooemio
2211 3216 2451 3267 historiae,
2481 3224 2621 3277 prout
2644 3216 2716 3268 hi-v

465 3292 687 3336 storicum
720 3292 935 3346 addecet,
967 3308 1264 3355 summopere
1286 3294 1445 3347 iactat,
1470 3295 1518 3340 in
1542 3294 1642 3378 ipsa
1665 3308 1748 3340 sua
1780 3294 2038 3339 iactatione
2057 3290 2282 3338 obscurus
2315 3300 2360 3338 et
2372 3291 2712 3376 ”confragosus-

460 3355 602 3409 Emi
638 3355 691 3409 δὲ
729 3359 793 3418 ὠς
828 3358 911 3411 καὶ
945 3357 1108 3412 ἄλλοι
1137 3382 1187 3413 τε
1225 3361 1575 3431 ξυμβαλειν’
1562 3357 1773 3429 ἔχουσι,
1802 3382 1883 3412 και
1919 3358 2074 3419 αυτὸς
2111 3355 2164 3411 δὲ
2203 3358 2448 3430 συνορῶν,
2480 3380 2579 3426 ουχ
2614 3355 2718 3415 ἥκι-

468 3431 566 3488 στά
603 3455 705 3502 ειμι
741 3433 805 3486 τοὶ
839 3458 927 3488 του
970 3436 1189 3509 ἱστορειν
1224 3435 1281 3489 τὸ
1319 3460 1408 3497 της
1442 3434 1726 3510 διηγήσεως
1763 3434 1985 3501 ασαφὲς,
2021 3458 2101 3488 και
2141 3435 2477 3507 περιβολαῖς,
2514 3433 2596 3487 καὶ
2636 3457 2716 3488 πε-

468 3506 720 3583 ριόδοις
702 3511 1141 3584 εωεστραμμένον,
1178 3513 1244 3575 ὠς
1276 3537 1341 3583 μη
1382 3510 1596 3587 συνᾳὸον
1632 3511 1811 3575 αὐτοῖς
1848 3513 1903 3565 οὗ
1940 3515 2272 3584 «προσίενται,
2310 3512 2524 3574 φιλοῦσι
2564 3507 2621 3564 δὲ
2655 3511 2713 3564 τὸ

473 3584 660 3648 σαφὲς,
697 3585 761 3645 ὦς
798 3588 852 3638 οὐ
889 3587 1037 3657 μόνον
1071 3588 1203 3643 κατὰ
1235 3612 1318 3643 *τον
1357 3588 1559 3645 εἶπόντα
1596 3588 1780 3654 σοφὸν,
1817 3585 1966 3643 ἄλλα
2001 3610 2082 3641 και
2123 3587 2409 3659 συμβαινον
2448 3591 2586 3652 σφίσι
2623 3586 2718 3659 μοί·

470 3670 657 3722 λιστα,
696 3659 811 3714 οὐδὲ
849 3663 1030 3717 τούτου
1064 3664 1269 3735 πάμπαν
1306 3663 1504 3738 ἔξωθεν
1537 3688 1627 3720 του
1665 3666 1832 3719 καλοῖ]
1865 3662 2099 3718 «σι’πτοντ
2139 3661 2195 3717 div
2232 3661 2347 3738 εῧρη
2380 3686 2457 3726 τις
2490 3663 2555 3717 τοὶ
2591 3687 2718 3737 γρα-

476 3736 698 3808 φόμενα,
736 3733 823 3791 οἱα
859 3762 939 3792 και
980 3741 1115 3810 κμων
1149 3766 1214 3812 μη
1252 3742 1310 3796 τὸ
1347 3742 1597 3815 κομπηρόν
1633 3741 1716 3796 καὶ
1757 3738 2072 3837 δυσφραδὲς,
2106 3763 2188 3794 και
2224 3737 2560 3812 κρημνώδεσιν
2597 3741 2717 3793 ἀπο-

477 3812 834 3886 διειλημμένον
864 3814 1071 3888 λέξεσιν
1100 3817 1164 3879 ὦς
1195 3817 1368 3874 ἐπίπαν
1398 3818 1794 3891 ἀσπασαμένων,
1826 3818 1867 3873 εἶ
1898 3841 1980 3871 και
2019 3816 2278 3887 χαίνοντές
2310 3817 2434 3872 εἶσιν
2465 3817 2537 3880 εἷς
2563 3838 2716 3871 τουτο
