2970 4420
1212 264 1268 295 DE
1303 261 1566 298 Tmonoms.
1640 268 1648 273 ·
2459 254 2521 299 89

267 336 455 401 τοῦπος
483 338 539 392 ὀἱ
573 335 688 411 περὶ
720 335 807 392 τᾶν
840 335 1140 395 Λούκιλλον
1168 337 1254 396 τὸν
1281 339 1559 413 ταρῥαῖον,
1587 335 1671 392 καὶ
1712 335 2019 402 Σοφοκλέα,
2048 338 2130 392 καὶ
2169 338 2346 396 Θέωνα
2375 342 2523 415 {pun-

268 414 523 476 νεύσαντες
549 412 673 468 τάδε
703 419 866 479 φασίν.
902 426 1006 471 Hoe
1029 441 1220 472 carmen
1243 423 1454 472 Lucillus
1478 423 1732 472 tarrhaeus
1755 435 1801 470 et
1824 422 2096 487 Sophocles,
2126 437 2171 471 et
2199 426 2348 472 Theon
2375 428 2521 474 inter-

198 500 202 508 “
259 513 530 566 pretantes,
560 499 678 547 haec
712 500 951 563 inquiunt.
988 504 1102 549 Tum
1136 502 1279 549 verba
1313 517 1478 550 eorum
1511 500 1752 555 exscribit,
1790 502 1875 547 etsi
1909 516 2005 547 non
2038 510 2162 554 recte
2196 504 2375 558 omnia,
2402 519 2521 566 quae

266 579 436 640 corrigi
460 587 655 641 possunt
679 594 734 625 ex
769 579 1012 626 scholiaste
1037 580 1291 642 Apollonii.
1330 579 1419 626 Sed
1443 580 1557 645 quid
1588 581 1637 631 in
1670 579 1762 625 hoc
1786 579 1899 625 certi
1932 579 2136 625 statues?
2171 580 2522 628 Advertendum

265 662 333 701 est
356 663 536 710 tamen,
563 670 588 701 a
613 655 858 702 scholiaste
887 657 1234 719 Aristophanis,
1260 656 1490 703 Theodori
1515 655 1691 702 librum
1715 655 1906 717 allegari
1930 657 2204 717 vigesimum
2239 658 2519 711 secundum,

264 730 324 778 ab
356 733 611 794 Apollonio
644 733 919 794 vigesimum
953 749 1158 787 nonum,
1180 749 1215 781 ,a
1248 734 1410 780 Vossio
1443 734 1716 795 vigesimum
1752 734 1972 795 primum.
2021 758 2023 760 v

391 811 589 856 XLVIII.
626 809 897 858 Theodorus
931 811 1176 873 phocensis
1204 811 1427 857 volumen
1457 811 1601 857 edidit
1635 810 1694 856 de
1726 809 1990 872 tholo,‘qui
2024 818 2091 856 est
2124 811 2331 873 Delphis.
2366 813 2523 858 Vitru-

262 885 365 932 vius
388 886 447 933 de
472 887 776 933 architectura
802 888 948 949 praef.
976 887 1061 934 lib.
1090 888 1188 934 vll.
1224 889 1347 933 Item
1372 887 1430 932 de
1463 887 1580 932 aede
1603 886 1844 934 Minervae
1868 886 2034 932 dorica
2049 924 2060 938 ‚
2090 903 2213 950 quae
2235 899 2303 932 est
2327 887 2523 934 Athenis

265 962 317 1008 in
341 977 474 1014 arce,
506 962 688 1008 Ictinus
711 975 757 1009 et
784 964 1005 1028 Carpion.
1038 963 1302 1010 Theodorus
1321 962 1528 1027 phoceas
1544 964 1610 1010 >de
1633 962 1782 1015 tholo,
1812 963 1898 1026 qui
1918 975 1986 1010 est
2008 963 2221 1028 Delphis.
2249 966 2305 1011 Et
2329 965 2522 1013 fortasse

262 1054 359 1087 non
385 1039 503 1087 alius
525 1049 594 1087 est
613 1042 911 1095 Theodorus,
938 1043 997 1088 de
1021 1057 1117 1104 quo
1140 1057 1281 1104 supra
1303 1041 1506 1102 dixerat,
1534 1043 1674 1088 tacito
1699 1043 1874 1104 patriae
1899 1042 2105 1087 nomine.
2142 1043 2311 1087 Postea
2337 1042 2523 1089 Silenus

262 1116 321 1162 de
353 1118 644 1179 symmetriis
671 1118 942 1165 doricorum
975 1118 1128 1165 edidit
1162 1119 1392 1166 volumen.
1429 1119 1501 1163 De
1529 1118 1646 1164 aede
1668 1118 1891 1170 Iunonis,
1919 1134 2042 1181 quae
2066 1130 2132 1164 est
2156 1119 2294 1164 Sami
2326 1118 2515 1170 dorica,

265 1192 553 1240 Theodorus:
587 1194 746 1241 ionica
781 1195 979 1259 Ephesi,
1012 1212 1136 1258 quae
1162 1208 1229 1241 est
1263 1195 1480 1243 Dianae,
1513 1193 1762 1257 Ctesiphon
1795 1207 1839 1241 et
1869 1195 2250 1259 Metagenesz'de
2270 1195 2402 1257 fano
2430 1197 2523 1242 Mi-

260 1287 455 1322 nervae,
485 1271 615 1333 quod
643 1283 711 1317 est
743 1272 915 1318 Priene
948 1271 1181 1323 ionicum,
1210 1271 1414 1318 Phileas.
1451 1271 1548 1317 Nisi
1572 1270 1685 1316 haec
1710 1281 1943 1333 postrema
1978 1272 2037 1318 ad
2072 1272 2274 1333 aliquem
2296 1289 2352 1319 ex
2374 1273 2535 1332 Theo-7

261 1348 391 1394 doris
424 1349 600 1402 samiis,
627 1348 686 1395 de
719 1349 891 1411 quibus
923 1351 1016 1396 iam
1050 1350 1274 1400 diximus,
1304 1346 1547 1393 referenda
1572 1348 1706 1394 alicui
1739 1349 2003 1395 videantur.
2041 1352 2251 1412 Namque
2280 1351 2343 1397 ita
2374 1352 2522 1410 inter-

261 1426 432 1487 stingui
464 1424 654 1471 debent.
692 1427 864 1471 Postea
887 1426 1076 1469 Silenus
1100 1423 1158 1468 de
1179 1422 1472 1486 symmetriis
1495 1423 1764 1470 doricorum
1799 1425 1950 1471 edidit
1977 1413 2216 1472 volumen:
2244 1426 2414 1472 deinde
2437 1430 2521 1474 Iu-

259 1501 418 1552 nonis,
437 1516 572 1563 quae
600 1511 669 1545 est
700 1499 839 1545 Sami
859 1500 1047 1550 dorica,
1080 1499 1363 1546 Theodorus.
1400 1501 1457 1547 Ut
1487 1501 1668 1547 Silenus
1700 1510 1881 1548 tantum
1906 1503 1964 1548 de
1989 1503 2266 1565 symmetriis
2300 1505 2522 1557 volumen

260 1579 484 1632 ediderit,
511 1578 782 1624 Theodorus
806 1577 866 1624 de
893 1578 1008 1624 aede
1031 1579 1222 1624 Iunonis
1244 1593 1364 1640 quae
1398 1586 1467 1624 est
1494 1579 1642 1624 Sami:
1668 1579 1728 1625 de
1763 1579 1876 1626 aede
1903 1581 2073 1626 Dianae
2101 1582 2250 1627 ionica
2266 1616 2277 1635 ,
2307 1597 2427 1644 quae
2453 1592 2521 1629 est

258 1653 452 1718 Ephesi,
478 1655 730 1717 Ctesiphon
764 1663 810 1700 et
841 1657 1102 1716 Metagenes
1137 1663 1224 1704 etc.
2271 1699 2279 1703 ς

386 1733 543 1781 xle.
581 1731 721 1793 Apud
755 1731 1045 1778 Athenaeum
1076 1731 1428 1794 >dipnosophist.
1467 1731 1553 1778 lib.
1593 1734 1653 1778 X.
1693 1732 1800 1795 (ed.
1837 1733 1935 1779 Cas.
1971 1749 2018 1795 p.
2058 1725 2207 1797 412.)
2251 1738 2427 1783 mentio
2467 1737 2521 1783 fit

223 1818 229 1822 '
257 1809 490 1856 Theodori
523 1809 826 1870 hierapolitae
860 1798 970 1872 περὶ
1010 1797 1219 1872 οἷγω’νων
1254 1808 1312 1854 de
1344 1808 1709 1859 certaminibus.
1738 1826 1795 1856 ex
1819 1825 1915 1871 quo
1949 1810 2114 1865 refert,
2142 1821 2193 1857 ut
2225 1813 2336 1859 Milo
2362 1823 2520 1861 croto-

195 1892 198 1895 '
257 1888 381 1932 niata
403 1885 566 1947 viginti
598 1887 749 1931 carnis
770 1884 936 1939 libras,
964 1894 1011 1932 et
1034 1886 1227 1932 totidem
1262 1886 1394 1948 panis
1428 1886 1708 1940 comederit,
1738 1888 1928 1949 congios
1962 1897 2117 1934 autem
2142 1891 2236 1935 vini
2261 1899 2355 1937 tres
2388 1890 2519 1938 bibe-

258 1964 344 2016 rit,
372 1970 418 2009 et
451 1962 577 2024 apud
611 1962 877 2025 Olympiam
910 1962 1207 2024 quadrimum
1242 1971 1454 2018 taurum,
1482 1979 1630 2025 quum
1665 1963 1871 2010 humeris
1900 1966 2167 2027 impositum
2202 1982 2286 2028 per
2319 1968 2518 2014 stadium

257 2041 680 2100 circumgestasset,
709 2047 756 2084 et
787 2048 1038 2085 mactatum
1070 2039 1324 2103 divisisset,
1355 2055 1450 2086 uno
1483 2040 1560 2086 die
1592 2040 2024 2087 solusscomederit.

385 2117 438 2162 L.
477 2115 638 2162 Suidas
668 2130 773 2162 voc.
802 2115 1131 2179 Palaephatus
1154 2131 1211 2162 ex
1233 2116 1465 2162 Theodori
1490 2117 1663 2163 iliensis
1696 2116 1821 2164 libro
1845 2119 1903 2163 11.
1932 2119 2214 2173 troicorum,
2242 2129 2288 2166 et
2312 2121 2517 2168 Philonis

257 2193 527 2242 admirabili⁴
550 2194 765 2248 historia,
793 2193 936 2240 tradit
960 2194 1289 2256 Palaephatum
1316 2194 1585 2256 abydenum
1609 2195 1905 2250 historicum,
1935 2198 2015 2258 qui
2048 2199 2284 2260 cypriaca,
2311 2199 2511 2253 deliaca,

257 2274 417 2326 attica,
450 2281 497 2318 et
529 2267 712 2317 arabica
745 2272 1043 2334 conscripsit,
1073 2271 1324 2334 floruitque
1355 2280 1501 2319 aetate
1533 2273 1787 2319 Alexandri
1819 2274 2111 2329 macedonis,
2138 2275 2374 2322 Aristoteli
2408 2277 2515 2338 phi-

258 2349 460 2413 losopho
494 2351 542 2395 in
579 2350 758 2395 deliciis
790 2349 947 2395 fuisse.

382 2428 456 2472 LI.
493 2426 766 2473 Theodorus
790 2441 990 2488 panages
1027 2417 1074 2471 ἐν
1101 2416 1174 2490 τῷ
1199 2414 1374 2491 πρώτῳ
1402 2418 1510 2493 περὶ
1543 2418 1781 2492 Κηρύκων
1809 2418 1990 2491 γένους
2007 2461 2018 2482 ,
2055 2429 2104 2475 in
2122 2430 2283 2493 primo
2309 2431 2429 2477 libro
2454 2433 2512 2478 de

256 2519 426 2567 genere
463 2504 708 2569 Cerycum,
743 2504 910 2549 citatur
943 2501 1002 2548 ab
1035 2504 1316 2566 Etymologo
1346 2495 1798 2569 iniueponahhe'g'.
1834 2507 2032 2562 Quinam
2063 2508 2154 2553 sint
2187 2509 2260 2554 isti
2294 2509 2506 2570 Ceryces,

255 2581 453 2643 explicat
481 2580 668 2625 Vossius
700 2578 785 2624 lib.
808 2580 896 2636 111.
924 2579 984 2625 de
1016 2580 1180 2626 histor.
1208 2583 1381 2642 graecis
1415 2584 1463 2628 in
1497 2583 1773 2637 TheodoriS.

383 2657 477 2702 Lll.
514 2655 784 2701 Theodorus
802 2655 1112 2717 colophonius
1133 2659 1395 2719 composuit
1413 2660 1588 2706 cantica
1606 2660 1655 2705 in
1674 2660 1847 2706 oscillis
1866 2663 1965 2706 cani
1983 2669 2127 2707 sueta.
2149 2662 2311 2708 Pollux
2332 2662 2414 2708 lib.
2429 2664 2503 2710 lv.

254 2750 304 2797 p.
341 2734 422 2779 552
448 2719 543 2775 ῒΗν
581 2719 635 2774 δὲ
672 2720 755 2775 καὶ
795 2722 978 2783 ἀλῆτις
1013 2720 1154 2795 ᾆσμα
1182 2726 1303 2786 ταῖς
1343 2724 1522 2799 ἐώραις
1555 2725 1945 2800 ωροσᾳὸόμενον
1983 2726 2252 2803 Θεοδώρου
2295 2728 2508 2801 ποίνιμα

254 2801 350 2855 τοῦ
381 2803 715 2863 κολοφωνίου.
750 2808 843 2854 Alii
877 2808 1163 2855 substituunt
1196 2800 1441 2874 αἷώραις,
1476 2813 1607 2874 quod
1631 2814 1755 2859 idem
1782 2823 1873 2868 est,
1901 2830 1956 2860 ex
1981 2815 2146 2861 eodem
2178 2816 2362 2862 Polluce
2386 2817 2505 2864 infra

251 2903 303 2934 n.
333 2888 413 2933 31.
441 2885 665 2932 mendum
688 2885 867 2946 primae
890 2885 1115 2934 editionis·
1138 2888 1423 2948 corrigentes
1457 2875 1612 2951 ω’ραις
1628 2922 1640 2943 ,
1676 2899 1722 2936 et
1749 2899 1889 2937 recte.
1927 2893 2051 2936 Erat
2078 2903 2123 2937 et
2148 2893 2287 2938 aletis
2314 2909 2505 2939 carmen

255 2966 306 3011 in
330 2963 600 3010 oscillorum
623 2960 890 3024 suspendiis
917 2960 1148 3008 Theodori
1168 2962 1436 3026 colophonii
1452 2971 1642 3027 poema.
1677 2967 1940 3013 Athenaeus
1965 2968 2023 3013 de
2047 2968 2210 3014 eodem
2235 2970 2501 3024 Theodoro,

253 3052 298 3090 et
332 3044 488 3087 Heora
521 3039 699 3086 cantico
731 3037 817 3084 lib.
846 3040 964 3085 XIV.
1005 3039 1114 3101 (ed.
1143 3038 1242 3086 Cas.
1278 3058 1324 3103 p.
1356 3042 1502 3104 618.)
1539 3043 1880 3105 dipnosophist.
1907 3031 2000 3087 ³Hv
2038 3032 2090 3086 δὲ
2131 3032 2217 3089 zai
2254 3036 2346 3088 ἐπὶ
2370 3037 2504 3098 ταῖς

255 3108 432 3183 ἐώραις
465 3104 548 3168 τίς
585 3105 668 3159 ἐπ’
699 3103 977 3179 Ἠριγόνῃ,
1013 3103 1067 3162 ἣν
1102 3106 1186 3161 καὶ
1227 3108 1407 3164 ἅλῆτιν
1442 3108 1685 3176 λέγουσιν
1722 3109 1865 3184 ᾠδήν·
1895 3110 2258 3182 Ἀριστοτέλης
2291 3114 2417 3180 ’γοῦν
2454 3114 2501 3169 ἐν

248 3187 313 3256 τῇ
337 3187 676 3248 Κολοφωνίων
700 3183 1117 3256 πολιὙείᾳ-φνισίν·
1143 3182 1356 3240 ἀπέθανε
1388 3183 1445 3239 δὲ
1474 3183 1562 3239 καὶ
1588 3186 1743 3248 αὐτὸς
1773 3188 1797 3240 ὁ
1829 3185 2090 3261 Θεόδωρος
2121 3186 2317 3262 ὅσἹερον
2345 3196 2498 3264 βιαίῳ

253 3259 465 3333 θανοίτῳ·
501 3258 702 3314 λέΓεται
728 3257 795 3313 ,δὲ
835 3257 1072 3332 γενέσθαι
1100 3257 1307 3333 τρύφων
1341 3261 1449 3325 τὶς,
1479 3263 1544 3325 ὦς
1575 3263 1628 3316 ἐκ
1661 3264 1749 3324 τῆς
1776 3262 2017 3325 ποιήσεως
2056 3263 2215 3332 δῆλόν
2251 3266 2393 3322 ἐσὛιν·
2425 3266 2498 3321 ἔτι

249 3338 353 3412 γὰρ
390 3336 473 3392 καὶ
514 3335 596 3391 νῦν
624 3336 678 3388 αἶ
717 3337 940 3398 Γυναῖκες
969 3334 1182 3411 ᾄδουσιν
1211 3339 1374 3392 αὸτοῦ
1398 3337 1532 3410 μέλη
1561 3339 1668 3413 περὶ
1700 3339 1792 3402 τοὶς
1823 3339 1992 3415 ἑώρας.
2028 3353 2088 3397 In
2108 3353 2280 3399 Heoris
2304 3354 2363 3399 de
2387 3354 2500 3400 Eri-

230 3458 234 3465 ,
249 3441 372 3489 gone
403 3423 642 3487 quaedam
675 3423 835 3468 cantio
860 3423 1144 3474 canebatur,
1173 3439 1319 3487 quam
1343 3425 1491 3470 etiam
1525 3416 1736 3480 οἷλῆτιν,
1770 3427 2094 3474 errabundam
2126 3442 2171 3475 et
2202 3431 2492 3484 mendicam,

251 3501 578 3565 appellabant.
614 3500 886 3546 Aristoteles
919 3500 1079 3563 itaque
1106 3501 1156 3545 in
1181 3499 1571 3564 Colophoniorum
1595 3503 1837 3566 republica
1862 3504 1931 3550 sic
1958 3506 2135 3568 inquit.-
2165 3508 2404 3556 extinctus
2430 3524 2499 3557 est
2577 3517 2580 3520 ’

250 3589 296 3623 et
321 3578 419 3641 ipse
445 3577 709 3624 Theodorus
734 3590 903 3641 postea
928 3578 1131 3624 violenta
1164 3590 1330 3625 morte.
1363 3579 1475 3624 Fuit
1502 3580 1567 3631 is,
1597 3592 1649 3625 ut
1683 3580 1846 3632 aiunt,
1876 3582 2104 3630 luxuriae
2127 3585 2310 3632 deliciis
2332 3580 2509 3651 perdi-¹

251 3666 349 3706 tus,
378 3655 505 3718 quod
526 3672 589 3701 ex
613 3656 822 3719 vulgatis
848 3655 1141 3702 carminibus
1163 3656 1282 3702 satis
1312 3655 1474 3718 liquet.
1507 3657 1727 3703 Mulieres
1749 3660 1873 3705 enim
1900 3677 2056 3708 versus
2082 3649 2211 3709 illius
2233 3651 2495 3712 etiamnum

250 3743 450 3777 cantant
479 3732 527 3778 in
563 3734 749 3779 Heoris.
784 3735 906 3780 Dum
939 3733 1108 3780 scilicet
1142 3734 1190 3778 in
1224 3734 1387 3795 pensili
1424 3749 1575 3781 assere
1609 3734 1797 3782 funibus
1824 3723 2027 3800 laqueari
2056 3740 2251 3802 alligatis
2269 3731 2494 3791 'sedentes

249 3824 334 3870 per
355 3809 492 3855 inane
514 3811 766 3865 iactantur,
795 3819 965 3858 canunt
987 3811 1188 3857 carmina
1213 3810 1271 3855 de
1297 3811 1493 3872 Erigone
1524 3827 1741 3874 suspensa
1765 3817 2046 3879 conscripta,
2075 3833 2192 3879 quae
2215 3820 2389 3870 IIeore,
2419 3821 2490 3868 vel

2215 3907 2260 3939 12
