2970 4420
86 630 94 644 .
109 614 168 644 An.
187 618 248 644 sm.

102 1923 160 1951 An.
180 1926 240 1952 364.

1165 283 1319 333 numm
1330 331 1332 339 x
1351 281 1390 314 S.
1422 280 1686 313 1A'rnArtAsn.

299 367 385 406 dem
413 365 664 416 Pythiodoro,
691 371 730 404 et
757 366 816 404 his
839 362 907 415 qui
937 377 1023 404 cum
1048 366 1128 415 ipso
1159 371 1292 413 erant,
1320 365 1389 404 ho-

300 426 464 464 minibus
491 424 750 472 difficillimis,
779 424 880 463 misit
911 423 960 463 ad
986 425 1140 463 exilium
1167 424 1327 462 Paulum
1353 429 1393 462 et

297 485 521 524 Astericium
550 484 782 534 presbyteros
809 483 1078 531 Alexandriae,
1103 489 1142 522 et
1168 483 1303 524 ditexit
1326 493 1392 521 eos

300 545 468 583 babitare
495 543 820 592 andropolitanam
845 543 1036 581 civitatem
1058 547 1105 587 1).

349 609 406 642 12.
431 604 614 653 Olympus
641 608 765 641 autem
798 603 898 641 idem
923 603 1143 652 praefectus,
1171 613 1296 641 mense
1315 613 1416 642 me·.

296 663 400 708 suri,
427 664 568 700 XXVI.
595 661 677 707 die,
705 653 924 701 consulibus
951 662 1100 700 Iuliano
1123 663 1295 708 Augusto
1324 662 1389 707 IV,

296 728 335 760 et
358 722 563 768 Sallustio,
588 722 781 759 nunciavit
805 722 994 759 Iulianum
1022 722 1282 769 imperatorem
1308 731 1391 759 esse

295 786 513 827 mortuum,
541 786 580 818 et
612 781 805 818 Iovianum
842 781 1086 818 christianum
1115 781 1316 828 imperare3
1354 786 1393 818 et
1424 814 1429 818 .

294 846 472 888 sequente
501 841 720 878 mensetoth
748 842 889 887 XVIII,
910 840 1144 889 imperatoris
1161 839 1299 877 Ioviani
1326 839 1390 876 lit-

293 904 395 938 terae
410 899 640 937 advenerunt
664 899 713 937 ad
739 900 943 949 Olympum
963 899 1188 948 praefectum
1204 927 1215 944 ,
1242 904 1286 936 ut
1303 903 1390 936 tan-

292 963 374 997 tum
402 960 503 996 Deus
522 958 688 996 excelsus
711 959 857 997 colatur
875 987 886 1005 ,
914 964 952 997 et
969 959 1164 1002 Christus,
1192 963 1237 995 ut
1265 957 1305 994 in
1333 967 1391 994 ec-

295 1017 419 1056 clesiis
455 1017 672 1066 colligentes
701 1029 741 1056 se
768 1019 896 1067 populi
931 1018 1118 1056 celebrent
1152 1017 1384 1065 religionem.

294 1077 436 1115 Paulus
460 1089 568 1123 vero,
593 1083 631 1116 et
657 1079 862 1117 Astericius
877 1077 1056 1127 praedicti
1083 1076 1310 1126 presbyteri,
1330 1086 1390 1113 re-

287 1134 388 1175 'versi
409 1144 499 1176 sunt
520 1138 566 1175 de
592 1138 702 1176 exilio
724 1138 1028 1186 andropolitanae
1059 1137 1240 1182 civitatis,
1270 1141 1307 1173 et
1329 1137 1389 1173 in-

294 1198 411 1246 gwi
428 1203 518 1235 sunt
535 1197 796 1236 Alexandriam
813 1198 893 1245 toth
909 1199 960 1235 X.
979 1197 1058 1244 die,
1076 1202 1160 1245 post
1177 1206 1321 1233 menses
1335 1197 1388 1232 X.

342 1261 401 1295 13.
428 1257 634 1305 Episcopus
665 1263 790 1295 autem
824 1257 1053 1295 Athanasius
1081 1261 1267 1300 moratus,
1293 1255 1391 1292 sicut

294 1316 524 1365 praedictum
541 1323 622 1363 est,
644 1317 743 1365 apud
757 1318 948 1363 Thereon,
971 1316 1138 1355 ascendit
1157 1316 1205 1353 ad
1224 1316 1389 1364 superio-

293 1386 353 1413 res
371 1382 492 1424 partes
516 1377 699 1426 Aegypti,
726 1387 847 1424 usque
871 1376 920 1414 ad
939 1377 1195 1424 Hermopolim
1222 1375 1388 1423 superio·

295 1445 376 1472 rem
395 1435 629 1483 Thebaidos,
643 1441 682 1473 et
701 1447 819 1485 usque
831 1437 1056 1474 Antinoum:
1078 1436 1207 1484 quoin
1225 1435 1281 1473 his
1295 1435 1388 1473 locis

294 1491 472 1541 degente,
485 1493 678 1540 cognitum
691 1500 770 1540 est,
789 1495 976 1532 Iulianum
995 1495 1270 1542 imperatorem.
1289 1504 1388 1531 mor-

294 1556 430 1597 tuum,
461 1557 499 1590 et
523 1553 715 1590 Iovianum
745 1553 990 1591 christianum
1019 1554 1294 1601 imperatorem.
1324 1554 1388 1589 ln-

292 1622 440 1660 gressus
470 1613 586 1660 igitur
609 1613 874 1658 Alexandriam
896 1614 1056 1652 latenter
1082 1614 1276 1662 episcopus
1290 1641 1300 1659 ‚
1319 1612 1388 1650 ad-

291 1677 405 1709 ventu
432 1672 518 1709 eius·
539 1683 630 1710 non=
645 1673 815 1720 pluribus
842 1674 992 1720 cognito
1008 1700 1019 1718 ,
1050 1673 1214 1711 occurrit
1241 1671 1389 1720 navigio

292 1730 340 1770 ad
366 1732 627 1779 imperatorem
658 1733 876 1770 Iovianum:
903 1738 941 1770 et
974 1738 1083 1780 post,
1123 1732 1386 1769 ecclesiasticis

290 1790 403 1828 rebus
431 1792 646 1839 compositis
661 1819 672 1836 ,
700 1792 887 1839 accipiens
911 1792 1074 1834 litteras,
1094 1791 1203 1829 -venit
1231 1792 1389 1828 Alexan-

290 1848 410 1887 driam
427 1877 438 1895 ,
465 1856 503 1887 et
531 1851 683 1887 intravit
715 1851 755 1887 in
780 1851 1000 1897 ecclesiam,
1024 1851 1133 1899 athyr
1163 1852 1271 1887 XIX·
1299 1850 1386 1896 die,

292 1910 489 1947 consulatu
515 1911 655 1947 Ioviani
675 1916 712 1948 et
742 1909 988 1947 varroniani:
1020 1921 1064 1948 ex
1089 1921 1163 1959 quo
1190 1910 1278 1948 exiit
1302 1910 1388 1947 Ale-

289 1969 445 2008 xandria
471 1970 679 2009 secundum
706 1976 943 2019 praeceptum
968 1971 1130 2016 Iuliani,
1155 1981 1274 2018 usque
1297 1969 1387 2007 dum

289 2029 439 2068 advenit
450 2030 638 2078 praedicto
654 2030 715 2068 die
732 2032 841 2080 athyr
856 2032 965 2077 XIX,
983 2036 1067 2079 post
1084 2042 1227 2069 annum
1244 2042 1362 2069 unum
1374 2059 1385 2077 ,

285 2094 323 2126 et
351 2099 496 2126 menses
523 2091 592 2136 ΙΙΙ,
623 2089 703 2128 dies
733 2092 861 2128 XXII.

338 2153 397 2188 14.
423 2150 517 2187 Cum
544 2155 668 2187 autem
693 2151 889 2198 episcopus
915 2150 1145 2187 Athanasius
1167 2150 1310 2195 ,veniret
1340 2149 1387 2187 de

287 2208 487 2246 Antiochia
514 2209 778 2247 Alexandriam
794 2237 805 2255 ,
841 2210 1040 2247 consilium
1070 2209 1240 2248 fecerunt
1267 2210 1387 2247 ariani

219 2314 224 2315 ⁷
275 2262 497 2314 Eiidoxius,
520 2267 759 2314 Theodorus,
779 2268 1009 2316 sophronius
1022 2296 1032 2313 ,
1053 2269 1232 2314 Euzoius,
1248 2273 1286 2305 et
1298 2279 1386 2306 con·

286 2327 490 2365 stituerunt
521 2327 683 2364 Lucium
710 2328 965 2376 presbyterum
1000 2328 1171 2376 Georgii,
1205 2328 1387 2376 interpel-

287 2386 365 2424 lare
378 2386 639 2434 imperatorem
659 2386 850 2424 Iovianum
868 2388 909 2424 in
925 2387 1082 2435 palatio,
1093 2393 1135 2424 -et
1153 2387 1275 2425 dicere
1290 2399 1387 2436 quae

287 2447 327 2483 in
351 2445 622 2494 exemplaribus
645 2446 844 2484 hahentur.

334 2508 409 2543 Hic
433 2508 563 2543 autem.
588 2508 714 2543 minus
738 2509 960 2544 necessaria
984 2508 1260 2544 intermisimus
1278 2512 1327 2552 2).

338 2569 396 2601 15.
422 2566 511 2601 Post
534 2565 725 2602 Iovianum
751 2571 875 2603 autem
893 2566 1006 2603 citius
1029 2566 1077 2603 ad
1102 2567 1301 2615 imperium
1323 2578 1388 2605 vo-

287 2625 380 2661 catis
400 2623 665 2661 Valentiniano
692 2630 729 2661 et
752 2625 929 2672 Valente,
955 2626 1125 2677 ipsorum
1149 2632 1386 2674 praeceptum

286 2681 428 2730 ubique
458 2683 640 2727 manavit,
670 2683 772 2731 quod
799 2684 910 2720 etiam
934 2683 1121 2722 redditum
1147 2690 1205 2722 est
1228 2685 1389 2723 Alexan·

287 2740 411 2786 driae,
423 2741 568 2788 pachon
584 2741 644 2778 die
662 2743 920 2788 X‚consulatu
933 2743 1186 2781 Valentiniani
1205 2749 1242 2781 et
1253 2744 1387 2782 Valen-

286 2800 362 2845 tis,
386 2799 581 2838 continens
615 2806 660 2837 ut
689 2801 850 2849 episcopi
884 2801 956 2839 sub
978 2803 1196 2840 Constantio
1223 2803 1386 2851 depositi

287 2865 326 2897 et
354 2859 461 2897 eiecti
493 2860 539 2896 ab
565 2860 756 2906 eeclesiis,
790 2860 929 2898 lullani
958 2862 1259 2910 autem.imperii
1290 2867 1386 2900 tem-

288 2929 378 2966 pore
399 2919 472 2956 sibi
500 2918 775 2956 vindicaverant
799 2925 837 2956 et
862 2926 1076 2968 receperant
1105 2922 1359 2969 episcopatum
1374 2950 1384 2967 ,

289 2989 393 3016 nunc
414 2978 537 3016 denuo
553 2979 750 3024 eiiciantur
777 2979 966 3025 ecclesiis,
992 2980 1296 3017 interminatione
1321 2992 1387 3028 po-

287 3038 358 3077 sita
382 3039 495 3076 curiis
521 3039 682 3076 mulctae
707 3039 789 3076 auri
818 3039 997 3076 librarum
1017 3041 1118 3085 CCC,
1138 3040 1212 3077 nisi
1241 3041 1388 3078 scilicet

286 3098 450 3136 ecclesiis
463 3104 502 3135 et
514 3098 726 3135 civitatibus
743 3099 935 3147 episcopos
951 3099 1172 3136 minaverint
1182 3104 1230 3144 3).
1244 3102 1296 3137 Ex
1312 3112 1385 3148 qua

288 3168 330 3195 re
355 3157 456 3206 apud
477 3158 738 3195 Alexandriam
771 3169 904 3206 magna
935 3164 991 3196 est
1015 3159 1185 3196 confusio
1213 3165 1251 3197 et
1278 3160 1386 3197 turha

286 3221 431 3262 exorta,
456 3223 500 3254 ut
523 3217 679 3254 ecclesia
703 3219 876 3255 universa
895 3217 1133 3265 fatigaretur,
1160 3229 1247 3255 cum
1274 3218 1386 3255 etiam

234 3277 236 3279 ’
288 3276 511 3324 principales
547 3282 672 3314 essent
703 3287 861 3314 numero
894 3277 1043 3325 exigui,
1079 3288 1166 3314 cum
1202 3276 1387 3324 praefecto

290 3336 492 3382 Flaviano,
522 3341 559 3373 et
589 3336 669 3373 eius
694 3336 838 3382 officio,
864 3342 902 3375 et
927 3338 976 3375 ob
1008 3337 1201 3386 imperiale
1235 3349 1383 3386 praece-

290 3400 398 3443 ptum
411 3422 423 3441 ,
446 3401 485 3434 et
498 3396 581 3433 auri
607 3396 805 3441 mulctam,
831 3397 1067 3435 inminebant
1089 3397 1216 3446 egredi
1247 3398 1387 3446 episco-

290 3464 358 3502 pos
393 3454 566 3498 civitate,
604 3454 845 3493 multitudine
883 3456 1086 3494 christiana
1125 3457 1319 3494 resistente
1351 3463 1388 3495 et

291 3513 567 3552 contradicente
586 3514 854 3563 principalibus
881 3521 919 3553 et
939 3514 1078 3562 iudici3
1111 3521 1163 3554 et.
1179 3515 1386 3554 adfirman-

1463 370 1500 403 te
1522 364 1738 412 episcopum
1764 363 2012 402 Athanasium
2040 375 2116 402 non
2137 376 2215 403 esse
2236 368 2445 406 subiectum
2468 370 2558 408 huic

1462 423 1672 463 definitioni
1709 428 1749 462 et
1766 429 1960 472 praecepto
1986 424 2194 472 imperiali,
2225 427 2323 473 quod
2361 439 2429 465 nec
2462 431 2557 467 Con-

1463 482 1624 521 stantius
1649 492 1735 520 eum
1762 487 1976 530 persecutus
2001 488 2078 527 est,
2105 482 2170 520 sed
2189 490 2226 520 et
2247 486 2420 523 restituit.
2448 488 2557 525 Simi-

1464 542 1550 579 liter
1564 546 1603 579 et
1621 540 1791 578 Iulianus
1807 547 2022 588 persecutus
2044 547 2122 586 est;
2145 544 2336 580 universos
2361 547 2557 590 revocavit,

1464 605 1503 640 et
1521 611 1607 645 eum
1628 606 1777 648 propter
1797 600 2048 638 idololatriam
2075 605 2110 645 4)
2135 601 2259 646 denuo
2277 602 2385 639 eiecit
2398 616 2410 650 v;
2437 611 2475 640 at
2503 607 2558 642 Io·

1465 661 1593 698 vianus
1617 659 1776 698 reduxit.
1798 661 1992 698 Remansit
2016 661 2107 698 haec
2131 661 2397 707 contradictio,
2426 669 2462 699 et
2479 669 2555 701 tur·

1463 720 1512 758 ba
1535 731 1654 768 usque
1684 719 1733 758 ad
1767 725 1981 768 sequentem
2018 731 2180 757 mensem
2216 721 2327 769 payni
2359 723 2462 765 XIV3
2491 723 2558 760 hoe

1464 780 1566 818 enim
1591 779 1652 817 die
1678 779 1884 828 praefectus
1910 779 2111 817 Flavianus
2135 779 2314 817 relatione
2348 780 2465 826 sacta,
2495 782 2557 819 de-

1463 839 1616 877 claravit
1627 839 1859 876 consuluisse
1874 838 2059 887 principes
2075 838 2122 876 de
2138 839 2216 876 hoc·
2230 839 2331 887 ipso,
2348 840 2448 887 quod
2462 842 2562 888 apud

1463 898 1729 936 Alexandriam
1758 903 1902 936 motum
1921 903 1990 938 est.
2021 899 2068 934 Et
2084 898 2136 935 ita
2161 909 2291 935 omnes
2317 900 2451 946 exiguo
2469 906 2560 937 tem-

1465 968 1552 1005 pore
1575 958 1809 1006 quieverunt.

1514 1023 1570 1056 16.
1602 1020 1690 1056 Post
1716 1028 1860 1055 menses
1884 1019 1948 1063 IV,
1973 1022 2012 1056 et
2033 1016 2114 1055 dies
2135 1019 2276 1063 XXIV,
2304 1018 2374 1055 hoc
2395 1024 2451 1056 est
2475 1030 2560 1067 pao·

1464 1077 1531 1126 phi
1544 1079 1648 1122 VIII,
1674 1078 1867 1126 episcopus
1882 1077 2110 1115 Athanasius
2126 1083 2240 1115 noctu
2259 1078 2419 1124 latenter
2434 1090 2562 1127 egres·

1463 1147 1529 1174 sus
1555 1137 1709 1174 ecclesia
1725 1164 1736 1182 ,
1768 1132 1920 1174 recessit
1947 1137 1989 1174 in
2016 1137 2142 1174 villam
2176 1137 2278 1174 iuxta
2307 1137 2461 1175 ssuvium
2492 1150 2557 1176 no-

1465 1207 1564 1234 vum.
1591 1196 1802 1234 Praefectus
1826 1202 1950 1234 autem
1979 1196 2200 1241 Flavianus,
2227 1202 2264 1234 et
2291 1196 2366 1245 dux
2395 1198 2552 1235 Victori-

1463 1266 1559 1301 nus,
1587 1256 1709 1303 ignari
1731 1256 1923 1293 recessisse
1944 1267 2054 1300 eum,
2078 1256 2208 1294 eadem
2233 1263 2342 1294 nocte
2366 1257 2413 1294 ad
2439 1258 2556 1295 eccle-

1463 1315 1558 1352 siam
1586 1321 1831 1362 pervenerunt
1859 1316 2030 1365 Dionysii
2057 1327 2142 1354 cum
2170 1327 2285 1353 manu
2315 1317 2488 1362 militari,
2515 1330 2557 1355 ac

1463 1374 1590 1412 fractis
1622 1376 1820 1422 posterulis
1846 1376 2005 1423 ingressi
2035 1377 2171 1415 atrium
2188 1406 2199 1423 ,
2229 1382 2267 1414 et
2297 1383 2417 1424 partes
2447 1388 2556 1425 supe-

1462 1435 1579 1472 riores
1604 1434 1762 1480 domus‚
1791 1436 1994 1483 hospitium
2024 1437 2187 1485 episcopi
2212 1443 2452 1485 quaerentes,
2480 1449 2557 1474 non

1461 1495 1685 1532 invenerunt
1708 1505 1807 1531 eum.
1834 1496 1928 1532 Nam
1956 1496 2067 1542 paulo
2092 1501 2179 1533 ante
2194 1502 2395 1534 recesserat
2410 1525 2421 1542 ,
2445 1502 2482 1533 et
2498 1507 2556 1534 re·

1464 1555 1604 1591 mansit
1624 1554 1763 1601 degens
1787 1555 1828 1591 in
1853 1554 2038 1602 praedicta
2059 1557 2287 1603 possessione
2310 1567 2331 1593 a
2355 1562 2560 1593 memorato

1463 1613 1524 1651 die
1551 1614 1687 1662 paophi
1715 1615 1818 1659 VIII,
1842 1625 1961 1662 nsque
1992 1615 2133 1651 mechir
2165 1616 2230 1660 VI,
2257 1615 2330 1652 hoc
2362 1620 2418 1651 est
2451 1626 2556 1652 men-

1461 1673 1566 1710 sibus
1583 1674 1645 1710 lV.
1662 1673 1829 1719 integris.
1858 1674 1946 1710 Post
1961 1673 2052 1710 haec
2069 1674 2234 1711 notarius
2250 1673 2452 1720 imperialis
2470 1675 2555 1711 Bre-

1462 1733 1562 1770 sidas
1574 1760 1585 1776 ,
1605 1732 1735 1770 eodem
1755 1733 1896 1770 mechir
1918 1744 2064 1778 mense,
2078 1732 2450 1774 venitAlexandriam
2468 1739 2555 1770 cum

1461 1794 1596 1830 litteris
1621 1792 1879 1840 imperialibus
1909 1792 2123 1830 iubentibus
2156 1792 2314 1838 eundem
2344 1793 2557 1840 episcopum

1460 1852 1708 1890 Athanasium
1740 1852 1870 1889 reverti
1903 1851 1950 1888 ad
1984 1852 2195 1898 civitatem,
2226 1858 2262 1889 et
2292 1858 2468 1889 consuete
2502 1858 2558 1889 te-

1460 1923 1548 1950 nere
1562 1912 1760 1955 ecelesias3
1778 1917 1815 1948 et
1832 1913 1912 1947 Vll.
1940 1910 2000 1948 die
2018 1912 2158 1948 mechir
2181 1912 2317 1948 mensis
2331 1940 2341 1957 ,
2365 1917 2448 1959 post
2466 1923 2555 1949 con-

1461 1972 1628 2010 sulatum
1659 1971 1916 2008 Valentiniani
1948 1977 1986 2008 et
2008 1971 2195 2015 Valentis,
2223 1971 2292 2008 hoc
2323 1977 2378 2008 est
2402 1972 2443 2008 in
2468 1982 2558 2008 con-

1461 2032 1586 2069 suiatu
1621 2031 1792 2069 Gratiani
1830 2037 1868 2067 et
1895 2030 2102 2078 Dagalaifi,
2133 2030 2231 2068 idem
2264 2031 2432 2068 notarius
2466 2032 2555 2067 Bre-

1461 2089 1562 2127 sidas
1585 2084 1686 2127 'cum
1725 2089 1820 2126 duce
1857 2090 2046 2126 Victorino
2086 2094 2122 2126 et
2158 2089 2340 2136 praefecto
2379 2090 2557 2126 Flaviano

1461 2150 1723 2187 convenientes
1758 2149 1798 2186 in
1835 2150 1972 2197 palatio
2005 2151 2272 2187 nuntiaverunt
2302 2149 2555 2197 praesentibus

1461 2209 1668 2246 curialibus
1694 2214 1732 2246 et
1758 2208 1896 2256 populo
1911 2237 1922 2255 ‚
1948 2207 2049 2256 quod
2075 2215 2336 2256 praeceperant
2356 2209 2557 2256 imperato·

1461 2280 1519 2307 res
1549 2270 1764 2317 episcopum
1790 2269 1922 2306 reverti
1949 2268 1997 2305 ad
2022 2269 2221 2306 civitatem.
2247 2270 2294 2305 Et
2323 2268 2451 2305 eodem
2480 2279 2557 2304 mo·
2589 2317 2591 2319 Ι

1462 2335 1587 2366 mento
1611 2329 1711 2366 idem
1738 2328 1913 2366 Bresidas
1941 2324 2109 2366 notarius
2131 2339 2298 2376 egressus
2322 2339 2406 2365 cum
2436 2329 2559 2364 curia-

1446 2389 1583 2435 ,libus‚
1613 2395 1651 2426 et
1678 2388 1922 2426 multitudIne
1955 2399 1996 2425 ex
2027 2388 2163 2435 populo
2197 2388 2485 2425 christianorum
2514 2387 2573 2423 ad‘

1462 2447 1689 2496 praedictam
1710 2447 1860 2494 villam,
1876 2452 1913 2484 et
1935 2446 2136 2485 adsumens
2159 2448 2374 2495 episcopum
2395 2447 2558 2483 Athana-

1463 2509 1586 2552 sium,
1624 2518 1711 2544 cum
1748 2513 1941 2555 praecepto
1970 2508 2155 2555 imperiali
2185 2506 2333 2544 induxit
2367 2508 2404 2544 in
2440 2507 2558 2543 eccle-

1459 2569 1554 2605 siam
1569 2596 1580 2614 ,
1597 2578 1694 2615 quae
1706 2565 1846 2605 dicitur
1862 2567 2033 2616 Dionysii
2050 2595 2060 2611 ,
2084 2567 2376 2604 mensis'mechir
2397 2567 2458 2603 die
2474 2568 2555 2602 VII.

1511 2631 1567 2663 17.
1603 2627 1810 2664 Consulatu
1843 2626 2013 2664 Gratiani
2052 2632 2089 2663 et
2117 2626 2324 2674 Dagalaifi‚
2359 2637 2477 2674 usque
2512 2626 2560 2662 ad

1459 2692 1677 2735 sequentem
1708 2686 1883 2734 Lupicini
1911 2691 1949 2723 et
1982 2686 2098 2723 Iovini
2126 2686 2385 2730 consulatum,
2418 2686 2462 2722 et'
2489 2686 2558 2721 Va-

1461 2747 1572 2784 lentis
1600 2744 1785 2790 secundo,
1817 2746 1928 2794 payni
1955 2746 2058 2781 XIV.
2087 2744 2129 2780 in
2153 2744 2351 2781 consulatu
2375 2743 2562 2794 liniuntur⁸

1460 2805 1693 2844 athanasiani
1709 2807 1792 2842 XL.
1817 2806 1871 2842 Ex
1895 2805 2032 2853 quibus
2056 2805 2195 2841 mansit
2217 2803 2384 2853 Treveris
2402 2805 2443 2839 in
2462 2803 2555 2840 Gal-

1461 2865 1524 2916 liis
1537 2869 1573 2909 5)
1593 2875 1736 2902 menses
1760 2866 1841 2909 XC,
1866 2870 1904 2901 et
1932 2863 2012 2901 dies
2026 2865 2092 2900 III.
2113 2863 2220 2911 Apud
2239 2861 2499 2899 Alexandriam
2516 2862 2556 2899 in

1460 2925 1610 2962 incertis
1627 2925 1724 2962 loeis
1742 2924 1884 2967 latens,
1913 2923 2063 2971 quando
2089 2923 2136 2960 ab
2162 2922 2307 2960 Hilario
2332 2922 2490 2966 notario,
2518 2927 2555 2958 et

1460 2983 1554 3020 duce
1574 2983 1820 3030 fatigabatur,
1842 2993 1985 3019 menses
1999 2983 2157 3026 LXXII,
2175 2987 2212 3018 et
2230 2981 2308 3018 dies
2326 2982 2427 3018 XIV.
2446 2981 2556 3028 Apud

1459 3045 1699 3091 Aegyptum,
1730 3047 1766 3079 et
1797 3041 2034 3079 Antiochiam
2055 3043 2094 3078 in
2120 3041 2334 3084 itineribus,
2365 3040 2555 3078 mensibus

1461 3103 1542 3146 XV,
1571 3107 1610 3138 et
1639 3100 1771 3138 diebus
1802 3101 1928 3138 XXII.
1954 3101 1997 3137 In
2031 3101 2259 3147 possessione
2290 3101 2389 3137 iuxta
2417 3111 2552 3138 novum

1461 3162 1617 3198 fluvium
1634 3171 1779 3198 menses
1796 3161 1857 3205 IV.
1875 3161 1985 3196 Fient
2003 3159 2139 3207 pariter
2166 3171 2310 3197 menses
2327 3161 2389 3207 VI,
2407 3166 2445 3197 et
2466 3161 2556 3197 anni

1460 3221 1581 3263 XVII,
1611 3225 1649 3256 et
1671 3219 1752 3256 dies
1781 3220 1871 3255 XX.
1901 3220 2096 3268 Remansit
2131 3225 2257 3256 autem
2280 3219 2429 3268 quietus
2453 3220 2550 3267 apud

1458 3278 1719 3316 Alexandriam
1740 3288 1858 3314 annos
1873 3279 2002 3322 XXII,
2024 3283 2062 3315 et
2084 3289 2228 3316 menses
2241 3281 2286 3325 V,
2307 3279 2388 3316 dies
2413 3281 2462 3315 X.
2480 3280 2553 3316 Sed

1459 3344 1496 3376 et
1521 3338 1580 3375 bis
1604 3337 1759 3374 cessavit
1781 3336 1969 3374 modicum
1995 3342 2144 3385 tempus
2162 3344 2263 3376 extra
2287 3338 2552 3376 Alexandriam

1460 3398 1499 3434 in
1514 3397 1713 3434 novissima
1737 3395 1961 3443 profectione
1975 3424 1987 3442 ‚
2009 3401 2047 3447 et
2067 3397 2155 3447 Tyri
2169 3401 2220 3444 6),
2239 3403 2276 3435 et
2290 3399 2553 3436 Constantino-

1459 3457 1546 3505 poli.
1572 3456 1687 3493 Fiunt
1712 3461 1800 3503 ergo
1825 3455 2057 3504 episcopatus
2086 3457 2307 3503 Athanasii,
2334 3463 2378 3495 ut
2404 3448 2552 3506 praedi-

1459 3517 1513 3561 xi,
1535 3525 1655 3564 usque
1686 3513 1735 3551 ad
1764 3515 2000 3553 consulatum
2026 3515 2279 3555 Valentiniani
2312 3523 2349 3555 et
2374 3518 2552 3564 Valentis,

293 3599 469 3647 ξαϊδρέἶας
495 3601 555 3639 τήν
581 3600 771 3647 λεγομένην
798 3601 955 3648 Χαιρέου·
975 3611 1055 3642 Illuc
1079 3618 1155 3648 ergo
1174 3611 1311 3649 primum
1330 3611 1412 3647 fugit
1428 3609 1520 3639 divus
1542 3609 1611 3646 vit-3
1635 3609 1765 3646 deinde,
1786 3611 1920 3647 urgente
1938 3610 2100 3649 periculo,
2124 3611 2250 3649 longius
2269 3613 2396 3643 secessit
2419 3613 2552 3643 Thebas.

231 3670 239 3677 ‘
291 3664 412 3693 Etenim
433 3663 589 3702 pessimun
606 3665 746 3694 Iulianus
772 3665 860 3704 imp„
882 3666 1008 3703 praeter
1032 3665 1194 3703 publicum
1223 3664 1262 3694 de
1285 3663 1446 3694 Athanasii
1469 3663 1561 3694 exilio
1583 3662 1737 3699 anetum,
1763 3663 1797 3693 in
1821 3663 1976 3694 mandatis
1996 3664 2125 3696 dederat
2150 3666 2188 3695 ut
2208 3665 2289 3696 clam
2308 3667 2335 3696 si
2357 3666 2427 3696 fieri
2449 3668 2555 3704 posset

293 3711 500 3743 occideretur.

381 3766 410 3801 ι)
425 3758 613 3803 Andropons
636 3765 714 3796 urbs
735 3766 871 3804 Aegypti
890 3766 1084 3804 episoepaus.
1105 3765 1161 3795 or.
1179 3763 1232 3794 ch.
1252 3765 1294 3794 τι·
1305 3765 1344 3794 11.
1359 3769 1420 3794 523.
1441 3780 1478 3786 —
1494 3765 1524 3799 2)
1542 3763 1594 3794 sto
1610 3763 1793 3794 adnotatum
1811 3764 1860 3794 est
1876 3765 2052 3804 antiquitus
2069 3767 2101 3796 in
2120 3766 2227 3798 maroe
2246 3756 2420 3798 veronensi.
2439 3767 2481 3796 xt
2498 3775 2554 3796 nos

291 3818 413 3854 part·-
431 3817 512 3848 hauc
527 3819 623 3848 etiam
641 3819 790 3849 historiae
809 3826 871 3848 non
893 3816 1135 3850 levi‘desiderio
1158 3817 1381 3848 desideramus.
1399 3833 1436 3840 —
1453 3820 1482 3853 3)
1505 3818 1551 3848 ita
1570 3817 1620 3848 ed.
1643 3818 1674 3848 et
1697 3817 1767 3848 cod.
1785 3825 1846 3856 pro
1867 3818 2155 3850 exterminaverint.
2177 3835 2214 3842 -
2233 3822 2263 3856 ⁴)
2283 3821 2337 3851 Ed.
2357 3820 2551 3850 idolatriam.

291 3885 329 3892 -
346 3871 376 3906 ε)
394 3870 449 3901 m.
469 3871 600 3902 Gallias.
618 3887 655 3894 -
671 3874 701 3908 e)
720 3872 775 3902 ra.
789 3871 881 3910 Tyro.

2413 3920 2432 3938 ἡ

2471 272 2565 319 163
2594 316 2605 323 .

2608 1036 2664 1065 An.
2686 1041 2746 1066 3155.

2605 1629 2664 1657 An.
2684 1631 2748 1658 366.

2604 2817 2661 2845 An.
2682 2821 2743 2846 367.
