2970 4420
452 275 570 308 xxiv
1040 257 1045 267 '
1399 279 1551 312 Leonis
1584 279 1761 310 Atiam

451 353 486 394 si
517 364 627 407 quae
658 356 779 395 erant
808 356 1031 397 auctorum
1061 355 1225 411 signata
1254 354 1570 409 chirographis,
1596 357 1644 395 ut
1672 352 1764 395 fieri
1795 352 1925 406 solet,
1958 365 2054 396 cum
2088 354 2169 397 viri
2198 353 2315 398 docti
2346 359 2618 398 monumenta
2647 355 2718 398 in-

451 424 564 479 genii
595 423 661 466 sui
691 424 793 466 viris
823 421 1090 481 principibus
1127 426 1242 469 dono
1280 426 1477 479 mittunt,
1511 423 1631 480 quale
1667 429 1730 466 est
1766 423 1883 479 quod
1920 425 2032 467 inter
2067 425 2149 468 alia
2178 426 2393 469 vaticanae
2428 426 2715 470 bibliothecae

452 494 626 538 visenda
664 500 832 549 servat,
874 497 1048 540 Henrici
1083 499 1202 540 VIII.
1240 497 1352 551 regis
1392 495 1626 550 Anglorum
1662 494 1863 537 volumen
1899 493 1953 538 de
1986 498 2256 539 sacramentis
2293 502 2442 541 contra
2477 498 2712 540 Lutherum

451 566 584 613 Leoni
603 567 657 609 X.
682 568 852 610 missum
884 569 1191 624 eleganti·cum
1217 567 1450 624 epigraphe
1475 585 1492 602 e<
1521 566 1760 621 An'glorum
1793 578 1864 609 rex
1884 567 2090 610 Henricus
2112 569 2242 611 Leoni
2262 570 2316 611 X.
2338 570 2469 612 mittit
2499 570 2584 612 hoc
2605 572 2717 624 opus

449 644 494 681 et
523 637 623 681 fidei
653 639 806 693 pignus
836 644 878 682 et
909 640 1127 682 amicitiae.
1160 659 1176 675 ι»
1204 641 1291 682 Nec
1322 650 1484 694 paucos
1512 637 1674 679 invenit
1687 637 1938 679 huiusmodi
1960 643 2086 680 notae
2113 639 2280 682 codices
2302 640 2560 695 scriptorum
2581 652 2710 696 prae—

449 710 574 765 cipue
603 709 935 763 haereticorum,
967 723 1121 765 magno
1153 710 1247 752 usui
1279 708 1541 764 quandoque
1569 708 1737 750 futuros
1767 707 1995 751 arbitratus
2026 708 2081 751 ad
2114 710 2428 764 coarguendam
2463 711 2711 754 inconstan-

450 781 556 822 tiam
582 781 805 824 hominum
836 782 1031 835 illorum,
1062 781 1215 837 placita
1246 785 1289 822 et
1322 780 1544 835 opiniones
1570 792 1733 823 summa
1758 792 1855 822 cum
1881 779 2050 822 levitate
2075 781 2355 837 mutantium,
2381 794 2563 836 cumque
2590 782 2716 824 novis

452 855 497 894 et
522 848 603 893 sibi
633 854 856 895 contrariis
885 854 1099 896 sententiis
1127 853 1171 894 in
1199 853 1289 894 aliis
1322 856 1450 907 atque
1479 851 1573 894 aliis
1603 851 1853 894 eorumdem
1888 863 2067 907 operum
2098 852 2355 895 editionibus
2386 853 2706 909 prodeuntium.
2737 877 2739 880 <

573 925 645 966 39.
680 925 873 967 Substitit
895 919 1199 979 Heidelbergae
1223 923 1407 976 diutius,
1434 934 1616 978 namque
1646 923 1783 978 spatio
1815 929 1925 977 op'us
1952 927 2070 977 erat,
2094 922 2205 965 dum·
2223 924 2434 967 materiam
2457 923 2713 967 fabricandis

451 995 606 1051 pluteis
623 1029 634 1050 ,
675 995 778 1038 dum
815 1009 963 1038 currus
979 1026 991 1049 ,
1033 994 1135 1038 dum
1174 994 1359 1036 iumenta
1397 993 1563 1049 aliaque
1599 994 1950 1049 transportationi
1989 993 2345 1038 administrandae
2382 995 2713 1039 laboriosissime

452 1071 815 1121 compararentur.
853 1067 968 1110 Nihil
1005 1066 1116 1109 enim
1136 1071 1239 1108 -erat
1277 1078 1448 1119 eorum,
1482 1078 1592 1121 quae
1631 1078 1731 1107 suos
1768 1065 1822 1108 ad
1860 1078 1960 1107 usus
1995 1065 2178 1108 humana
2214 1066 2301 1108 vita
2338 1065 2574 1121 desiderat,
2607 1067 2711 1123 quin

446 1148 593 1188 ,rarum
625 1149 703 1191 per
728 1150 795 1179 eas
829 1150 926 1180 oras
956 1141 1188 1192 paratuque
1217 1135 1516 1180 difficillimum
1544 1137 1707 1179 factum
1735 1141 1866 1191 esset,
1892 1140 2070 1192 propter
2099 1136 2266 1179 sublata
2298 1137 2569 1192 commercia,
2594 1146 2717 1191 mag-

452 1219 550 1250 nam
586 1207 804 1250 hominum
837 1208 1154 1251 multitudinem
1186 1207 1361 1263 proeliis
1390 1212 1434 1250 et
1466 1208 1702 1251 latrociniis
1731 1208 2018 1263 absumptam.
2051 1208 2248 1250 Ceterum
2279 1208 2431 1270 inhilla
2466 1221 2709 1252 commora-

451 1279 566 1321 tione
595 1279 815 1330 Allatium,
844 1284 1012 1334 praeter
1038 1279 1230 1322 laborem
1261 1279 1477 1323 assiduum
1507 1280 1789 1336 conquirendi
1803 1311 1814 1333 ,
1828 1278 2149 1335 cognoscendi,
2180 1279 2406 1322 ordinandi
2430 1292 2629 1334 magnam
2657 1280 2710 1322 li-

449 1349 629 1393 brorum
660 1351 795 1393 omnis
824 1351 988 1405 generis
1023 1352 1213 1407 copiam,
1246 1352 1474 1395 sollicitum
1506 1353 1775 1395 vehementer
1803 1357 1846 1394 et
1879 1352 2118 1406 inquietum
2146 1351 2361 1394 habebant
2391 1351 2588 1405 insidiae,
2616 1351 2711 1407 qui-

450 1419 531 1464 bus
556 1422 643 1477 peti
670 1426 794 1476 caput
821 1434 945 1464 suum
972 1423 1232 1466 intellexerat
1258 1437 1346 1466 non
1373 1423 1480 1467 ferri
1507 1424 1637 1466 modo
1654 1454 1665 1476 ,
1689 1423 1764 1466 sed
1796 1424 1921 1465 etiam
1944 1423 2119 1476 veneni,
2145 1422 2265 1465 cuius
2293 1422 2380 1464 vim
2405 1426 2602 1477 expertus
2623 1427 2712 1466 erat

448 1493 492 1534 in
522 1492 705 1546 famulo,
739 1505 867 1547 quem
896 1493 1083 1537 habebat
1118 1494 1174 1537 ad
1210 1495 1321 1538 vitae
1356 1494 1618 1548 ministeria;
1650 1495 1684 1536 is
1714 1506 1898 1550 namque
1929 1495 2104 1549 hausta,
2136 1493 2281 1536 nescio
2312 1505 2400 1549 quo
2430 1494 2708 1549 propinante,

453 1563 561 1606 illita
591 1563 772 1618 quadam
803 1565 931 1607 noxio
962 1565 1236 1609 medicamine
1265 1566 1441 1622 potione
1462 1597 1474 1620 ‚
1506 1565 1647 1608 furere
1678 1565 1820 1607 statim
1849 1569 1893 1607 et
1921 1565 2101 1607 alienata
2130 1568 2275 1606 mente
2311 1565 2482 1618 iactari,
2515 1576 2592 1608 uec
2620 1563 2711 1607 ullo

451 1635 640 1678 remedio
671 1636 735 1678 vis
765 1637 886 1690 mali,
910 1648 1020 1692 quae
1050 1638 1249 1681 miserum
1280 1638 1545 1695 corripuerat
1574 1639 1665 1682 sisti
1697 1639 1839 1681 valuit.
1874 1637 1954 1682 Sed
1977 1650 2101 1680 curae
2129 1641 2217 1680 tam
2246 1637 2450 1680 molestae
2480 1638 2709 1681 maximum

449 1706 641 1749 levamen
673 1707 952 1762 capiebatxob
984 1708 1120 1752 effusa
1141 1721 1238 1764 erga
1267 1722 1311 1752 se
1335 1710 1642 1753 Germanorum
1670 1721 1897 1765 procerum
1923 1707 2253 1762 humanitatem,
2280 1708 2529 1764 cultumque
2555 1713 2598 1751 et
2626 1708 2711 1751 ho-

449 1786 623 1831 norem,
657 1790 745 1833 quo
775 1778 945 1822 habitus
977 1784 1040 1822 est
1070 1780 1124 1823 ab
1155 1779 1354 1824 omnibus
1382 1781 1427 1823 in
1459 1793 1665 1834 occursu,
1690 1780 2010 1835 congressibus,
2039 1780 2264 1823 conviviis.
2297 1782 2462 1838 Horum
2492 1780 2710 1836 praecipui

446 1849 562 1891 fuere
593 1861 735 1891 comes
754 1850 1073 1894 Metternichius
1094 1851 1399 1907 Heidelbergae
1420 1851 1664 1907 praefectus
1678 1882 1690 1904 ‚
1717 1851 2099 1907 Poppenheimius,
2123 1855 2167 1893 et
2187 1849 2466 1905 Aldringerus
2491 1852 2544 1903 (1)
2558 1881 2571 1904 ,
2597 1860 2706 1906 quo·

447 1933 542 1963 rum
573 1933 596 1962 e
626 1920 892 1964 sermonibus
921 1934 1083 1965 summa
1117 1935 1214 1965 cum
1246 1923 1375 1965 animi
1404 1923 1624 1979 voluptate
1660 1922 1948 1978 cognoscebat
1976 1935 2044 1965 res
2074 1934 2126 1965 eo
2155 1922 2270 1965 bello
2304 1927 2472 1976 gestas,
2505 1933 2722 1976 casusque,

448 2003 713 2034 summorum
734 1992 926 2034 virorum
957 1991 1099 2035 varios
1127 1997 1256 2048 atque
1278 1993 1505 2039 mirabiles.
1538 1994 1815 2037 Memorabile
1842 2006 1944 2036 vero
1969 1995 2014 2036 in
2042 1994 2189 2049 primis
2210 1993 2314 2047 fuit,
2339 1991 2459 2048 quod
2487 1996 2710 2047 acceptum

446 2075 471 2105 a
499 2062 837 2118 Poppenheimio
868 2075 1041 2106 narrare
1070 2064 1222 2107 solitus
1250 2069 1336 2118 est,
1363 2066 1576 2109 concisam
1605 2066 1649 2108 in
1677 2065 1862 2120 quodam
1895 2066 2121 2108 certamine
2149 2077 2320 2107 omnem
2352 2064 2545 2119 equitum
2571 2063 2704 2117 alam,

447 2133 516 2177 cui
543 2135 634 2189 ipse
656 2133 1012 2190 Poppenheimius
1033 2135 1302 2191 praefuerat,
1324 2148 1506 2192 eumque
1533 2136 1580 2179 in
1603 2136 1731 2179 turba
1757 2141 1994 2179 ceterorum
2017 2127 2265 2179 vulneribus
2288 2135 2554 2188 confectum,
2580 2138 2624 2177 et
2643 2135 2709 2176 in-

448 2210 515 2249 ter
545 2207 754 2249 ccisorum
784 2206 987 2249 cadavera
1012 2207 1219 2250 iacentem
1252 2207 1306 2250 ab
1334 2207 1458 2251 hoste
1487 2208 1662 2264 spoliari
1689 2213 1913 2263 coeptum,
1947 2220 1997 2250 ac
2024 2219 2139 2249 novo
2171 2206 2344 2248 vulnere
2372 2217 2461 2261 quo
2493 2217 2517 2248 a
2544 2216 2710 2262 prope-

449 2281 570 2320 rante
601 2277 831 2333 spoliator-e
860 2279 967 2321 ictus
997 2278 1137 2321 fuerat
1167 2280 1276 2322 vitae
1306 2267 1594 2332 admonitum,
1626 2291 1767 2321 orasse
1794 2278 2010 2320 hominem
2039 2291 2092 2320 ne
2125 2277 2279 2320 maiori
2308 2276 2388 2319 sibi
2420 2275 2706 2319 emolumento

448 2349 585 2404 spolia
615 2349 771 2405 captivi
804 2362 930 2405 quam
954 2351 1084 2392 vitam
1114 2351 1303 2393 futuram
1334 2354 1523 2406 putaret.
1555 2350 1835 2393 Conservaret
1857 2350 2024 2404 itaque,
2056 2350 2092 2391 si
2121 2361 2208 2404 qua
2237 2348 2400 2390 ratione
2433 2351 2577 2402 posset
2604 2357 2707 2389 sau·

449 2422 586 2475 cium,
609 2434 658 2464 ac
683 2433 770 2464 non
795 2422 987 2477 vulgaria
1018 2423 1202 2478 praemia
1228 2427 1481 2479 expectaret.
1514 2424 1747 2478 Acceptum
1775 2424 1919 2478 itaque
1951 2422 2004 2464 ab
2029 2421 2104 2464 illo
2132 2434 2210 2477 per
2236 2420 2391 2476 pedes,
2417 2425 2458 2463 et
2484 2421 2528 2463 in
2555 2419 2710 2463 hume·

448 2505 519 2536 ros
550 2493 725 2549 pecudis
755 2494 884 2537 modo
911 2495 1182 2550 impositum,
1213 2500 1494 2549 avectumque
1516 2495 1566 2537 >in
1594 2494 1782 2550 quodam
1809 2493 1981 2548 tugurio
2011 2492 2250 2545 delituisse,
2276 2491 2352 2534 ubi
2379 2504 2480 2534 mox
2504 2490 2711 2534 adhibitis

448 2565 681 2619 agrestibus
714 2565 1030 2609 medicamentis
1061 2566 1368 2618 convaluisset,
1402 2571 1445 2608 et
1476 2566 1639 2621 optima
1667 2565 1752 2608 fide
1781 2564 1898 2630 qnod
1932 2568 2024 2607 erat
2052 2564 2166 2607 hosti
2197 2563 2415 2619 pollicitus
2438 2566 2706 2618 representa-

447 2637 572 2680 verit.
605 2637 838 2701 Receptum
873 2650 924 2680 eo
956 2651 1054 2681 casu
1085 2639 1280 2694 spiritum
1310 2639 1376 2681 vir
1404 2638 1473 2680 ille
1503 2637 1755 2680 fortissimus
1784 2637 1944 2679 maiore
1975 2635 2127 2678 deinde
2157 2648 2256 2678 cum
2284 2635 2422 2690 gloria
2454 2633 2609 2677 deinde
2638 2633 2706 2676 ef·
2772 2633 2789 2694 f

446 2706 558 2749 fudit
586 2708 629 2752 in
653 2707 728 2750 illo
758 2709 1023 2752 memorabili
1046 2709 1239 2765 proelio,
1264 2721 1351 2765 quo
1379 2707 1532 2751 cecidit
1559 2708 1770 2751 Gustavus
1787 2707 1977 2750 ‘Adolsus
2001 2706 2230 2749 Svecorum
2256 2718 2353 2760 rex,
2379 2705 2524 2748 multis
2547 2705 2708 2747 interea

446 2778 570 2822 editis
598 2784 809 2835 spectatae
840 2782 1009 2824 virtutis
1041 2781 1270 2837 exemplis,
1304 2783 1347 2824 et
1376 2793 1424 2823 re
1454 2779 1627 2836 publica
1655 2779 1821 2822 fortiter
1853 2783 1896 2822 et
1926 2778 2096 2833 egregie
2126 2782 2260 2833 gesta.

563 2851 637 2894 40.
671 2851 752 2894 Sed
787 2844 992 2907 quantum
1026 2852 1184 2895 Allatio
1219 2852 1462 2895 tribuerant
1494 2851 1558 2895 illi
1588 2851 1807 2905 homines,
1841 2854 2090 2906 quantoque
2122 2848 2320 2891 omuibus
2351 2851 2460 2891 esset
2491 2849 2535 2890 in
2568 2847 2708 2903 pretio
2779 2852 2786 2859 ’

445 2921 551 2968 illud
583 2923 762 2966 maxime
794 2923 1037 2967 declaravit.
1072 2925 1172 2967 Tres
1209 2924 1365 2966 milites
1405 2936 1460 2966 ex
1494 2923 1677 2978 quadam
1712 2922 1889 2965 cohorte
1904 2954 1916 2975 ,
1957 2933 2066 2976 quae
2099 2924 2278 2976 propter
2315 2923 2430 2962 actas
2464 2931 2512 2961 ex
2551 2923 2703 2974 pacato

446 2993 623 3048 praedas
648 2999 887 3037 meruerant
909 2996 1015 3048 iram
1039 2994 1186 3048 duciS,
1201 2999 1327 3049 *sorte
1355 2995 1430 3047 (ut
1460 2999 1524 3037 est
1553 3007 1646 3037 mos
1675 2994 1872 3046 militiae)
1906 2993 2023 3036 ducti
2047 2991 2103 3034 ad
2126 2990 2381 3047 supplicium
2402 2988 2704 3042 tradebantur,

446 3065 613 3120 iamque
643 3065 836 3121 patibulo
868 3065 1088 3109 admoveri
1122 3069 1376 3121 coeperant,
1411 3078 1508 3108 cum
1541 3065 1652 3108 forte
1679 3063 1975 3108 miserantibus
2005 3062 2081 3118 qui
2109 3061 2286 3105 aderant
2313 3061 2483 3113 amicis,
2517 3059 2705 3117 venit-in

448 3140 632 3178 mentem
661 3138 843 3191 experiri
873 3137 1027 3193 ecquid
1054 3138 1150 3181 illos
1174 3139 1352 3180 miseros
1377 3137 1508 3191 legati
1531 3135 1750 3178 Pontificis
1778 3134 1913 3191 gratia
1945 3134 2031 3185 (sic
2058 3132 2235 3176 Allatius
2260 3145 2284 3175 a
2312 3131 2526 3174 Germanis
2549 3131 2706 3185 passim

451 3206 673 3261 audiebat)
705 3209 923 3252 sublevare
956 3205 1103 3266 posset
1128 3209 1183 3252 ad
1215 3209 1346 3252 vitam
1377 3206 1704 3263 impetrandam.
1738 3205 2059 3248 circumsistunt
2091 3203 2294 3246 Allatium
2325 3202 2568 3256 frequentes
2596 3212 2703 3261 pro-

449 3278 610 3320 miscua
638 3281 773 3325 omnis
801 3283 964 3337 generis
987 3282 1207 3324 hominum
1235 3282 1385 3334 turba,
1413 3283 1633 3335 orantque
1656 3284 1699 3321 et
1726 3279 2015 3330 obtestantur,
2041 3289 2095 3318 ne
2123 3275 2315 3318 homines
2343 3272 2572 3316 acerbitate
2607 3272 2702 3314 for·
2775 3336 2781 3339 ,

449 3353 577 3392 tunae
610 3349 664 3392 ad
697 3355 929 3397 extremum
961 3353 1205 3396 calamitatis
1239 3352 1468 3407 adductos,
1502 3350 1617 3394 facili
1647 3349 1812 3405 sibique
1846 3348 2067 3390 minimum
2104 3346 2339 3388 constitura
2371 3355 2453 3399 ope
2482 3341 2707 3385 fraudatos

449 3419 601 3461 vellet:
635 3421 767 3463 adiret
795 3422 1115 3479 Ami-iugerum,
1149 3437 1277 3480 seque
1312 3436 1460 3466 causae
1491 3422 1788 3465 damnatorum
1825 3419 2142 3475 deprecatorem
2174 3414 2472 3477 profiteretur,
2509 3425 2704 3469 operam-

451 3502 533 3546 que
560 3502 675 3532 suam
707 3504 794 3534 non
823 3494 949 3540 saluti
978 3495 1108 3538 modo
1139 3507 1288 3538 eorum
1302 3527 1314 3549 ,
1347 3506 1496 3536 verum
1526 3493 1653 3535 etiam
1683 3492 1844 3546 gloriae
1874 3489 1956 3532 sibi
1984 3488 2173 3532 futuram
2202 3486 2422 3541 cogitaret.
2456 3485 2533 3528 Ille
2563 3485 2702 3540 primo

452 3561 618 3617 pudore
647 3563 938 3618 modestiaque
970 3571 1215 3622 cunctatus,
1248 3580 1302 3609 ne
1329 3566 1463 3610 audax
1490 3577 1597 3608 neve
1621 3565 1891 3619 importunus
1904 3574 1922 3615 ,⁴
1939 3561 2091 3616 suique
2118 3559 2271 3602 nimius
2304 3558 2564 3600 existimator
2592 3555 2705 3599 iudi-

452 3633 683 3686 dicaretur,
708 3633 743 3675 si
774 3637 1067 3682 auctoritatem
1095 3651 1212 3684 suam
1241 3638 1369 3682 tantis
1395 3637 1522 3689 rebus
1541 3637 1855 3690 interponeret,
1878 3631 2050 3676 tandem
2069 3633 2269 3686 reputato
2293 3628 2538 3684 disciplinae
2558 3629 2703 3683 potius

451 3702 694 3746 retinendae
724 3704 882 3758 gratia,
915 3717 1043 3759 quam
1073 3708 1191 3762 quod
1221 3708 1393 3763 capitali
1423 3719 1536 3751 noxa
1565 3706 1741 3761 dignum
1771 3705 1999 3761 quicquam
2027 3704 2135 3744 esset
2163 3698 2410 3753 admissum,
2442 3698 2558 3767 illam
2588 3710 2705 3741 seve·-

545 3808 591 3849 (1)
611 3810 659 3841 De
680 3808 731 3840 his
753 3808 891 3842 ducibus
909 3818 965 3850 per
985 3818 1022 3842 ea
1043 3811 1190 3854 tempora
1214 3812 1331 3852 claris,
1354 3812 1523 3853 multoque
1543 3810 1646 3852 magis
1666 3809 1707 3842 de
1726 3809 1941 3850 subsequente
1957 3806 2073 3847 Tillio,
2095 3805 2275 3847 loquuntur
2294 3803 2372 3837 belli
2390 3803 2478 3835 illins
2500 3801 2706 3843 tricennalis,

447 3863 536 3910 qnod
559 3864 638 3896 tunc
661 3862 848 3904 gerebatur,
871 3863 1045 3905 scriptores
1067 3863 1263 3905 schilterus,
1289 3866 1445 3907 Binerus,
1468 3865 1601 3906 aliique.
1626 3867 1663 3900 Α,
1686 3865 1720 3900 Μ
