2970 4420
1536 226 1551 244 Ι

1180 287 1237 318 ns
1269 285 1532 318 mnonoms.
2399 271 2490 315 1οῚ

221 377 497 438 vocavitque
531 362 663 421 κατοὶ
699 360 886 435 μέροςς
922 388 1017 420 non
1052 372 1184 435 quod
1215 388 1270 420 ex
1298 380 1455 435 parte,
1482 385 1602 433 quae
1635 377 1744 416 sunt
1769 367 1879 416 fidei
1906 367 2060 414 tradat
2081 376 2128 414 et
2161 379 2386 431 exponat,
2414 370 2487 416 vel

224 454 354 517 quod
388 455 475 516 per
508 459 663 514 partes
695 449 811 498 inibi
845 449 963 498 fides
995 450 1282 514 explicetur,
1318 450 1393 497 vel
1428 448 1558 511 quod
1598 447 1741 495 fidem
1777 462 1871 493 non
1905 447 2170 492 universam
2205 446 2286 491 sed
2320 449 2491 508 partim

224 531 404 583 tradat,
432 529 507 576 vel
541 528 671 590 quod
707 528 997 590 particularis
1019 528 1138 575 fides
1172 519 1338 579 fuerit,
1364 526 1446 574 sed
1480 525 1609 587 quod
1643 524 1849 587 singulas
1872 532 1918 570 et
1943 522 2165 585 speciales
2194 522 2303 568 fidei
2338 533 2497 585 partes

225 608 452 655 enucleat.
489 607 602 653 Eam
631 606 820 652 Vossius
851 606 1051 659 invenit,
1079 596 1320 666 ediditque
1343 605 1485 667 latine
1510 603 1685 655 solum,
1714 617 1821 648 cum
1849 616 2011 662 graeca
2043 615 2139 646 non
2165 599 2382 646 habuerit
2408 602 2489 663 (l).

226 683 394 731 Subdit
426 683 760 735 Bellarminus,
789 682 983 729 fortasse
1018 681 1118 728 falli
1149 682 1380 727 Vossium.
1418 683 1534 726 Nam
1567 680 1797 741 expositio
1827 675 1962 731 fidei,
1990 679 2121 723 cuius
2155 677 2366 722 meminit
2390 692 2496 722 san-

225 769 325 807 ctus
349 760 543 807 Basilius
567 760 615 804 in
640 759 833 821 epistola
857 760 984 805 CCX.
1013 759 1072 805 ad
1095 759 1544 809 Neocaestarienses,
1572 772 1682 803 vere
1714 772 1738 805 a
1762 755 2109 814 Thaumaturgo
2134 755 2301 815 scripta
2332 753 2496 799 adver-

225 853 303 884 sus
332 837 580 884 Aelianum
607 836 696 898 (2),
724 836 924 882 multum
958 836 1117 882 differt
1150 850 1175 881 a
1208 835 1416 880 vossiana
1451 836 1558 880 ista:
1584 835 1633 879 in
1667 833 1747 879 illa
1781 833 1905 878 enim
1930 830 2216 882 habebatur,
2245 832 2427 876 Patrem
2451 840 2496 877 et

226 914 397 960 Filium
428 913 668 975 hypostasi
702 927 800 958 esse
836 928 1008 963 unum,
1035 920 1082 958 et
1113 911 1213 958 sola
1247 911 1389 956 animi
1415 911 1695 972 cogitatione
1727 909 1971 970 distingui,
2000 907 2126 954 unde
2159 908 2360 969 suspicio
2394 915 2496 953 orta

225 999 326 1041 erat
359 1005 385 1037 a
418 991 645 1052 Gregorio
682 989 832 1036 foveri
866 989 1094 1036 haeresim
1134 987 1348 1034 Sabellii:
1381 987 1690 1049 quamobrem
1728 1002 1835 1033 eum
1870 985 2064 1032 Basilius
2103 1001 2128 1031 a
2165 984 2496 1031 sabellianismi

226 1067 488 1129 suspicione
513 1066 765 1113 defendere
790 1054 1055 1113 contendit:
1087 1065 1166 1112 sed
1181 1066 1405 1126 ·stsiana
1430 1064 1682 1111 Sabellium
1706 1065 1983 1110 nominatim
2009 1062 2203 1115 refutat,
2232 1077 2384 1123 neque
2409 1078 2498 1107 un-

225 1160 367 1206 quam
391 1144 711 1206 dicitvPatrem
736 1153 783 1190 et
810 1144 987 1190 Filium
1004 1143 1242 1205 hypostasi
1270 1158 1369 1189 esse
1402 1158 1572 1194 unum,
1603 1150 1648 1188 et
1683 1142 1781 1188 sola
1811 1141 2005 1187 rationis
2031 1140 2310 1204 cogitatione
2333 1139 2499 1184 distin-

227 1223 333 1282 gui:
359 1221 442 1268 sed
476 1230 638 1278 contra
668 1221 806 1274 dicit,
834 1209 1014 1267 Patrem
1044 1230 1089 1267 et
1115 1221 1287 1266 Filium
1323 1228 1489 1267 natura
1514 1220 1767 1265 divinitatis
1790 1234 1888 1265 esse
1920 1219 2092 1271 unum,
2120 1225 2163 1263 et
2191 1231 2499 1278 unamquam-

226 1314 319 1359 que
352 1313 602 1360 personam
637 1314 721 1360 per
754 1297 1112 1349 se'suhsistere,
1149 1306 1195 1342 et
1230 1297 1369 1342 aliam
1397 1308 1509 1342 ‘esse
1551 1297 1836 1358 hypostasim
1877 1296 2052 1347 Patris,
2089 1294 2226 1341 aliam
2267 1294 2372 1340 Filii
2406 1303 2494 1340 etc.

226 1377 465 1422 Praeterea
490 1376 702 1422 vossiana
727 1375 912 1421 videtur
946 1376 1141 1421 omnino
1174 1375 1345 1436 scripta
1381 1382 1543 1420 contra
1568 1375 1787 1426 Arianos,
1817 1390 1869 1420 ac
1902 1389 1986 1434 per
2019 1372 2110 1419 hoc.
2142 1373 2250 1418 satis
2280 1371 2361 1417 diu
2394 1381 2500 1434 post

227 1459 442 1514 tempora
473 1452 830 1512 Thaumaturgi;
857 1453 922 1497 sic
948 1452 1074 1497 enim
1107 1451 1296 1513 incipit:
1326 1449 1652 1495 inimicissimi
1676 1461 1726 1494 et⁴
1747 1449 1900 1496 alieni
1931 1465 1962 1494 a
1989 1446 2280 1510 consessione
2313 1459 2499 1511 aposto-

228 1528 324 1574 lica
356 1540 491 1580 sunt,
526 1528 613 1590 qui
643 1528 834 1578 dicunt,
867 1545 964 1573 esse
996 1527 1175 1574 Filium
1208 1544 1272 1573 ea:
1306 1544 1400 1573 non
1433 1526 1716 1572 extantibus
1750 1536 1839 1573 etc.
1877 1529 1934 1572 Et
1966 1527 2111 1572 infra:
2146 1542 2223 1571 eos
2257 1542 2383 1576 vero,
2416 1526 2503 1588 qui

227 1604 583 1650 communicant
617 1621 725 1650 cum
759 1603 844 1655 iis,
874 1604 961 1666 qui
991 1603 1216 1650 reiieiunt
1248 1603 1556 1654 homousion,
1587 1592 1837 1666 tamquam
1871 1603 2053 1649 alienos
2087 1618 2118 1648 a
2152 1601 2428 1665 scripturis;
2456 1614 2501 1646 et

227 1682 314 1745 qui
342 1682 511 1729 dieunt
537 1682 729 1744 aliquid
758 1699 823 1727 ex
850 1681 1085 1728 Trinitate
1117 1694 1334 1728 creatum
1367 1698 1487 1732 esse,
1519 1681 1702 1726 alienos
1735 1680 2089 1726 eoeistimamus.
2128 1681 2316 1726 Constat
2346 1688 2500 1726 autem

227 1760 426 1806 Arianos
453 1759 650 1812 dixisse,
677 1759 847 1804 Filium
880 1775 978 1805 esse
1011 1775 1065 1805 ex
1102 1775 1196 1806 non
1231 1745 1520 1810 extantibus,
1547 1767 1591 1805 et
1629 1760 1838 1804 reiecisse
1871 1758 2167 1814 homousion.
2206 1758 2327 1812 Quin
2362 1759 2499 1803 etiam

226 1838 290 1882 ita
320 1836 525 1898 disputat
551 1837 626 1881 hic
658 1844 819 1882 auctor
842 1836 902 1882 de
924 1838 1269 1889 incarnatione,
1296 1845 1350 1883 ut
1371 1836 1586 1883 videatur
1610 1836 1827 1918 refellere
1851 1837 2151 1882 Nestorianos
2183 1843 2227 1881 et
2252 1837 2371 1896 Euty
2375 1835 2501 1882 chia-

227 1929 331 1973 nos.
368 1915 424 1958 Et
457 1914 571 1960 haec
603 1913 796 1975 quidem
830 1922 939 1960 sunt
970 1914 1242 1960 Bellarmini
1277 1923 1568 1976 argumenta.

301 2049 306 2054 .
357 1992 514 2038 Posset
548 1991 659 2037 addi
687 1992 936 2038 auctoritas
966 1992 1145 2045 Leontii
1175 1992 1234 2037 de
1269 1993 1405 2038 sectis
1438 2000 1527 2037 act.
1556 1992 1676 2037 Vlll.
1706 1992 1753 2036 4.
1783 1991 1865 2052 qui
1898 1991 1985 2036 ait:
2026 1977 2173 2032 οἶλλα
2205 2001 2288 2031 και
2330 1977 2499 2034 ἄλλην

229 2081 377 2151 κμινΝ
382 2080 567 2129 χρῆσιν
602 2057 1010 2131 παραφέρουσιν,
1047 2081 1113 2118 ως
1151 2082 1249 2111 απο
1287 2059 1383 2112 τοῦ
1418 2059 1576 2131 ἁγίου
1616 2062 1910 2131 Γρηγορίου
1946 2057 2042 2109 τοῦ
2076 2048 2500 2128 θαυματουργοῦ

232 2135 285 2187 ἐκ.
313 2157 402 2195 τῆς
430 2133 564 2188 κατὰ
596 2133 752 2205 μέρος
786 2136 1018 2198 πίσὟεως,
1049 2135 1105 2188 οὐ
1144 2129 1236 2189 δύο
1273 2135 1547 2209 πρόσωπα,
1579 2135 1635 2189 οὐ
1674 2132 1763 2187 δύο
1803 2133 1996 2199 φύσεις·
2034 2133 2090 2186 οὐ
2129 2131 2211 2186 δει
2245 2130 2350 2205 ’γὰρ
2387 2132 2498 2200 τέσ-

231 2234 364 2284 σαρα
396 2211 706 2283 προσκυνεῖν·
743 2211 824 2265 καὶ
863 2211 931 2265 τοὶ
969 2212 1170 2284 ἐφεξῆς·
1205 2212 1430 2282 λέγομεν
1468 2210 1520 2265 δὲ
1560 2235 1644 2266 και
1682 2209 1806 2284 προς
1841 2213 2027 2273 τοῦτο,
2045 2208 2139 2263 ὅτι
2173 2232 2368 2283 πρωτον
2403 2209 2496 2280 μὲν

229 2288 312 2341 καὶ
351 2284 479 2345 αὐτη
517 2285 797 2359 ἅμφεβλνῖθ
803 2313 830 2345 n
865 2313 1004 2362 παρα
1041 2312 1152 2351 τοις
1189 2287 1581 2362 παλαιοὟέροις,
1610 2314 1676 2357 μη
1717 2296 1843 2343 εἶναι
1881 2289 1975 2342 τοῦ
2009 2289 2168 2359 ἁγίου
2206 2286 2494 2360 ΓρκΓορίου

232 2363 404 2418 ἔπειτα
438 2363 726 2439 Γρηγόριος
762 2365 787 2417 ὁ
827 2388 1069 2426 νυσσαευς
1103 2365 1319 2439 γράφων
1354 2365 1614 2430 ἐπΠεὶφιον
1649 2366 1720 2427 εἷς
1755 2390 1842 2419 τον
1881 2364 2300 2438 Θαυματουργόν
2331 2363 2497 2426 λεΤει,

227 2438 383 2512 μηδὲν
419 2441 727 2514 σόγΓραμμα
763 2439 1014 2516 φέρεσθαι
1054 2467 1246 2506 αυτου,
1284 2444 1326 2496 εἷ
1361 2467 1427 2515 sun
1464 2442 1618 2515 μόνην
1653 2467 1740 2499 τῆν
1775 2444 1960 2505 πίσὛιν,
1997 2466 2048 2498 κν
2085 2441 2214 2495 κατὰ
2251 2442 2496 2495 ὀπτασίαν

230 2514 378 2571 εἶδεν.
410 2529 666 2590 Proserunt
690 2528 826 2575 nobis
848 2541 893 2574 et
918 2530 1071 2576 aliam
1093 2530 1342 2593 quandam
1368 2542 1707 2576 auctoritatem
1731 2542 1885 2576 saneti
1914 2525 2137 2592 Gregorii
2160 2527 2503 2595 thaumaturgi

231 2621 295 2649 ex
328 2603 458 2651 illius
491 2605 784 2667 consessione
805 2606 938 2668 fidei
969 2621 1056 2658 ‘rag
1093 2597 1224 2651 κατὰ
1257 2620 1427 2671 μέρος.
1464 2609 1568 2653 Non
1600 2607 1717 2653 duas
1751 2622 1999 2669 personas,
2034 2605 2214 2668 inqui,t
2250 2623 2346 2654 non
2382 2608 2498 2654 duas

231 2689 443 2728 naturas:
478 2683 586 2742 quia
619 2698 716 2728 non
742 2683 980 2730 adoranda
1016 2693 1123 2730 sunt
1155 2693 1375 2746 quatuor.
1414 2685 1478 2731 Et
1507 2684 1613 2730 alia
1637 2701 1762 2746 quae
1788 2695 2065 2746 sequuntur.
2103 2683 2180 2729 Ad
2205 2683 2293 2729 hoe
2317 2701 2500 2746 quoque

232 2758 590 2821 respondemus,
613 2758 829 2822 primum
855 2759 914 2805 de
939 2759 1032 2806 hae
1058 2761 1224 2807 itidem
1251 2761 1527 2806 dubitatum
1562 2761 1698 2824 apud
1720 2760 2039 2823 antiquiores,
2069 2776 2134 2806 an
2169 2760 2233 2806 sit
2259 2761 2494 2824 Gregorii.

237 2833 423 2901 Deinde
454 2834 711 2898 Gregorius
742 2851 971 2898 nyssenus
1001 2837 1269 2883 orationem
1297 2837 1355 2883 de
1391 2836 1752 2900 Thaumaturgo
1768 2836 2029 2899 funebrem
2058 2837 2287 2888 scribens,
2314 2838 2501 2883 nullum
2547 2857 2551 2859 ·

187 2969 195 2978 .
234 2910 308 2956 ait
335 2927 453 2974 opus
484 2910 633 2974 ipsius
659 2910 710 2956 in
732 2910 956 2958 manibus
978 2928 1076 2958 esse
1092 2908 1095 2910 μ
1100 2924 1299 2976 praeter
1327 2913 1481 2958 solam
1506 2913 1680 2972 sidem,
1709 2929 1869 2975 quam.
1891 2913 1942 2957 in
1975 2912 2151 2959 visione
2178 2914 2495 2976 conspexerit.

232 2991 329 3058 Nec
363 2988 491 3034 aliud
525 2989 717 3035 sensisse
749 2989 998 3051 Eulogium
1033 2990 1345 3051 patriarcham
1379 2991 1731 3036 alexandrinum
1767 2990 2004 3051 colligitur
2037 2992 2092 3036 ex
2130 2990 2340 3035 oratione
2373 2990 2500 3035 illius

233 3067 370 3113 tertia
395 3066 617 3113 adversus
636 3066 970 3113 calumniantes
989 3076 1175 3113 sanctos
1199 3076 1378 3129 patres,
1399 3076 1446 3113 et
1469 3068 1718 3113 concilium
1737 3066 2102 3113 chalcedonense
2123 3066 2211 3127 (3),
2231 3081 2338 3112 cum
2362 3066 2494 3113 dicit:

597 3146 622 3157 Α)

234 3146 278 3198 εἶ
319 3143 378 3199 δέ
411 3169 489 3207 τις
525 3146 647 3216 ἧμιν
677 3145 1055 3200 Ἀθανασιον
1037 3169 1084 3200 εν
1118 3147 1191 3219 τῷ
1224 3169 1348 3220 sarept
1391 3145 1688 3240 σαρκώσεως
1722 3145 2033 3218 προκομίζει
2069 3143 2254 3219 λόγῳ,
2290 3167 2373 3198 και
2413 3168 2496 3201 τον

233 3226 636 3294 Νεοκαισαρείας
671 3222 960 3317 Ppnyo'ptov
997 3223 1046 3278 ἐν
1080 3224 1154 3296 ,τῷ
1186 3246 1297 3294 περι
1337 3246 1427 3284 τῆς
1461 3246 1593 3277 κατα
1627 3221 1780 3296 μέρος
1815 3223 2047 3283 πίσ7εως,
2084 3219 2177 3274 δύο
2213 3219 2375 3276 λεΤειν
2412 3246 2499 3276 κω-

232 3298 497 3361 λόονὙας’
478 3298 556 3352 επὶ
589 3301 822 3373 Χριστου
848 3323 938 3362 τας
970 3300 1160 3366 φύσεις
1196 3311 1252 3356 Sc
1275 3327 1380 3357 cero
1414 3327 1520 3373 quis
1543 3310 1680 3356 nobis
1702 3308 2023 3356 Athanasium
2052 3309 2276 3373 proferat
2305 3310 2355 3356 in
2378 3309 2498 3356 libro

319 3449 368 3489 (1)
392 3446 594 3493 Egregium
620 3445 690 3483 hoc
713 3456 783 3484 nee
808 3445 916 3483 breve
940 3446 1164 3493 opuseulum
1190 3447 1462 3495 Thaumaturgi
1485 3457 1554 3483 nos
1579 3445 1739 3493 denique
1763 3455 1892 3494 graece
1917 3444 2104 3484 edidimus
2127 3457 2171 3484 ex
2191 3446 2347 3496 antiquo
2372 3448 2499 3486 codice

241 3503 411 3540 vaticano
436 3504 476 3540 in
500 3503 870 3555 voluminebseptimo
894 3506 1121 3553 Scriptorum
1146 3511 1307 3542 veterum
1333 3511 1427 3553 part.
1455 3508 1490 3542 1.
1517 3517 1555 3553 p.
1582 3507 1755 3542 170-176.
1782 3507 1828 3541 A.
1856 3506 1908 3541 Μ.
2273 3536 2280 3543 ,

319 3567 368 3607 (2)
395 3563 520 3601 Huius
544 3574 694 3611 quoque
717 3565 907 3612 opusculi,
928 3563 1027 3612 quod
1052 3565 1354 3613 Thaumaturgus
1378 3566 1526 3612 scripsit
1545 3564 1591 3602 de
1615 3564 1817 3610 Trinitate,
1837 3564 1982 3612 insigne
2006 3576 2074 3603 nos
2103 3564 2353 3615 fragmentum
2379 3567 2498 3605 edidi-

243 3631 328 3658 mus
342 3632 385 3659 ex
403 3622 529 3660 codice
547 3623 694 3661 arabico
712 3630 784 3661 vat.
811 3625 875 3669 (in
891 3635 1003 3673 quam
1021 3624 1188 3672 linguam
1208 3625 1299 3662 olim
1315 3635 1533 3662 conversum
1551 3623 1694 3668 fuerat)
1718 3623 1846 3671 Spicil.
1865 3635 1958 3661 rom.
1976 3625 2019 3661 T.
2040 3626 2109 3662 ΙΙΙ.
2130 3637 2166 3673 p.
2188 3631 2362 3665 696-699.
2380 3631 2427 3664 A.
2444 3629 2496 3664 Μ.

323 3684 371 3724 (3)
397 3681 521 3718 Sumit
534 3682 604 3719 hoe
619 3687 656 3719 et
669 3682 898 3731 subsequens
909 3683 1056 3731 Eulogii
1073 3683 1327 3720 testimonium
1337 3684 1497 3721 Allatius
1509 3684 1578 3721 α’πό
1595 3687 1773 3733 στόματος
1789 3686 1912 3721 Φωτιόυ
1928 3683 1969 3720 in
1979 3683 2202 3723 bibliotheca
2215 3686 2297 3724 cod.
2312 3688 2496 3726 CCXXX

239 3748 280 3784 p.
307 3742 390 3775 845.
416 3741 542 3788 Neque
566 3741 666 3782 enim
692 3736 854 3780 illarum
865 3744 934 3780 XI.
961 3743 1109 3790 Eulogii
1132 3742 1340 3779 orationum
1366 3743 1564 3791 quiequam
1597 3750 1784 3791 superest,
1812 3749 1956 3792 praeter
1983 3744 2104 3782 Photii
2135 3751 2315 3793 excerpta.
2342 3748 2418 3784 Nos
2442 3754 2499 3785 ta-

242 3806 342 3890 tmen
366 3797 499 3893 Scriplt.
526 3805 596 3836 vet.
623 3801 666 3837 T.
686 3802 769 3838 vll.
796 3806 890 3850 part.
920 3807 952 3838 1.
980 3812 1015 3849 p.
1039 3806 1123 3838 177·
1130 3805 1217 3846 178,
1242 3812 1284 3838 ex
1308 3801 1383 3839 alio
1407 3802 1554 3851 Eulogii
1579 3802 1788 3851 dogmatico
1812 3814 1920 3852 opere
1943 3815 2021 3842 non
2044 3805 2293 3853 spernendum
2318 3805 2502 3854 fragmen-

259 3865 324 3891 um
355 3861 586 3902 protuimus.
614 3862 660 3895 Α.
686 3860 738 3896 Μ.
