2970 4420
922 256 1084 310 onA'uo
1116 276 1324 310 sunnonis
1358 277 1404 310 m·
1435 277 1621 309 mrum
1653 277 1786 308 sulm.

238 361 353 411 hora
376 361 579 410 brumali
602 370 650 409 et
671 363 932 425 vespertina
956 364 1005 410 in
1030 362 1220 412 taberna
1242 379 1323 411 ru-

236 442 378 494 stica,
414 438 702 485 clandestino
735 447 781 485 et
814 440 1050 501 incognito
1083 440 1286 487 adventu
1307 475 1319 495 ‚

237 525 291 563 ut
322 531 407 562 nos
441 515 618 561 videret
650 523 696 561 et
728 523 824 563 tota
849 516 995 563 ferme
1019 526 1153 564 nocte
1186 516 1325 563 nobi-

235 608 368 640 scum
392 600 676 646 versaretur,
699 591 813 638 dum
835 608 921 640 nos
940 594 1137 640 invicem
1160 595 1209 640 in
1231 595 1326 653 Βοὴ

237 670 368 716 mino
407 676 678 715 testamenta
711 669 1034 718 conderemus.
1073 672 1326 733 Statimque

228 760 423 792 summo
448 759 607 798 mane,
634 745 765 806 quod
798 754 896 793 erat
928 746 1147 793 acerbum
1171 756 1217 794 et
1242 749 1326 793 mi-

234 821 462 874 serabile,
498 823 719 884 separatis
751 823 975 876 invicem,
1008 823 1087 870 illa
1119 823 1222 870 vale
1253 823 1326 870 di-

236 913 371 952 cens,
399 907 445 945 et
478 905 713 959 tamquam
739 900 788 945 in
822 900 1000 946 animae
1026 900 1326 946 commenda-

237 975 366 1021 tione
388 975 546 1022 oscula
563 974 756 1036 singulis
773 978 984 1039 corporis
1003 975 1223 1023 membris
1241 978 1326 1022 im-

239 1051 468 1113 primens,
487 1067 597 1098 cum
616 1053 790 1113 gemitu
802 1086 813 1104 ‚
831 1067 943 1114 ego,
967 1051 1115 1099 aiebat
1134 1053 1211 1115 (ut
1229 1055 1327 1100 eius

239 1127 476 1175 locutione
508 1130 636 1190 utar)
670 1130 761 1174 iam
791 1144 918 1175 nunc
939 1144 969 1175 o
994 1128 1077 1175 filii
1111 1145 1326 1192 suprema

224 1204 383 1251 ‘verba
406 1204 714 1252 morientibus
738 1205 892 1252 dicere
915 1205 1096 1252 videor.
1129 1206 1326 1254 Cuilibet

238 1290 398 1328 autem
419 1281 632 1327 rationali
655 1289 809 1327 mente
832 1282 1044 1343 praedito
1066 1284 1327 1330 cuiusmodi

243 1357 293 1403 id
317 1358 554 1419 negotium
587 1356 1036 1410 fuerit‚,c0niectare
1066 1359 1187 1405 licet.
1210 1361 1327 1406 Nam

242 1437 283 1480 si
308 1441 515 1480 amanter
534 1434 654 1479 inter
679 1448 727 1479 se
751 1434 1002 1495 copulatis,
1023 1443 1071 1481 et
1098 1451 1209 1482 mox
1233 1436 1328 1483 dis-

238 1511 424 1557 sociatis
443 1509 520 1564 fit,
539 1511 665 1556 iuxta
683 1525 902 1572 magnum
921 1511 1192 1574 theologum
1215 1515 1328 1561 Gre—

235 1588 449 1648 gorium,
476 1588 614 1633 unius
638 1588 849 1648 corporis
881 1588 930 1633 in
963 1588 1060 1635 duo
1083 1590 1325 1645 dissectio,

238 1672 288 1710 et
312 1665 554 1726 utriusque
578 1663 898 1717 mortificati03
926 1665 998 1711 vel
1023 1667 1061 1712 si
1088 1665 1234 1713 boum
1267 1669 1330 1714 si-

243 1741 343 1787 mul
364 1741 671 1787 educaturum
687 1774 699 1794 ‚
725 1740 971 1803 eidemque
994 1743 1104 1804 iugo
1127 1743 1330 1792 subdito-

244 1834 374 1872 rum,
408 1834 503 1865 non
536 1819 634 1864 sine
667 1817 855 1879 lugubri
889 1821 1068 1881 mugitu
1096 1819 1150 1867 fit
1181 1822 1330 1869 disso-

242 1896 380 1942 ciatio
394 1930 406 1949 ,
429 1897 631 1957 separari
650 1910 745 1941 non
766 1897 1062 1957 patientium:
1082 1899 1197 1959 quid
1213 1915 1330 1961 qua-

243 1972 290 2019 le
317 1980 637 2035 quantumque
661 1973 710 2018 in
743 1988 795 2018 re
826 1975 1055 2035 praesenti
1085 1977 1330 2037 contigisse

241 2048 586 2095 concedemus?
612 2048 736 2094 Sane
769 2049 1027 2111 utrimque,
1059 2049 1124 2096 ob
1156 2051 1238 2097 Dei
1273 2052 1332 2098 ti-

240 2139 454 2178 morem,
490 2123 670 2170 doloris
712 2123 1006 2172 acerbitatem
1046 2126 1331 2189 reprimeba-

242 2216 375 2247 mus:
414 2201 497 2248 sed
528 2201 578 2247 id
611 2201 802 2262 quidem
837 2202 974 2264 quale
1013 2213 1330 2266 quantumque

242 2276 355 2332 fuit,
382 2279 746 2339 magnanimitati
780 2279 880 2324 eius
915 2275 1220 2328 adscribatur.

345 2357 422 2401 10.
459 2357 606 2402 Porro
640 2354 700 2400 ad
736 2369 810 2401 res
846 2365 1022 2402 vestras
1061 2358 1191 2419 quod
1225 2360 1331 2405 atti-

246 2439 351 2485 net,
377 2433 587 2485 Fratres,
613 2433 702 2494 ipsi
734 2447 819 2479 vos
853 2435 1099 2488 narrastis,
1132 2435 1213 2496 qui
1247 2435 1332 2481 be-

247 2506 491 2554 neficentia
530 2508 659 2554 fruiti
698 2508 832 2562 115ῐί5,
868 2524 965 2569 quo
1004 2518 1215 2572 tempore
1248 2527 1332 2558 vos

250 2583 438 2646 collegit
457 2583 515 2630 ad
535 2600 620 2631 nos
638 2585 827 2631 veniens
843 2619 854 2638 ‚
876 2594 921 2631 et
939 2601 1022 2632 ceu
1042 2587 1197 2648 pullos
1220 2588 1332 2635 nido

246 2675 463 2707 excussos
479 2695 490 2714 ‚
517 2661 566 2707 in
588 2676 723 2707 suum
749 2661 1002 2708 claustrum
1027 2665 1217 2725 recepit.
1244 2666 1334 2712 De-

248 2737 357 2784 inde
396 2752 581 2784 reversa
621 2739 828 2800 singulos
867 2739 1103 2786 consolata
1141 2749 1237 2794 est,
1275 2742 1334 2789 ad

249 2813 417 2860 urbem
456 2829 505 2860 se
536 2813 808 2868 conferens;
843 2814 1048 2876 illucque
1083 2825 1335 2879 utcumque

248 2891 512 2937 intromissa
524 2925 536 2943 ‚
550 2891 893 2951 ingemiscendo
906 2927 917 2945 ‚
931 2892 1111 2939 orando
1125 2927 1136 2946 ,
1149 2901 1194 2939 et
1210 2893 1334 2941 hunc

249 2967 481 3028 hospitem
520 2966 820 3028 excipiendo,
858 2967 1000 3013 alium
1038 2968 1330 3024 roborando,

251 3043 395 3090 alium
419 3042 742 3096 sustentando,
769 3043 910 3089 alium
935 3043 1262 3091 subducendo:
1288 3055 1334 3093 et

248 3133 380 3166 more
398 3119 562 3182 optimi
582 3119 826 3166 oeconomi
845 3127 891 3165 et
915 3119 1169 3166 secundum
1187 3122 1334 3168 Deum

251 3197 582 3259 praesidentis,
610 3196 778 3258 partim
809 3195 961 3249 alens,
989 3198 1157 3259 partim
1187 3198 1335 3245 admi-

249 3274 474 3327 nistrans,
500 3273 629 3320 velut
657 3287 778 3319 nova
806 3273 1008 3327 Natalia,
1035 3282 1081 3320 et
1107 3275 1336 3322 Priscillae

251 3349 448 3396 aemula.
475 3351 631 3396 Testes
656 3363 762 3402 vos,
783 3347 1005 3395 beneficia
1029 3351 1236 3412 experti,
1257 3353 1337 3413 qui

249 3435 297 3473 et
329 3426 486 3488 lingua
518 3424 869 3473 commoditates
901 3434 1108 3488 acceptas
1132 3427 1337 3474 fatemini

2381 266 2474 314 373

1394 361 1515 437 ξομε
1520 385 1593 421 rec
1624 364 1685 421 εἷς
1718 381 1972 434 χειμερινὴν
2003 364 2045 433 19
2078 362 2320 435 ἑπεραιαν
2350 387 2473 441 oegoev

1397 444 1444 493 ἐν
1474 440 1704 512 χωριακῷ
1738 438 2086 508 καταλύματι
2118 440 2252 508 φόβῳ
2286 444 2475 509 πολλῷ

1396 516 1737 608 κρυπτοφανῶς
1771 518 1814 586 19
1844 517 1989 584 ἅδχᾳ)
1996 512 2151 571 νεός-ως
2181 516 2472 582 θεάσαθιη,

1396 594 1439 661 19
1465 594 1718 660 συντυχεῖν
1750 589 1858 660 ἡμῖν
1890 591 1951 642 δι’
1984 592 2096 649 ὅλης
2127 591 2296 658 σχεδὸν
2331 592 2374 646 07·
2404 617 2473 647 νυ-

1398 667 1524 726 κτός·
1543 667 1833 740 δχᾳθεμὲνων
1861 663 1984 737 npfflss
2012 669 2259 739 δχςιθηκας
2285 670 2331 741 (1
2350 669 2475 740 )τὰς

1398 748 1446 797 ἐν
1476 745 1624 840 ›eupicp
1656 742 1767 816 πρὸς
1798 744 2028 800 ammac-
2059 750 2101 815 19
2137 744 2286 801 εὖθῦς
2321 745 2476 800 ε’ωθεν

1401 818 1565 874 ὁποῖον
1597 841 1648 875 nv
1677 817 1885 890 ἀλγεινον
1912 823 1954 915 19
1987 820 2171 874 ἐλεεινὸν
2199 820 2478 895 δῖαζώγνυ-

1397 895 1544 964 μένων
1563 894 1735 967 r‘tpfflfs’
1706 903 1794 950 απ·
1816 898 2070 964 ἅλληλων,
2088 897 2298 965 κᾷκείνιις
2317 922 2349 950 τ
2370 919 2477 954 συν-

1399 978 1650 1044 τακτήριον
1677 974 1828 1043 λόγον
1858 973 2106 1036 ποιούσης,
2129 996 2211 1027 και
2242 997 2300 1034 ως
2324 975 2478 1047 ἐξόδχα

1401 1053 1502 1109 τοῖς
1531 1049 1795 1118 φιλημασιν
1823 1048 2302 1122 προσεπιτιθεμὲνης“
2283 1054 2390 1122 ημῖν
2417 1055 2477 1125 ²²2(
2506 1050 2509 1053 ¹

1398 1132 1496 1180 πᾶν
1524 1125 1756 1196 μέλΘ-ιῳ
1724 1151 1757 1180 τ
1793 1124 2038 1196 σωματΘυ
2073 1129 2143 1198 ,ιῷ
2174 1129 2477 1197 κλαυθμων·

1401 1200 1497 1270 ἐγω
1525 1202 1623 1273 ίμἰρ
1659 1221 1788 1270 φησιν
1819 1204 1951 1278 ἄρτι,
1979 1224 2147 1266 τεκνα,
2175 1207 2256 1259 ἱνα
2286 1227 2368 1258 και

1401 1279 1687 1334 αὗτόλεκτον
1717 1282 1858 1337 αὐτῆς
1883 1280 2032 1348 λόγον
2063 1281 2182 1333 ε’ίπω
2198 1283 2479 1355 ,ἐξοδιάζειν

1400 1354 1520 1424 ὑμᾶς
1550 1355 1725 1428 domm(
1709 1356 1812 1454 (1)·
1837 1356 1983 1428 ’ἔξεστι
2020 1358 2345 1425 στοχάσαᾶα]
2379 1359 2480 1416 τοῖς
2525 1419 2533 1429 ¹

1401 1432 1658 1506 ἔχὲφροσιν·
1688 1435 1725 1485 εἷ
1753 1433 1852 1504 γὰρ
1884 1431 1961 1485 ἐπι
1991 1454 2090 1490 τοις
2125 1436 2480 1507 ovynpoefieamv

1401 1510 1719 1576 dymnum-mm
1749 1508 1877 1584 πρὸς
1889 1509 2156 1570 ἄλληλους,
2185 1515 2226 1582 19
2257 1510 2479 1580 διιςαμὲ-

1400 1605 1490 1642 νοις
1522 1587 1702 1657 ’γίνεται
1738 1589 1799 1659 1ζῑ>
1832 1611 1866 1640 τ
1898 1585 2053 1655 μέγαν
2087 1589 2334 1655 θεολόγον
2366 1599 2478 1659 Γρη-

1400 1662 1559 1735 ssewv
1590 1664 1738 1735 ωσπερ
1773 1661 1860 1720 ἑνός
1897 1668 2118 1732 σώματος
2146 1665 2206 1720 εἷς
2236 1663 2317 1716 δύο
2353 1685 2475 1732 τομ11

1401 1740 1443 1807 19
1474 1739 1748 1833 ἀμφοτέρων
1771 1738 1997 1813 νέκξωσις·
2021 1763 2043 1794 11
2067 1740 2264 1809 μόσχων
2287 1740 2477 1812 συντρό-

1400 1831 1492 1878 φων
1516 1819 1557 1886 19
1582 1814 1836 1890 ὁμοζόγων
1859 1815 2093 1911 διάζευξις
2117 1837 2294 1888 γοερων
2320 1839 2480 1887 μυκω-

1400 1888 1545 1958 μένων
1576 1895 1654 1943 ἐπ’
1683 1895 1913 1950 ἀλληλοις
1933 1898 1976 1963 19
2007 1897 2057 1945 οὐ
2082 1893 2306 1963 φερόντων
2332 1918 2363 1946 τ
2395 1899 2481 1946 ἆλ-

1399 1968 1666 2064 λοτςίωσιν·
1696 1991 1738 2020 τι
1768 1972 1810 2039 19
1840 1970 1991 2022 πόσον
2021 1972 2063 2040 19
2099 1966 2259 2022 11λικον
2290 1969 2481 2039 δοιηρὸζυ

1401 2041 1480 2096 ε’πι
1511 2044 1545 2098 ‘fi'-
1574 2044 1832 2119 παρόντοςς
1856 2049 1898 2117 19
1928 2044 2300 2119 κατεκρατωμῖζυ
2331 2049 2483 2116 αμφό-

1402 2140 1526 2191 τεροι
1558 2121 1808 2188 φοβοθεὶᾳ.
1835 2122 1876 2175 ‘1Y
1913 2120 2316 2194 δριμυπαθωας,
2348 2124 2483 2178 ἀλλὰ

1401 2202 1545 2248 τοῦτο
1575 2196 1654 2266 μὲν
1684 2197 1739 2249 δὴ
1777 2201 1990 2251 τοιοῦτον
2018 2200 2060 2270 19
2094 2202 2372 2253 τηλικοῦτον
2403 2202 2484 2270 ὂν,

1402 2271 1447 2326 ⁴73¹
1476 2271 1860 2347 μεγαλοψυχίας
1889 2277 2034 2332 αὐτῆς
2065 2273 2320 2343 τιμάσθω.

1494 2347 1539 2402 ι’,
1571 2354 1636 2403 Τὸ
1669 2350 1696 2422 {j
1732 2351 1972 2446 ὑμέτερον,
1994 2349 2221 2419 ἀδελφοὶ,
2247 2351 2384 2406 αὐτοὶ
2412 2352 2481 2424 ἐξ·

1406 2424 1698 2494 κγησασθε,
1731 2448 1770 2481 οι
1802 2433 1843 2498 19
1874 2427 1917 2481 ‘73'
1947 2426 2211 2523 etiepy‘waoec
2247 2429 2480 2483 ἀπολαύ-

1404 2522 1592 2567 σαντες,
1615 2524 1672 2561 ως
1703 2503 2028 2574 συμβεζληκεν
2061 2504 2180 2574 ὁμας
2211 2507 2479 2579 ἔξεξχομενη

1404 2577 1518 2649 πρὸς
1548 2601 1697 2649 11μας,
1719 2582 1954 2655 καθάπεξ
1980 2580 2187 2640 νεοττοὺς
2210 2581 2483 2654 ὸκριφεντας

1405 2657 1468 2707 c’ac
1500 2662 1699 2719 καλιας,
1730 2661 1787 2715 εἷς
1819 2678 1875 2708 το
1914 2660 2082 2712 οἷκειον
2116 2659 2480 2730 φροντιστήριον·

1403 2733 1562 2784 ἐπ-εντα
1581 2732 1907 2829 ὑποςξεψασα
1928 2733 2182 2807 καθάπες”
2163 2755 2340 2792 εκαςον
2362 2757 2482 2829 παρ-

1406 2810 1684 2879 ηγορήσατο
1714 2806 1829 2882 πρὸς
1856 2808 1918 2861 τὰ
1951 2815 1998 2863 ἐν
2032 2808 2134 2874 αις-ς’
2163 2809 2481 2882 πορώομενη·

1404 2885 1597 2950 κᾴκεῖσε
1620 2886 1851 2943 ποδαπως
1875 2887 2154 2956 εἶσῇθουσα
2175 2886 2481 2960 (ωεὲιετξυζεν,

1405 2959 1718 3029 η’ντιβόλᾷ,
1690 2985 1721 3014 τ
1747 2983 1828 3057 μεν
1856 2961 2250 3031 προσδεχομενη,
2279 2987 2311 3015 τ
2335 2967 2362 3036 {j
2397 2963 2482 3015 ὗπ·

1405 3035 1669 3107 αλειφεςσα,
1687 3039 1720 3090 >r
1747 3038 1774 3111 {j
1807 3037 2045 3112 ἐξειδὸσα,
2067 3040 2098 3090 >r
2124 3039 2151 3111 {j
2177 3037 2481 3109 671'220278600·

1405 3115 1447 3182 19
1481 3116 1556 3170 οὓς
1583 3135 1664 3182 μεν
1691 3113 2030 3188 τςοφώομενη,
2063 3136 2137 3171 ους
2167 3113 2215 3165 δὲ
2247 3115 2484 3184 διοικεμε·

1408 3210 1486 3250 νη,
1512 3211 1567 3248 ως
1592 3189 1646 3242 ἄν
1666 3211 1734 3248 τις
1760 3191 1929 3262 ἔρις-ος
1964 3192 2203 3260 οἰκονόμος
2233 3194 2274 3261 19
2307 3195 2366 3265 ἦ*
2387 3192 2483 3247 Θεὸν

1406 3267 1676 3355 ‘agos-airu,
1701 3289 1724 3320 11
1762 3266 1899 3325 ’όντως
1927 3288 2004 3321 νεα
2034 3267 2294 3329 Νατάλια,
2317 3269 2356 3325 Q
2376 3281 2483 3343 Hgi-

1410 3339 1607 3399 σκ1λλ11ς
1630 3343 1710 3416 (3)
1736 3342 1987 3417 ὁμόζοιλος·
2010 3346 2052 3413 19
2072 3343 2297 3441 μάρτυρες
2325 3344 2484 3414 ὑμεῖς,

1411 3437 1451 3470 οι
1482 3415 1531 3469 ευ
1560 3418 1835 3482 παθόντες,
1864 3443 1946 3472 και
1978 3418 2059 3472 διὰ
2087 3418 2297 3488 'ymmo-na
2331 3421 2386 3474 τὸ
2419 3424 2487 3474 εὖ·

335 3535 384 3576 (1)
409 3531 640 3570 Theoctistae
665 3543 750 3569 cum
775 3531 887 3569 fratre
906 3531 1096 3580 deportato
1120 3539 1346 3572 nocturnum
1368 3535 1596 3584 colloquium
1617 3538 1872 3585 cognoscimus
1891 3538 2003 3576 etiam
2021 3550 2064 3577 ex
2085 3550 2142 3587 ep.
2165 3544 2199 3577 3
2218 3539 2284 3577 lib
2304 3541 2332 3577 1.
2351 3552 2387 3588 p.
2407 3544 2488 3578 184.

335 3593 383 3634 (2)
407 3590 559 3627 Piorum
579 3590 794 3628 huiusmodi
813 3595 1136 3636 testamentorum,
1153 3591 1331 3630 habemus
1349 3595 1557 3642 exemplum
1580 3595 1678 3643 apud
1696 3597 1818 3644 ipsum
1838 3596 2022 3634 studitam
2040 3598 2099 3635 ed.
2118 3600 2228 3636 Sirm
2250 3611 2286 3647 p.
2308 3603 2366 3636 65.
2385 3610 2487 3647 seqq.

338 3651 386 3692 (3)
411 3649 576 3686 Priscilla
601 3655 690 3687 nota
714 3656 769 3687 est
792 3660 833 3687 ex
857 3656 929 3687 act.
957 3657 1070 3698 apost.
1098 3658 1136 3688 et
1158 3662 1200 3689 ex
1224 3652 1332 3689 Pauli
1355 3653 1532 3700 epistolis.
1558 3656 1614 3692 De
1637 3655 1782 3693 Natalia
1813 3657 1867 3693 sic
1895 3657 2079 3695 Batonius
2105 3658 2145 3694 in
2171 3659 2432 3707 martyrologio
2458 3664 2491 3696 1.

252 3706 470 3744 decembris.
500 3710 663 3746 Sanctae
686 3709 895 3755 Ναίαἰίαε,
921 3712 1055 3746 uoeoris
1079 3710 1183 3747 beata·
1205 3711 1403 3748 Hadriam·
1425 3715 1638 3761 martyris,
1663 3725 1760 3761 quae
1786 3715 1853 3752 sub
1877 3716 2116 3754 Diocletiano
2143 3719 2235 3764 imp.
2262 3729 2312 3753 ss.
2340 3720 2461 3754 mart
2449 3729 2493 3764 J-

255 3765 362 3800 ribus
386 3767 629 3804 Nicomediae
653 3770 692 3804 in
718 3779 873 3805 carcere
896 3770 1059 3806 detentis
1084 3770 1204 3806 multo
1236 3773 1402 3818 tempore
1431 3774 1694 3819 ministravit;
1717 3765 1944 3822 impletoque
1973 3786 2104 3813 eorum
2134 3779 2368 3820 certamine,
2396 3779 2493 3813 Con-

250 3824 546 3871 stantirwpolim
564 3825 767 3873 prosecta,
790 3827 930 3865 ibidem
955 3830 996 3865 in
1013 3839 1114 3875 pace
1138 3831 1292 3877 quievit.
1320 3830 1461 3868 videsis
1485 3831 1625 3880 reliqua
1650 3831 1695 3870 de
1720 3843 1761 3871 ea
1786 3825 2005 3872 documenta
2030 3845 2051 3873 a
2076 3835 2233 3872 Baronio
2258 3835 2384 3872 citata.

2530 2369 2553 2399 Ι.
2572 2373 2635 2400 10⁰.
2651 2377 2680 2399 a.
