2970 4420
475 277 563 324 148
1415 288 1565 320 morus
1599 289 1775 320 Anum

470 375 772 422 demnatione
807 374 1037 422 Theodori
1072 373 1410 424 alexandrini,
1445 374 1742 437 aliorumque
1781 374 2035 428 similium,
2081 378 2350 426 beatissimo
2386 393 2581 426 romano
2620 379 2711 442 epi-

467 469 604 516 scopo
638 453 917 517 scripsistis,
947 452 1034 498 lioc
1066 452 1214 498 etiam
1247 450 1374 512 quod
1405 450 1658 496 asserimus
1685 451 1966 503 addidistis,
1996 452 2068 499 ita
2098 454 2330 502 dicentes:
2360 447 2563 502 ceterum
2592 456 2721 517 quod

470 521 691 592 generale
726 529 887 575 dicitis
915 529 1037 586 fieri
1064 528 1228 574 'debere
1261 526 1537 577 concilium,
1577 543 1699 589 quae
1731 525 1873 574 huius
1910 528 1982 574 rei
2016 545 2163 581 causa
2195 531 2277 582 sit,
2315 532 2593 596 ignoramus
2626 540 2714 578 etc.

469 608 685 668 Haecque
724 606 886 653 deberi
918 605 1161 656 Facundo;
1193 604 1301 664 quia
1335 602 1393 649 de
1426 603 1674 650 Theodoro
1708 604 1845 650 silent
1876 605 1982 659 alii,
2009 614 2055 652 et
2083 608 2347 662 Iustiniani,
2376 617 2454 655 aut
2486 607 2719 670 pontificis
2784 671 2789 674 Ι

471 685 652 730 romani
685 684 744 729 de
782 699 838 729 eo
870 683 1047 728 litterae
1079 696 1173 726 non
1208 688 1380 726 extant.
1418 680 1632 726 Attamen
1656 682 1692 726 si
1726 682 1996 728 sententiam
2023 683 2194 730 Callisti
2227 700 2498 746 sequamur,
2525 687 2606 747 qui
2630 684 2719 731 sub

469 747 684 807 Hera-clio
718 760 1054 820 Phssoponum,
1083 757 1303 803 adversus
1333 772 1475 818 quem
1510 758 1782 804 Themistius
1813 759 2020 821 scripsit,
2058 764 2217 807 contra
2251 777 2390 823 quem
2420 762 2716 813 Theodorus;

469 839 608 900 plane
634 838 707 884 hic
740 835 1010 883 Theodorus
1033 834 1359 880 alexandrinus
1391 834 1530 896 longe
1561 835 1899 881 diversissimus
1929 837 2044 890 erit,
2072 852 2178 883 cum
2209 839 2479 886 iustinianea
2516 847 2636 885 aetas
2660 836 2719 884 ab

469 915 732 961 heracliana
767 914 904 973 longe
938 913 996 957 sit
1024 911 1204 964 dissita3
1232 926 1317 957 nec
1344 913 1545 973 patietur
1577 913 1730 974 unum.
1747 912 2038 974 eundemque
2067 913 2327 968 hominem,
2355 916 2436 976 qui
2465 914 2551 962 sub
2585 916 2720 961 Iusti-

472 992 610 1037 niano
636 988 889 1041 scribebat,
918 987 976 1033 ad
1009 987 1209 1033 Heraclii
1233 1002 1380 1049 usque
1412 996 1624 1050 tempora
1649 990 1795 1035 vitam
1825 990 2115 1051 produxisse.
2152 990 2289 1046 Quod
2315 992 2353 1037 si
2385 993 2602 1038 Leontius
2631 990 2721 1053 hy-

470 1068 675 1113 zantinus
709 1066 842 1112 aliter
882 1065 940 1111 de
973 1073 1117 1110 aetate
1155 1064 1402 1127 Philoponi
1436 1074 1617 1118 narrat,
1655 1066 1720 1111 nil
1759 1066 1954 1128 impedit
1987 1067 2187 1114 eundem
2227 1082 2352 1122 esse,
2388 1069 2468 1129 qui
2502 1069 2721 1147 adversus

468 1144 768 1191 Themistium
803 1141 1008 1203 scripsit,
1038 1149 1082 1186 et
1116 1140 1175 1186 de
1208 1156 1304 1202 quo
1337 1140 1546 1203 loquitur
1577 1141 1839 1189 Facundus.

597 1220 813 1266 LXXVII.
851 1218 1082 1264 Theodori
1117 1226 1291 1264 ascetae
1322 1227 1369 1264 et
1401 1219 1607 1282 episcopi
1642 1220 1847 1266 edesseni
1876 1219 2081 1266 ascetica
2105 1227 2259 1267 extare
2292 1236 2453 1282 graece
2482 1222 2606 1283 apud
2629 1223 2721 1267 ‘Di-

470 1298 636 1344 dacum
668 1294 932 1340 Hurtadum
967 1295 1169 1340 Caesaris
1197 1303 1435 1341 oratorem
1457 1296 1682 1351 venetiis,
1710 1297 1759 1342 in
1785 1295 2068 1344 bibliotheca
2103 1297 2243 1344 tradit
2277 1298 2521 1345 Gesnerus.
2556 1299 2723 1345 Exta-nt

468 1382 681 1435 excerpta
713 1388 768 1419 ex
803 1360 1030 1434 capitibus
1064 1371 1294 1419 Theodori
1330 1372 1553 1420 edesseni·
1573 1390 1658 1420 ms.
1694 1375 1742 1420 in
1776 1373 2057 1421 bibliotheca
2094 1374 2324 1422 bavarica.
2362 1377 2637 1421 Possevinus
2672 1376 2721 1421 in

469 1458 714 1512 apparatu:
756 1435 1077 1515 Θεοδωρου’
1060 1438 1331 1493 επισκόπου
1360 1437 1605 1502 Εδεσσης
1634 1441 1897 1507 κεφάλαια
1925 1440 1988 1514 ξ’·
2023 1439 2191 1495 ἀλλα
2198 1460 2257 1514 ρ·
2290 1441 2538 1515 πρακτικὰ
2571 1440 2721 1508 κεφοί-

468 1527 600 1571 λαια
633 1514 690 1588 ρ’·
726 1519 989 1587 προοίμιον
1028 1512 1391 1578 διατυπώσεως.
1431 1526 1660 1574 Theodori
1688 1527 1894 1592 episcopi
1917 1528 2128 1574 edesseni
2156 1528 2319 1592 capita
2351 1530 2443 1576 LX.
2472 1529 2583 1575 Alia
2616 1545 2723 1574 cen·-

467 1615 584 1648 tum.
623 1601 848 1647 Prae-tica
872 1613 1037 1664 capita
1063 1613 1268 1647 centum.
1305 1603 1604 1649 Prooemium
1624 1603 1982 1668 hypotyposeos.
2020 1605 2163 1651 Index
2186 1606 2527 1667 manuscriptus
2550 1603 2723 1651 biblio-

466 1681 624 1726 thecae
652 1679 804 1740 legiae
837 1680 1051 1724 Scoriaci.
1094 1665 1362 1764 Θεοδωρου
1391 1670 1487 1724 τοῦ
1512 1670 1730 1729 οἰσκηΎοῦ
1760 1693 1843 1724 και
1879 1670 2151 1725 ἐπισκόπου
2183 1668 2425 1733 Ἐδέσσης
2455 1669 2718 1736 κεφαλαια

467 1746 762 1815 ’ψυχωφελη
795 1743 880 1799 τὸν
918 1742 1143 1819 ἀριθμὸν
1177 1769 1234 1818 ρ.
1272 1755 1503 1803 Theodori
1534 1769 1720 1803 ascetae
1762 1770 1807 1803 et
1840 1758 2050 1805 edesseni
2083 1757 2291 1824 episcopi
2326 1758 2490 1822 capita
2529 1758 2723 1804 animae

460 1833 590 1897 prof
571 1849 682 1879 cua
708 1849 903 1878 numero
928 1844 1131 1879 centum.
1170 1835 1350 1879 Erant
1338 1850 1386 1879 ln
1410 1835 1634 1881 Lolliana.
1672 1836 1890 1882 Eiusdem
1925 1823 2191 1891 κεφαλαια
2219 1825 2463 1897 πρακὛικοὶ
2495 1823 2592 1899 ρμί.
2631 1837 2720 1880 Ca-

461 1911 572 1974 pita
591 1910 814 1973 practica
840 1922 1025 1955 centum
1050 1922 1095 1954 et
1117 1909 1475 1974 quadraginta.
1505 1906 1559 1954 P.
1583 1902 1638 1954 F
1643 1899 1880 1973 πειδηπερ
1913 1900 2030 1956 θεου
2055 1924 2144 1955 του
2180 1901 2251 1955 Γ
2245 1900 2376 1955 αθου
2400 1900 2572 1973 χοίρίΤι
2604 1901 2721 1954 οἷπο-

468 1976 749 2050 ταξάμενοι
785 1977 855 2050 τῷ
890 1978 1077 2050 σοι’[ανᾷ
1104 1976 1187 2030 καὶ
1224 1999 1335 2038 τοις
1373 1975 1542 2051 ἔργοις
1577 1978 1767 2041 αὕτου,
1800 1980 1874 2050 τῷ
1901 1979 2107 2052 Χριστῷ
2140 1976 2521 2050 συνεἿέέξάμεθα.ι
2556 1990 2723 2035 Extant

469 2065 517 2110 in
548 2065 676 2125 r'egia
711 2062 997 2110 bibliotheca
1031 2064 1227 2109 Parisiis.
1265 2065 1318 2109 In
1345 2062 1583 2110 bavar-ica.
1624 2034 1853 2110 Theodori
1878 2064 2088 2111 edesseni
2116 2076 2342 2128 excerpta
2363 2081 2427 2109 ex
2457 2063 2715 2127 capitibus,

470 2140 575 2186 cod.
606 2142 683 2186 84.
722 2142 779 2186 Et
814 2141 862 2186 in
894 2139 1143 2186 barberina
1175 2140 1281 2186 cod.
1311 2142 1424 2187 250.
1453 2157 1501 2203 p.
1535 2143 1641 2188 111.
1681 2141 1762 2203 (1).
1796 2143 2004 2191 Meminit
2036 2141 2241 2188 eiusdem
2271 2141 2435 2203 Glycas
2467 2142 2601 2203 epist.
2637 2143 2718 2187 47.

474 2217 531 2263 ad
566 2218 746 2263 Esaiam
779 2217 1075 2263 monachum.
1116 2205 1330 2268 Τούτοις
1368 2204 1452 2261 οὐν
1488 2205 1797 2269 ἀκολούθως
1832 2204 2064 2273 διείληφε
2096 2207 2179 2261 καὶ
2221 2207 2245 2260 ὁ
2283 2206 2571 2273 σοφώτατος
2605 2208 2719 2262 {wl-

475 2306 653 2345 σκοπος
682 2280 926 2344 Ἐδέσσης
963 2280 1258 2355 Θεόδωρος,
1286 2283 1379 2345 τοὶς
1418 2281 1588 2356 ἑορΎας
1623 2283 1776 2339 λέΓων
1811 2307 1877 2354 μη
1915 2285 2225 2346 οἷνοποσίαις
2265 2284 2489 2338 ἐκτελεῖν
2523 2284 2720 2347 ἐννοου,

475 2358 599 2414 ἀλλ’
636 2360 942 2415 οἷνακαινίσει
983 2359 1093 2421 νοός
1129 2359 1211 2413 καὶ
1251 2358 1428 2430 ψυχης
1462 2359 1797 2434 καθαρότητι
1834 2360 2232 2435 γαστριζόμενος
2267 2384 2370 2435 ’γαρ
2404 2366 2719 2434 παροργίσης

472 2437 682 2507 μαλλον
717 2436 802 2491 τὸν
837 2435 1227 2510 προεξοῖρχοντα
1261 2461 1349 2498 της
1379 2435 1732 2511 πανηγύρεως.
1769 2447 1859 2494 His
1892 2447 2046 2510 igitur
2074 2447 2404 2531 consequentia
2439 2446 2644 2493 tradi'dit
2676 2460 2721 2493 et

473 2523 849 2587 sapientissimus
880 2523 1088 2569 Edessae
1122 2539 1363 2588 episcopus
1397 2523 1682 2575 Theodorus,
1712 2524 2076 2575 sollemnitates
2107 2523 2346 2586 ianuzens
2375 2540 2433 2569 ne
2466 2524 2566 2570 vi'ni
2591 2524 2723 2608 poti-

476 2601 560 2646 bus
585 2617 815 2685 permageie
846 2601 1044 2665 cogi,tes
1074 2601 1157 2647 sed
1188 2600 1487 2647 renovatione
1518 2613 1709 2651 mentis,
1740 2612 1785 2646 et
1813 2601 2006 2647 animae
2028 2601 2264 2664 puritate.
2301 2602 2429 2646 Nam
2463 2599 2615 2646 ventri
2648 2616 2724 2646 in-

474 2678 694 2729 serviens,
726 2678 1058 2724 sollemnitatis
1074 2677 1341 2741 principem
1367 2689 1529 2741 potius
1553 2677 1621 2723 ad
1643 2678 1948 2723 iracundiam
1972 2677 2269 2741 provocabis.
2307 2679 2373 2723 Ex
2403 2676 2609 2724 eiusdem
2631 2678 2724 2723 vita

475 2755 668 2817 legitur:
710 2743 947 2818 διήγησις
986 2744 1260 2840 εισζωφελης
1300 2744 1352 2798 ἐκ
1383 2767 1471 2798 του
1511 2750 1628 2810 βίου
1664 2745 1759 2798 τοῦ
1794 2746 1950 2818 ἁγίου
1989 2742 2262 2816 Θεοδώρου
2294 2766 2382 2797 του
2424 2739 2718 2810 σαββαιτου

2227 2822 2239 2840 t

474 2845 562 2876 του
594 2827 1000 2895 χρηματίσαντος
1035 2820 1302 2876 ἐπισκόπου
1333 2818 1660 2884 Ἐδέσσης,
1632 2845 1685 2878 ην
1722 2817 2005 2893 διηγήσατο
2041 2821 2181 2895 αὐτῷ’
2215 2845 2238 2873 ο
2281 2820 2327 2875 ἐν
2358 2818 2574 2889 Ἐδέσση
2612 2842 2724 2874 στυ-

461 2904 621 2960 ’λιτης
656 2897 871 2970 ὀνόματι
905 2895 1198 2961 Θεοδόσιος.
1234 2906 1468 2954 Narratio
1497 2907 1719 2972 perutilis
1744 2924 1810 2954 ex
1834 2907 1933 2954 vita
1956 2907 2115 2954 sancti
2149 2905 2379 2953 Theodori
2409 2905 2651 2957 sabaitae,
2683 2922 2724 2952 is
2762 2910 2765 2912 ’

462 2985 572 3047 suit
590 2985 853 3032 Edessenus
877 3002 1139 3050 episcopus,
1166 3000 1349 3070 quamv
1336 2983 1413 3030 illi
1432 2984 1673 3063 narravit„
1674 2984 1918 3031 edessenus
1939 2985 2108 3048 stylita
2134 2982 2428 3030 Theodosius.
2468 2978 2521 3025 P.
2543 2970 2722 3026 ”·Ακου

1751 3049 1863 3071 'ffel

479 3075 562 3107 σον
596 3049 877 3126 διηγήσεως
908 3048 1349 3121 ψυχωφελους,“
1329 3074 1411 3107 ινα
1445 3075 1579 3126 γνῳς
1610 3075 1698 3113 της
1733 3073 1953 3126 αρρητου
1989 3055 2221 3124 προνοίας
2253 3072 2344 3111 τρυ
2382 3050 2527 3102 θεου.
2564 3060 2617 3105 ln
2649 3058 2723 3105 bi-

476 3138 709 3185 bliotheca
746 3140 868 3201 regia
900 3140 1080 3205 Parisiis
1112 3139 1218 3185 cod.
1247 3141 1358 3184 1422.

603 3217 839 3262 LXXVIII.
860 3216 1089 3263 Theodori
1107 3217 1328 3262 Amaseae
1348 3217 1551 3278 episcopi
1574 3214 1833 3279 explicatio
1858 3215 1907 3260 in
1929 3214 2262 3264 ecclesiastem,
2288 3224 2333 3258 et
2350 3211 2590 3257 canticum
2611 3212 2723 3259 Can·
2760 3197 2765 3203 ’

481 3290 697 3339 ticorum.
735 3293 951 3339 Eiusdem
981 3290 1259 3356 dogmatica
1278 3292 1510 3356 panoplia
1543 3303 1710 3338 contra
1734 3291 1957 3342 Iudaeos,
1985 3293 2229 3340 Armenos,
2257 3301 2302 3335 et
2326 3290 2614 3335 Sarracenos
2638 3287 2718 3351 (2).

479 3369 767 3416 Possevinus,
805 3370 1051 3432 Panopliae
1080 3379 1126 3416 et
1158 3358 1448 3431 reliquorum
1483 3371 1657 3426 mentio
1685 3368 1882 3415 hahetur
1913 3370 1958 3415 in
1991 3367 2200 3430 catalogo
2232 3367 2516 3413 Constantini
2546 3367 2718 3413 Varini.

607 3447 803 3492 LXXIX.
840 3446 1109 3493 Theodorus
1147 3461 1405 3508 ancyranus
1449 3447 1649 3493 Galatiae
1687 3447 1930 3508 episcopus
1970 3443 2157 3508 scripsit
2198 3442 2420 3489 adversus
2453 3442 2724 3488 Nestorium

482 3519 639 3566 adliuc
672 3521 847 3584 Ephesi
869 3523 1052 3586 positus
1077 3522 1250 3569 librum
1278 3522 1457 3586 redarg
1429 3522 1632 3568 σ”ιιιιοηιε
1658 3534 1703 3567 et
1733 3521 2097 3607 confutationis·
2124 3518 2377 3565 dialectica
2401 3518 2592 3581 quidem
2619 3531 2723 3565 arte

567 3665 614 3706 (t)
640 3663 732 3698 Item
757 3663 797 3698 in
821 3663 901 3699 cod.
929 3670 999 3700 vat.
1031 3669 1132 3702 1774.
1159 3665 1185 3703 f.
1214 3670 1272 3703 89.
1299 3667 1374 3703 Nee
1398 3676 1475 3704 non
1501 3666 1540 3703 in
1564 3665 1646 3702 cod.
1673 3665 1916 3702 vallicelliano
1941 3668 1998 3700 72.

569 3725 616 3766 (2)
642 3721 752 3758 Haud
777 3723 852 3759 scio
878 3733 925 3759 an
949 3724 1099 3771 aliquod
1123 3725 1211 3762 hinc
1235 3725 1363 3763 lumen
1388 3730 1553 3773 emergat
1576 3724 1623 3762 ad
1646 3724 2107 3762 divinandum'auetorem.
2125 3721 2204 3758 eIus
2231 3731 2358 3767 graece
2386 3720 2581 3768 panopliae
2606 3731 2718 3769 quam

485 3790 552 3817 nos
573 3790 691 3827 nuper
709 3779 894 3817 edidimus
915 3781 957 3817 in
974 3782 1136 3820 secundo
1160 3794 1273 3821 novae
1297 3785 1448 3821 Petrum
1472 3783 1716 3821 bibliothecae
1733 3782 1930 3820 volumIne.
1955 3782 2050 3818 Sane
2068 3780 2133 3817 illa
2156 3785 2281 3817 nostra
2306 3779 2396 3816 alias
2418 3779 2539 3827 potius
2557 3779 2723 3817 haereses

485 3838 640 3883 refutat3
659 3839 744 3886 quia
762 3844 886 3876 tamen
906 3838 1006 3876 haud
1027 3840 1168 3887 integra
1188 3847 1262 3886 est,
1281 3842 1345 3879 sed
1365 3843 1515 3880 maioris
1532 3842 1692 3890 corporis
1714 3853 1818 3890 pars,
1837 3841 1933 3883 nihil
1955 3845 2094 3878 certum
2116 3839 2162 3877 de
2183 3844 2330 3877 auctore
2349 3838 2471 3876 dicere
2490 3838 2589 3875 lieet.
2601 3836 2650 3875 Ἀ.
2667 3838 2719 3875 Μ.

2950 3076 2970 3094 (τ
2960 3038 2970 3064 Ἃ.-
2958 2938 2970 3028 )..ῑὲἕὶηιὴ
2960 2809 2970 2927 ..a-31⁵«.
2960 2661 2970 2795 «fic-w...
2967 2625 2970 2643 ..
2964 2580 2970 2611 Α-.
2960 2560 2970 2569 „⁴

2955 3987 2959 3997 ‘
2953 3966 2959 3979 “”
2954 3821 2970 3953 fflkae-ss
2956 3631 2970 3810 :m‘t‘ar-‹ssdaez
2954 3510 2970 3615 -w-'k-A-JA-
2962 3477 2970 3502 μ’
2966 3448 2970 3461 fl,

2960 4240 2970 4258 ,ι
2952 4133 2970 4234 {cs-:m
2953 4111 2956 4115 '
2953 4046 2955 4050 “
2948 4005 2959 4014 '⁴
