2970 4420
1512 102 1519 124 1

492 236 580 288 126
643 277 647 280 -
793 286 798 291 ,
1182 275 1185 279 -
1432 255 1582 286 u-:oms
1617 255 1792 285 ALLATu

479 359 613 394 ram,·
647 340 820 404 quibus
855 356 1150 406 repugnans,
1185 340 1229 388 si
1260 341 1392 402 sorte
1427 354 1515 403 per
1549 338 1814 385 humanam
1841 339 2177 403 fragilitatem
2215 342 2378 405 lapsus
2415 341 2654 389 invenitur
2689 343 2740 389 in

479 418 639 469 verbo,
675 417 795 480 quid
823 416 1025 481 impium
1058 418 1267 480 synodus
1287 415 1439 478 fecit,
1469 415 1597 477 quod
1625 432 1734 460 eum
1760 415 1910 461 tantis
1935 416 2269 464 attestantibus
2299 418 2501 477 credidit
2528 418 2579 464 in
2602 435 2738 466 sensu

480 494 711 541 mansisse
731 493 991 540 catholico?
1014 496 1086 540 Sic
1106 496 1185 555 qui
1211 501 1372 539 contra
1395 492 1749 554 Apollinaristas
1774 491 2061 551 scribebant,
2091 483 2214 539 καἽοὶ
2238 479 2601 540 amovento-7&
2627 498 2742 542 scri-

482 572 593 619 bere
630 570 921 618 dicebantur.
960 559 1030 616 Sic
1066 570 1260 616 Diodori
1295 570 1510 615 tarsensis
1545 558 1675 612 κατοὶ
1714 559 2085 614 συνουσιαστῶν
2120 586 2145 616 a
2178 572 2371 618 Leontio
2405 570 2490 618 lib.
2525 573 2604 618 111.
2640 573 2741 619 lau—

482 649 648 702 datur,
682 658 728 695 et
763 648 923 709 Cyrilli
964 646 1248 693 alexandrini
1288 653 1334 690 et
1371 645 1596 691 Theodoti
1635 644 1896 691 antiocheni
1936 645 2101 691 eodem
2137 647 2274 693 titulo
2313 646 2372 692 ab
2409 649 2650 694 Anastasio
2691 649 2739 694 in

482 724 642 788 ecloge
673 714 901 788 χρήσεων
937 737 1039 783 cap.
1064 723 1110 767 5.
1138 721 1218 783 (1).
1248 721 1484 776 Quaedam
1510 737 1565 767 ex
1590 721 1682 767 hoc
1704 736 1847 783 opere
1871 723 2120 768 recitantur
2144 724 2193 768 in
2216 725 2271 770 V.
2294 725 2500 785 synodo,
2527 740 2646 785 quae
2668 724 2745 770 di-

485 811 655 848 cuntur
686 800 926 862 proposita
959 807 1003 844 et
1036 798 1231 844 refutata
1266 798 1405 843 fuisse
1437 813 1462 843 a
1494 796 1631 844 beato
1664 797 1842 859 Cyrillo
1875 797 2033 843 collat.
2062 799 2110 844 lt.

613 878 844 924 Adversus
867 875 1157 922 Arianorum
1183 886 1226 919 et
1257 874 1670 920 Eunomianorum
1693 873 1928 925 haereses,
1958 875 2118 935 viginti
2145 875 2265 922 forte
2289 884 2336 923 et
2367 876 2519 923 adhuc
2544 877 2743 939 amplius

484 954 654 1008 libros,
681 963 726 1000 et
753 954 841 999 alia
866 960 1050 1015 praeter
1076 952 1197 1017 haec
1215 952 1477 1013 evangelica
1506 960 1552 998 et
1576 951 1834 1014 apostolica
1863 951 1989 998 dicta
2011 952 2337 1014 interpretatus
2362 962 2456 1008 est,
2481 954 2540 1000 de
2574 953 2747 1015 quibus

485 1033 530 1077 S.
560 1032 759 1093 Cyrillus
789 1029 931 1076 refert
954 1029 1079 1091 apud
1100 1028 1371 1075 Facundum
1400 1028 1484 1074 lib.
1513 1030 1593 1074 lll.
1622 1044 1724 1091 cap.
1755 1029 1802 1074 3.
1840 1026 1903 1073 Et
1937 1026 2020 1074 lios
2047 1028 2237 1091 quidem
2262 1029 2445 1075 labores
2473 1031 2631 1076 nullus
2655 1046 2745 1075 au-

486 1125 566 1155 sus
595 1119 679 1154 est·
698 1108 964 1170 increpare,
995 1106 1078 1152 sed
1104 1106 1277 1152 dextro
1311 1106 1495 1151 decreto
1519 1105 1754 1151 honorare
1778 1105 1991 1151 studium
2023 1116 2257 1151 rectorum
2289 1105 2592 1169 dogmatum,
2619 1108 2753 1170 q'uod

487 1185 537 1231 in
563 1185 630 1231 eis
656 1197 748 1237 est,·
775 1199 894 1245 quae
927 1185 1063 1229 etiam
1086 1184 1338 1230 recitantur
1366 1185 1415 1229 in
1437 1185 1493 1230 V.
1522 1184 1728 1245 synodo,
1758 1192 1895 1245 atque
1929 1184 1978 1229 in
2006 1183 2078 1229 his
2103 1183 2183 1229 illa
2208 1198 2326 1244 quae
2349 1184 2593 1230 Facundus
2617 1199 2745 1231 com-

487 1270 739 1316 memorat,
766 1262 857 1308 hoc
884 1261 1046 1307 titulo:
1074 1277 1138 1306 ex
1163 1260 1367 1306 secundo
1394 1260 1515 1306 libro
1544 1260 1713 1324 Cyrilli
1736 1260 1943 1324 episcopi
1967 1259 2296 1306 Alexandriae
2318 1260 2375 1305 de
2400 1277 2452 1305 eo
2475 1261 2603 1322 quod
2625 1278 2748 1307 unus

488 1351 556 1386 est
593 1338 803 1385 Christus
836 1349 1002 1384 contra
1041 1336 1350 1384 Theodorum.
1388 1338 1478 1383 Sed
1510 1337 1648 1397 longe
1675 1337 1858 1383 diversa
1890 1345 1956 1382 est
1981 1337 2119 1384 lectio
2142 1336 2338 1398 synodi,
2361 1353 2452 1398 qua
2477 1338 2748 1386 Theodorus

488 1416 842 1479 perstringitur,
871 1430 967 1461 non
991 1414 1226 1461 laudatur.
1265 1416 1337 1461 Sic
1362 1416 1487 1461 enim
1509 1414 1675 1461 habet:
1703 1431 1818 1477 quos
1845 1413 2037 1476 quidem
2064 1414 2208 1460 libros
2229 1414 2371 1460 nollet
2396 1414 2573 1476 aliquis
2600 1414 2751 1460 incre-

483 1509 629 1556 pare,
661 1492 821 1556 magis
854 1504 1015 1537 autem
1050 1491 1326 1551 honoraret,
1356 1492 1401 1544 si
1434 1491 1603 1537 inesset
1635 1491 1702 1536 eis
1735 1491 2017 1554 dogmatum
2052 1490 2301 1537 rectitudo.
2338 1491 2537 1537 Laudari
2569 1491 2630 1537 ait
2663 1506 2750 1553 po·-

488 1571 628 1616 tuisse
667 1569 815 1615 libros
847 1561 1112 1622 Theodori,
1150 1570 1187 1614 si
1226 1568 1340 1614 nihil
1377 1569 1509 1630 pravi
1549 1568 1804 1621 docerent;
1841 1582 1951 1613 mox
1984 1582 2097 1614 vero
2130 1567 2358 1629 quaedam
2395 1568 2447 1613 in
2476 1567 2569 1612 illis
2607 1568 2749 1629 impia
2785 1629 2788 1631 ι

487 1647 635 1693 inesse
668 1646 1032 1692 demonstratur.

520 1785 522 1787 ,
618 1724 733 1768 Item
769 1721 993 1769 adversus
1021 1721 1309 1767 Eunomium
1339 1738 1427 1784 pro
1452 1721 1559 1767 divo
1583 1719 1767 1767 Basilio
1802 1720 1947 1766 libros
1971 1719 2367 1784 vigintiquinque.
2404 1722 2536 1782 Legit
2560 1721 2752 1767 Photius

489 1802 535 1847 in
570 1799 854 1845 bibliotheca
889 1798 996 1844 cod.
1027 1800 1075 1844 lt.
1106 1787 1423 1863 ’Aveyvoe'ossn
1457 1787 1727 1859 Θεοδώρου
1759 1785 2038 1856 οἷντιοχέως
2069 1787 2188 1859 ὑπὲρ
2220 1790 2493 1841 Βασιλειόυ
2517 1787 2630 1842 ,κατ’
2660 1786 2752 1839 Εὐ-

493 1870 667 1935 νομιόυ
709 1866 755 1919 ἐν
790 1863 981 1937 λόγοις
1017 1863 1097 1917 κε’·
1137 1863 1242 1918 ἔστι
1284 1862 1338 1917 δὲ
1373 1865 1459 1921 τὴν
1494 1865 1586 1936 μὲν
1622 1863 1805 1939 φροίσιν
1843 1865 1900 1916 οὐ
1936 1863 2062 1919 ποίνυ
2099 1862 2365 1936 λαμπρὸς,
2395 1863 2512 1925 ταῖς
2550 1862 2603 1916 δὲ
2644 1859 2750 1916 δια-

497 1947 655 2004 νοίαις
684 1942 768 1996 καὶ
802 1942 914 2003 τοῖς
947 1940 1311 2013 ἐπιχειρήμασι
1337 1946 1456 1995 λίαν
1484 1941 1689 2003 πυκνὸς,
1720 1940 1802 1994 καὶ
1835 1941 1951 2002 ταῖς
1988 1942 2276 2013 γραφικαῖς
2310 1938 2491 2015 οἴρισὛα
2524 1939 2750 1993 πλουἻῶν

493 2025 810 2093 μαρτυρίαις·
850 2018 981 2071 κατοὶ
1017 2018 1168 2090 λέξιν
1207 2015 1259 2071 δὲ
1301 2016 1486 2090 σχεδον
1520 2019 1618 2073 τῶν
1654 2018 1904 2087 Εὐνομιόυ
1941 2016 2114 2084 λόγων
2149 2016 2235 2074 τὴν
2271 2013 2545 2074 οἷνασκευην
2580 2015 2751 2070 wozel-

492 2119 609 2159 ται,
639 2095 813 2168 ἀμαθῆ
848 2117 899 2148 τε
930 2100 1049 2148 λίαν
1077 2096 1173 2150 τῶν
1207 2117 1259 2148 τε
1296 2092 1523 2167 θύραθεν
1556 2091 1900 2166 μαθημάτων,
1929 2093 2011 2147 καὶ
2046 2094 2234 2166 πολλῷ
2263 2094 2475 2165 μᾶλλον
2509 2090 2751 2154 ‘riona-&⁵

495 2174 628 2242 ὑμᾶς
668 2171 933 2238 Θεοσοφιάς
971 2169 1060 2229 ,διὰ
1095 2173 1302 2226 πολλῶν
1342 2169 1635 2233 ἐπιδεικνύς·
1675 2171 1698 2223 ὁ
1740 2168 1792 2223 δὲ
1831 2169 2203 2241 Modoutoi-[ag
2237 2168 2452 2242 γεΓονώς
2490 2169 2754 2230 ἐπίσκοπος

498 2245 621 2303 οῧτό
626 2273 647 2311 ς
685 2250 814 2304 ἐστιν
844 2245 1009 2319 οἶμαι.
1045 2259 1176 2304 Lecti
1200 2254 1568 2304 sunt‘Theodori
1591 2256 1865 2303 antiocheni
1888 2273 1980 2320 pro
2004 2256 2188 2313 Basilio
2216 2256 2440 2303 adversus
2463 2255 2756 2302 Eunomium

499 2336 614 2382 libri
647 2335 1044 2399 vigintiquinque.
1083 2336 1170 2381 Est
1207 2335 1281 2381 illi
1311 2334 1509 2398 plz‘rasis
1540 2349 1635 2380 non
1668 2349 1998 2397 usquequaque
2031 2333 2315 2396 conspicua:
2350 2332 2561 2384 sensibus
2594 2344 2755 2378 tamen

498 2425 543 2459 et
569 2413 868 2476 argumentis
892 2411 1099 2466 nimium
1124 2414 1357 2474 quantum
1384 2412 1573 2463 densus,
1602 2427 1770 2457 sacrae
1791 2410 2056 2475 scripturae
2081 2409 2362 2459 testimoniis
2390 2410 2579 2473 egregie
2604 2408 2759 2463 abun-

499 2490 603 2535 dat.
642 2489 719 2535 Ad
750 2489 940 2536 verbum
962 2489 1076 2549 fere
1108 2488 1338 2534 Eunomii
1369 2487 1579 2534 rationes
1612 2488 1810 2549 refellit,
1842 2487 2113 2551 imperitum
2146 2503 2254 2540 eum
2286 2487 2421 2534 valde
2444 2482 2757 2533 externarum

500 2566 895 2630 disciplinarum,
934 2566 1175 2628 multoque
1213 2565 1374 2629 magis
1413 2577 1605 2611 nostrae
1644 2564 1940 2628 theologiae,
1975 2563 2194 2627 pluribus
2226 2561 2488 2611 ostendens.
2525 2562 2620 2608 Hic
2653 2579 2760 2618 vero

501 2642 842 2707 Mopsuestiae,
874 2654 926 2688 ut
944 2654 1085 2705 puto,
1116 2642 1358 2706 episcopus
1382 2643 1502 2703 suit.
1540 2642 1704 2689 Libros
1729 2642 1854 2688 infra
1872 2641 1978 2687 cod.
2011 2642 2121 2690 177.
2147 2640 2259 2686 dicit
2283 2640 2421 2687 fuisse
2445 2641 2606 2701 viginti
2631 2648 2755 2688 octo.

493 2708 639 2764 ’'an-1
676 2709 766 2781 μὲν
804 2706 950 2771 οὗτος
988 2710 1011 2761 ὁ
1053 2706 1318 2783 Θεόδωρος
1356 2710 1378 2761 ὁ
1418 2707 1506 2763 καὶ
1546 2709 1647 2775 κατ’
1685 2710 1937 2780 Εὔνομιόυ
1977 2707 2025 2762 ἐν
2063 2706 2221 2760 εἴκοσι
2267 2705 2351 2768 καὶ
2397 2706 2524 2760 ὀκτὼ
2568 2705 2760 2781 λόγοις

505 2787 597 2840 οὔκ
631 2786 853 2860 ἀγεννῶς
889 2783 1299 2859 ἀγωνισάμενος,
1331 2785 1414 2840 καὶ
1453 2786 1538 2842 τὴν
1573 2789 1848 2840 Βασιλείου
1882 2785 1974 2838 τοῦ
2006 2787 2309 2846 θεσπεσίου,
2335 2784 2544 2855 μᾶλλον
2581 2780 2636 2837 δὲ
2671 2783 2760 2844 τῆς

504 2861 752 2924 ἀληθείας
771 2906 782 2926 ,
810 2862 1060 2938 κρατύνων
1099 2860 1277 2936 δόξαν.
1313 2873 1449 2919 Idem
1473 2872 1550 2918 liic
1580 2872 1844 2918 Theodorus
1879 2871 1958 2918 ille
1990 2883 2082 2922 est,
2110 2870 2196 2933 qui
2226 2869 2763 2926 adversustunomium

504 2951 641 2997 libris
674 2961 777 2996 octo
810 2961 855 2995 et
890 2949 1064 3013 viginti
1096 2935 1188 2996 non
1223 2950 1431 3013 segniter
1455 2950 1770 3014 depugnavit,
1800 2961 1846 2995 et
1877 2948 2035 2995 sancti
2057 2947 2234 2994 Basilii
2264 2948 2336 2994 vel
2367 2946 2609 3011 ipsiusmet
2643 2946 2760 2993 veri-

506 3028 623 3074 tatis
650 3027 813 3091 potius
845 3027 1129 3073 sententiam
1164 3027 1482 3084 confirmavit.
1519 3029 1575 3072 Et
1607 3026 1712 3073 cod.
1753 3028 1859 3072 138.
1892 3026 2099 3083 eiusdem
2131 3021 2285 3086 operis
2318 3025 2552 3076 meminit,
2579 3023 2639 3070 de
2670 3024 2764 3069 Eu-

507 3106 652 3150 nomii
690 3106 910 3151 adversus
944 3104 1161 3150 Basilium
1195 3105 1368 3166 scripto
1403 3103 1675 3149 edisserens.
1717 3088 1795 3146 Οῧ
1822 3091 2170 3167 περίΤυχόντες
2202 3088 2499 3162 Θεόδωρος,
2528 3089 2610 3143 καὶ
2642 3094 2763 3163 Γρη-

510 3170 694 3243 γόριος
727 3171 958 3233 Νόσσης,
988 3167 1076 3224 καὶ
1106 3170 1427 3243 Σωφρόνιος,
1453 3166 1517 3223 οἷν
1550 3167 1855 3241 ἐμνήσθημεν
1886 3167 2099 3231 ἄνωθεν,
2126 3167 2355 3228 πολλαῖς
2383 3166 2574 3227 αἶκιάις
2602 3164 2761 3220 λόΓων

513 3247 873 3318 λωβησάμενοι
892 3290 904 3310 ,
932 3245 1077 3302 οῦδὲν
1106 3243 1245 3304 ἧτὙον
1273 3247 1367 3301 τοῦ
1393 3245 1628 3323 προὛέρου
1660 3245 1823 3318 νεκρὸν
1842 3288 1853 3307 ,
1879 3243 1967 3299 καὶ
1993 3243 2152 3306 ποίσης
2180 3241 2424 3317 ἅπόζονΎα
2451 3240 2763 3316 ἀκαθαρσίας

512 3324 584 3394 τῷ
616 3323 923 3396 ’γεΓεννηκότι
960 3322 1266 3398 οἰπέρῥιψαν.
1302 3335 1363 3378 In
1388 3332 1516 3395 quod
1550 3331 1805 3378 incidentes
1837 3330 2126 3381 Theodorus,
2154 3341 2200 3375 et
2225 3328 2479 3393 Gregorius
2511 3345 2763 3392 nyssenus,

515 3421 656 3471 atque
680 3410 993 3473 Sophronias,
1020 3427 1223 3477 quorum
1247 3410 1394 3474 supra
1418 3421 1485 3455 est
1511 3424 1542 3455 a
1566 3409 1701 3455 nobis
1721 3409 1871 3471 sacta
1895 3408 2094 3459 mentio,
2122 3406 2285 3455 multis
2307 3422 2575 3453 sermonum
2603 3406 2766 3469 plagis

515 3501 618 3552 non,
643 3502 771 3531 secus
796 3503 942 3548 quam
969 3487 1110 3550 prius
1143 3487 1284 3533 aliud
1315 3485 1633 3539 conficientes,
1663 3485 1764 3531 iam
1793 3502 1915 3549 prae
1945 3484 2224 3549 impuritate
2245 3482 2427 3530 olid-um
2451 3482 2502 3528 in
2525 3495 2767 3529 auctorem

517 3577 656 3608 suum
682 3562 1000 3623 proiecerunt.
1038 3565 1110 3610 An
1135 3580 1189 3610 ex
1223 3564 1314 3610 hoc
1335 3563 1410 3610 vel
1436 3563 1663 3626 superiori
1695 3578 1837 3625 opere
1861 3562 2079 3624 decerpta
2112 3568 2245 3615 sunt,
2270 3575 2389 3621 quae
2412 3550 2571 3606 recitat
2593 3561 2769 3606 Facun-

518 3636 606 3682 dus
639 3636 724 3682 lib.
752 3639 829 3683 IX.
858 3655 959 3701 cap.
989 3641 1036 3693 3,
1068 3642 1198 3702 quis,
1227 3656 1333 3687 cum
1366 3649 1585 3687 neutrum
1619 3648 1766 3694 extet,
1792 3627 2097 3686 diiudicabit?

606 3739 654 3780 (1)
681 3736 772 3772 Item
799 3737 958 3785 Cyr-illus
984 3743 1110 3775 contra
1135 3740 1370 3788 synusiastas
1394 3739 1492 3787 apud
1516 3750 1584 3777 nos
1609 3740 1740 3787 Script.
1768 3745 1837 3776 vet.
1858 3741 1901 3776 T.
1919 3739 1999 3777 vn.
2025 3748 2086 3785 pp.
2109 3740 2166 3773 10.
2189 3739 2245 3773 15.
2265 3740 2324 3773 27.
2346 3739 2428 3772 290.
2447 3739 2529 3772 295.
2549 3741 2630 3773 302.
2659 3736 2768 3784 Quod

494 3824 497 3827 1
522 3795 619 3832 i'dem
645 3802 702 3833 est
726 3802 835 3843 atque
861 3802 987 3834 contra
1014 3798 1261 3847 Synchyticos·
1278 3800 1360 3837 Bih.
1386 3808 1470 3838 nov.
1498 3801 1568 3836 ΡΡ.
1595 3801 1638 3836 T.
1666 3801 1727 3837 1V.
1754 3811 1792 3849 p.
1818 3803 1900 3837 445.
1928 3800 2047 3846 Atque
2078 3797 2164 3835 huic
2187 3797 2328 3835 scilicet
2351 3796 2478 3846 cyrilli
2504 3798 2642 3845 scripto
2663 3797 2766 3835 testi·
2822 3834 2825 3838 ,

524 3855 689 3892 monium
715 3855 826 3893 dabat
851 3856 1036 3904 praedicta
1061 3858 1192 3904 quinta
1217 3858 1379 3906 synodus
1404 3859 1490 3896 coll.
1518 3863 1553 3896 4.
1579 3861 1625 3896 A.
1653 3860 1703 3895 M.

2954 4252 2970 4420 Ram·-‘-.nr:...s
2956 4211 2970 4237 ,3.
2958 4167 2970 4196 ..ι
2966 4134 2970 4140 .
