<?xml version="1.0" encoding="UTF-8"?>
<!DOCTYPE html PUBLIC "-//W3C//DTD XHTML 1.0 Transitional//EN"
    "http://www.w3.org/TR/xhtml1/DTD/xhtml1-transitional.dtd">
<html xmlns="http://www.w3.org/1999/xhtml" xml:lang="en" lang="en">
 <head>
  <title>
</title>
<meta http-equiv="Content-Type" content="text/html;charset=utf-8" />
  <meta name='ocr-system' content='tesseract 3.04.00' />
  <meta name='ocr-capabilities' content='ocr_page ocr_carea ocr_par ocr_line ocrx_word'/>
</head>
<body>
  <div class='ocr_page' id='page_1' title='image "./novaepatrumbibli06maiauoft/novaepatrumbibli06maiauoft_0849.png"; bbox 0 0 2970 4380; ppageno 0'>
   <div class='ocr_carea' id='block_1_1' title="bbox 1095 233 2555 282">
    <p class='ocr_par' dir='ltr' id='par_1_1' title="bbox 1095 233 2555 282">
     <span class='ocr_line' id='line_1_1' title="bbox 1095 233 2555 282; baseline -0.011 0"><span class='ocrx_word' id='word_1_1' title='bbox 1095 250 1139 282; x_wconf 76' lang='lat' dir='ltr'><strong>m</strong></span> <span class='ocrx_word' id='word_1_2' title='bbox 1169 246 1327 281; x_wconf 74' lang='lat' dir='ltr'><strong>comcu</strong></span> <span class='ocrx_word' id='word_1_3' title='bbox 1352 243 1778 278; x_wconf 67' lang='lat' dir='ltr'><strong>munosoufmnuo.</strong></span> <span class='ocrx_word' id='word_1_4' title='bbox 2463 233 2555 281; x_wconf 71' lang='grc'><strong>589</strong></span> 
     </span>
    </p>
   </div>
   <div class='ocr_carea' id='block_1_2' title="bbox 331 319 2562 531">
    <p class='ocr_par' dir='ltr' id='par_1_2' title="bbox 331 319 2562 531">
     <span class='ocr_line' id='line_1_2' title="bbox 444 319 2562 448; baseline 0.001 -14"><span class='ocrx_word' id='word_1_5' title='bbox 444 375 598 446; x_wconf 86' lang='lat' dir='ltr'><strong>Adbuc</strong></span> <span class='ocrx_word' id='word_1_6' title='bbox 621 391 815 435; x_wconf 81' lang='lat' dir='ltr'><strong>sacerdos</strong></span> <span class='ocrx_word' id='word_1_7' title='bbox 834 405 951 436; x_wconf 85' lang='lat' dir='ltr'><strong>sacra</strong></span> <span class='ocrx_word' id='word_1_8' title='bbox 972 394 1141 448; x_wconf 74' lang='lat' dir='ltr'><strong>liturgia</strong></span> <span class='ocrx_word' id='word_1_9' title='bbox 1168 319 1610 446; x_wconf 46' lang='grc' dir='ltr'><strong>ω838115Μ111Ξ211ΣΘ</strong></span> <span class='ocrx_word' id='word_1_10' title='bbox 1633 401 1683 430; x_wconf 84' lang='lat' dir='ltr'><strong>ex</strong></span> <span class='ocrx_word' id='word_1_11' title='bbox 1706 401 1792 443; x_wconf 92' lang='lat' dir='ltr'><strong>quo</strong></span> <span class='ocrx_word' id='word_1_12' title='bbox 1814 389 1922 442; x_wconf 86' lang='lat' dir='ltr'><strong>ignis</strong></span> <span class='ocrx_word' id='word_1_13' title='bbox 1950 390 1994 431; x_wconf 90' lang='lat' dir='ltr'><strong>in</strong></span> <span class='ocrx_word' id='word_1_14' title='bbox 2024 391 2183 433; x_wconf 88' lang='lat' dir='ltr'><strong>caelum</strong></span> <span class='ocrx_word' id='word_1_15' title='bbox 2206 391 2339 448; x_wconf 83' lang='lat' dir='ltr'><strong>usque</strong></span> <span class='ocrx_word' id='word_1_16' title='bbox 2360 406 2562 438; x_wconf 88' lang='lat' dir='ltr'><strong>conscen-</strong></span> 
     </span>
     <span class='ocr_line' id='line_1_3' title="bbox 331 458 2538 531; baseline 0.002 -28"><span class='ocrx_word' id='word_1_17' title='bbox 331 467 429 531; x_wconf 50' lang='lat' dir='ltr'><strong>dsp(</strong></span> <span class='ocrx_word' id='word_1_18' title='bbox 441 462 508 504; x_wconf 84' lang='lat' dir='ltr'><strong>vel</strong></span> <span class='ocrx_word' id='word_1_19' title='bbox 538 463 636 517; x_wconf 86' lang='lat' dir='ltr'><strong>quia</strong></span> <span class='ocrx_word' id='word_1_20' title='bbox 666 468 712 505; x_wconf 91' lang='lat' dir='ltr'><strong>ut</strong></span> <span class='ocrx_word' id='word_1_21' title='bbox 741 464 856 519; x_wconf 86' lang='lat' dir='ltr'><strong>aiunt</strong></span> <span class='ocrx_word' id='word_1_22' title='bbox 879 465 1140 520; x_wconf 80' lang='lat' dir='ltr'><strong>sophronius</strong></span> <span class='ocrx_word' id='word_1_23' title='bbox 1162 467 1287 517; x_wconf 85' lang='lat' dir='ltr'><strong>atque</strong></span> <span class='ocrx_word' id='word_1_24' title='bbox 1316 459 1495 516; x_wconf 80' lang='lat' dir='ltr'><strong>Cyrillus</strong></span> <span class='ocrx_word' id='word_1_25' title='bbox 1524 459 1627 501; x_wconf 83' lang='lat' dir='ltr'><strong>alex.</strong></span> <span class='ocrx_word' id='word_1_26' title='bbox 1655 458 1800 516; x_wconf 86' lang='lat' dir='ltr'><strong>(apud</strong></span> <span class='ocrx_word' id='word_1_27' title='bbox 1829 472 1907 502; x_wconf 92' lang='lat' dir='ltr'><strong>nos</strong></span> <span class='ocrx_word' id='word_1_28' title='bbox 1927 462 1973 502; x_wconf 89' lang='lat' dir='ltr'><strong>T.</strong></span> <span class='ocrx_word' id='word_1_29' title='bbox 1998 463 2049 503; x_wconf 90' lang='lat' dir='ltr'><strong>V.</strong></span> <span class='ocrx_word' id='word_1_30' title='bbox 2076 467 2183 516; x_wconf 88' lang='lat' dir='ltr'><strong>part.</strong></span> <span class='ocrx_word' id='word_1_31' title='bbox 2209 463 2265 506; x_wconf 90' lang='grc' dir='ltr'><strong>Π.</strong></span> <span class='ocrx_word' id='word_1_32' title='bbox 2290 476 2335 518; x_wconf 91' lang='lat' dir='ltr'><strong>p.</strong></span> <span class='ocrx_word' id='word_1_33' title='bbox 2359 466 2429 507; x_wconf 84' lang='grc'><strong>96.</strong></span> <span class='ocrx_word' id='word_1_34' title='bbox 2450 468 2538 518; x_wconf 87' lang='grc'><strong>)58</strong></span> 
     </span>
    </p>
   </div>
   <div class='ocr_carea' id='block_1_3' title="bbox 331 531 2558 661">
    <p class='ocr_par' dir='ltr' id='par_1_3' title="bbox 331 531 2558 661">
     <span class='ocr_line' id='line_1_4' title="bbox 331 531 2557 593; baseline 0.002 -18"><span class='ocrx_word' id='word_1_35' title='bbox 331 532 546 593; x_wconf 53' lang='grc' dir='ltr'><strong>(μή-(1018111</strong></span> <span class='ocrx_word' id='word_1_36' title='bbox 575 539 745 589; x_wconf 82' lang='lat' dir='ltr'>oportet</span> <span class='ocrx_word' id='word_1_37' title='bbox 775 548 862 578; x_wconf 88' lang='lat' dir='ltr'><strong>esse</strong></span> <span class='ocrx_word' id='word_1_38' title='bbox 890 536 1120 586; x_wconf 78' lang='lat' dir='ltr'><strong>ferventem</strong></span> <span class='ocrx_word' id='word_1_39' title='bbox 1150 539 1192 577; x_wconf 90' lang='lat' dir='ltr'><strong>et</strong></span> <span class='ocrx_word' id='word_1_40' title='bbox 1221 532 1341 588; x_wconf 88' lang='grc'><strong>(18851</strong></span> <span class='ocrx_word' id='word_1_41' title='bbox 1369 533 1561 586; x_wconf 81' lang='lat' dir='ltr'><strong>igneum3</strong></span> <span class='ocrx_word' id='word_1_42' title='bbox 1586 531 1652 573; x_wconf 86' lang='lat' dir='ltr'><strong>vel</strong></span> <span class='ocrx_word' id='word_1_43' title='bbox 1683 531 1739 573; x_wconf 91' lang='lat' dir='ltr'><strong>ob</strong></span> <span class='ocrx_word' id='word_1_44' title='bbox 1771 532 1915 584; x_wconf 85' lang='lat' dir='ltr'><strong>aliam,</strong></span> <span class='ocrx_word' id='word_1_45' title='bbox 1939 545 2063 587; x_wconf 84' lang='lat' dir='ltr'><strong>quam</strong></span> <span class='ocrx_word' id='word_1_46' title='bbox 2086 546 2185 576; x_wconf 84' lang='lat' dir='ltr'><strong>mox</strong></span> <span class='ocrx_word' id='word_1_47' title='bbox 2215 534 2385 577; x_wconf 83' lang='lat' dir='ltr'><strong>docebit</strong></span> <span class='ocrx_word' id='word_1_48' title='bbox 2407 537 2557 579; x_wconf 85' lang='lat' dir='ltr'><strong>inscri-</strong></span> 
     </span>
     <span class='ocr_line' id='line_1_5' title="bbox 336 602 2558 661; baseline 0.001 -15"><span class='ocrx_word' id='word_1_49' title='bbox 336 605 456 659; x_wconf 87' lang='lat' dir='ltr'><strong>ptio,</strong></span> <span class='ocrx_word' id='word_1_50' title='bbox 481 617 659 647; x_wconf 85' lang='lat' dir='ltr'><strong>causam.</strong></span> <span class='ocrx_word' id='word_1_51' title='bbox 694 606 833 648; x_wconf 84' lang='lat' dir='ltr'><strong>Altare</strong></span> <span class='ocrx_word' id='word_1_52' title='bbox 857 606 1028 661; x_wconf 87' lang='lat' dir='ltr'><strong>quidem</strong></span> <span class='ocrx_word' id='word_1_53' title='bbox 1057 606 1140 648; x_wconf 90' lang='lat' dir='ltr'><strong>ritu</strong></span> <span class='ocrx_word' id='word_1_54' title='bbox 1170 615 1320 658; x_wconf 87' lang='lat' dir='ltr'><strong>graeco</strong></span> <span class='ocrx_word' id='word_1_55' title='bbox 1351 606 1533 657; x_wconf 82' lang='lat' dir='ltr'><strong>quatuor</strong></span> <span class='ocrx_word' id='word_1_56' title='bbox 1553 602 1758 644; x_wconf 91' lang='lat' dir='ltr'><strong>columnis</strong></span> <span class='ocrx_word' id='word_1_57' title='bbox 1780 607 2051 656; x_wconf 85' lang='lat' dir='ltr'><strong>sustentatur,</strong></span> <span class='ocrx_word' id='word_1_58' title='bbox 2077 605 2229 659; x_wconf 91' lang='lat' dir='ltr'><strong>quibus</strong></span> <span class='ocrx_word' id='word_1_59' title='bbox 2248 608 2434 649; x_wconf 86' lang='lat' dir='ltr'><strong>imminet</strong></span> <span class='ocrx_word' id='word_1_60' title='bbox 2456 620 2558 649; x_wconf 91' lang='lat' dir='ltr'><strong>con-</strong></span> 
     </span>
    </p>
   </div>
   <div class='ocr_carea' id='block_1_4' title="bbox 300 672 2556 872">
    <p class='ocr_par' dir='ltr' id='par_1_4' title="bbox 300 672 2556 872">
     <span class='ocr_line' id='line_1_6' title="bbox 332 672 2556 731; baseline 0.001 -15"><span class='ocrx_word' id='word_1_61' title='bbox 332 674 434 725; x_wconf 88' lang='lat' dir='ltr'><strong>cha,</strong></span> <span class='ocrx_word' id='word_1_62' title='bbox 460 687 635 728; x_wconf 87' lang='lat' dir='ltr'><strong>quarum</strong></span> <span class='ocrx_word' id='word_1_63' title='bbox 656 677 829 731; x_wconf 83' lang='lat' dir='ltr'><strong>mystica</strong></span> <span class='ocrx_word' id='word_1_64' title='bbox 857 676 1106 730; x_wconf 85' lang='lat' dir='ltr'><strong>significatio</strong></span> <span class='ocrx_word' id='word_1_65' title='bbox 1129 679 1216 727; x_wconf 89' lang='lat' dir='ltr'><strong>est,</strong></span> <span class='ocrx_word' id='word_1_66' title='bbox 1240 674 1434 728; x_wconf 84' lang='lat' dir='ltr'><strong>varieque</strong></span> <span class='ocrx_word' id='word_1_67' title='bbox 1455 672 1507 714; x_wconf 88' lang='lat' dir='ltr'><strong>ab</strong></span> <span class='ocrx_word' id='word_1_68' title='bbox 1537 673 1836 727; x_wconf 86' lang='lat' dir='ltr'><strong>interpretibus</strong></span> <span class='ocrx_word' id='word_1_69' title='bbox 1855 673 2021 715; x_wconf 86' lang='lat' dir='ltr'><strong>tradita.</strong></span> <span class='ocrx_word' id='word_1_70' title='bbox 2057 676 2158 717; x_wconf 85' lang='lat' dir='ltr'><strong>Post</strong></span> <span class='ocrx_word' id='word_1_71' title='bbox 2187 676 2445 718; x_wconf 82' lang='lat' dir='ltr'><strong>sacerdotem</strong></span> <span class='ocrx_word' id='word_1_72' title='bbox 2474 678 2556 719; x_wconf 90' lang='lat' dir='ltr'><strong>mi-</strong></span> 
     </span>
     <span class='ocr_line' id='line_1_7' title="bbox 300 729 2556 800; baseline -0.002 -13"><span class='ocrx_word' id='word_1_73' title='bbox 300 757 309 761; x_wconf 48' lang='lat'><em>*</em></span> <span class='ocrx_word' id='word_1_74' title='bbox 332 746 458 788; x_wconf 88' lang='lat' dir='ltr'><strong>nister</strong></span> <span class='ocrx_word' id='word_1_75' title='bbox 487 731 676 795; x_wconf 72' lang='grc' dir='ltr'>κοιμισάτε</span> <span class='ocrx_word' id='word_1_76' title='bbox 682 757 716 788; x_wconf 84' lang='grc' dir='ltr'>ς</span> <span class='ocrx_word' id='word_1_77' title='bbox 745 746 1117 789; x_wconf 79' lang='lat' dir='ltr'><strong>Thessalonicensis</strong></span> <span class='ocrx_word' id='word_1_78' title='bbox 1144 745 1257 800; x_wconf 87' lang='lat' dir='ltr'><strong>apud</strong></span> <span class='ocrx_word' id='word_1_79' title='bbox 1286 745 1486 787; x_wconf 87' lang='lat' dir='ltr'><strong>Goarium</strong></span> <span class='ocrx_word' id='word_1_80' title='bbox 1516 756 1562 798; x_wconf 88' lang='lat' dir='ltr'><strong>p.</strong></span> <span class='ocrx_word' id='word_1_81' title='bbox 1589 745 1696 785; x_wconf 81' lang='lat'><strong>200:</strong></span> <span class='ocrx_word' id='word_1_82' title='bbox 1731 729 1909 783; x_wconf 80' lang='grc' dir='ltr'>κέκτηται</span> <span class='ocrx_word' id='word_1_83' title='bbox 1942 731 2087 795; x_wconf 81' lang='grc' dir='ltr'><strong>ἔνδυμα</strong></span> <span class='ocrx_word' id='word_1_84' title='bbox 2114 754 2156 781; x_wconf 82' lang='grc' dir='ltr'><strong>το</strong></span> <span class='ocrx_word' id='word_1_85' title='bbox 2181 732 2387 797; x_wconf 77' lang='grc' dir='ltr'>καλούμενο</span> <span class='ocrx_word' id='word_1_86' title='bbox 2392 758 2410 782; x_wconf 89' lang='grc' dir='ltr'>ν</span> <span class='ocrx_word' id='word_1_87' title='bbox 2435 734 2556 799; x_wconf 79' lang='grc' dir='ltr'>καμί-</span> 
     </span>
     <span class='ocr_line' id='line_1_8' title="bbox 333 800 2556 872; baseline 0.003 -19"><span class='ocrx_word' id='word_1_88' title='bbox 333 826 432 859; x_wconf 84' lang='grc' dir='ltr'>σιον,</span> <span class='ocrx_word' id='word_1_89' title='bbox 467 825 561 869; x_wconf 80' lang='grc' dir='ltr'>οπερ</span> <span class='ocrx_word' id='word_1_90' title='bbox 589 802 697 853; x_wconf 78' lang='grc' dir='ltr'>κατὰ</span> <span class='ocrx_word' id='word_1_91' title='bbox 725 826 842 855; x_wconf 78' lang='grc' dir='ltr'>τυπον</span> <span class='ocrx_word' id='word_1_92' title='bbox 873 803 1033 872; x_wconf 80' lang='grc' dir='ltr'>φελωνιο</span> <span class='ocrx_word' id='word_1_93' title='bbox 1035 827 1058 852; x_wconf 92' lang='grc' dir='ltr'>υ</span> <span class='ocrx_word' id='word_1_94' title='bbox 1090 802 1175 855; x_wconf 83' lang='grc' dir='ltr'>ἐστι</span> <span class='ocrx_word' id='word_1_95' title='bbox 1208 807 1363 871; x_wconf 72' lang='grc' dir='ltr'><strong>μικροῧ,</strong></span> <span class='ocrx_word' id='word_1_96' title='bbox 1395 825 1420 854; x_wconf 83' lang='grc' dir='ltr'><strong>η</strong></span> <span class='ocrx_word' id='word_1_97' title='bbox 1455 824 1660 867; x_wconf 81' lang='grc' dir='ltr'>στιχαριου</span> <span class='ocrx_word' id='word_1_98' title='bbox 1692 805 1732 850; x_wconf 82' lang='grc' dir='ltr'><strong>ἐκ</strong></span> <span class='ocrx_word' id='word_1_99' title='bbox 1764 800 1843 851; x_wconf 77' lang='grc' dir='ltr'>ὶινε</span> <span class='ocrx_word' id='word_1_100' title='bbox 1829 825 1885 854; x_wconf 87' lang='grc' dir='ltr'><strong>υ.</strong></span> <span class='ocrx_word' id='word_1_101' title='bbox 1917 817 2045 856; x_wconf 85' lang='lat' dir='ltr'><strong>Habet</strong></span> <span class='ocrx_word' id='word_1_102' title='bbox 2078 817 2196 857; x_wconf 82' lang='lat' dir='ltr'><strong>lector</strong></span> <span class='ocrx_word' id='word_1_103' title='bbox 2225 822 2385 869; x_wconf 82' lang='lat' dir='ltr'><strong>vestem,</strong></span> <span class='ocrx_word' id='word_1_104' title='bbox 2418 824 2464 859; x_wconf 87' lang='lat' dir='ltr'><strong>ut</strong></span> <span class='ocrx_word' id='word_1_105' title='bbox 2490 831 2556 859; x_wconf 89' lang='lat' dir='ltr'><strong>vo··-</strong></span> 
     </span>
    </p>
   </div>
   <div class='ocr_carea' id='block_1_5' title="bbox 320 870 2555 2071">
    <p class='ocr_par' dir='ltr' id='par_1_5' title="bbox 320 870 2554 2070">
     <span class='ocr_line' id='line_1_9' title="bbox 329 870 2554 942; baseline -0 -17"><span class='ocrx_word' id='word_1_106' title='bbox 329 892 458 937; x_wconf 83' lang='lat' dir='ltr'><strong>eatur,</strong></span> <span class='ocrx_word' id='word_1_107' title='bbox 488 888 709 939; x_wconf 59' lang='lat' dir='ltr'><strong>camisiam,</strong></span> <span class='ocrx_word' id='word_1_108' title='bbox 732 890 857 940; x_wconf 79' lang='lat' dir='ltr'><strong>parvi</strong></span> <span class='ocrx_word' id='word_1_109' title='bbox 876 889 1055 941; x_wconf 68' lang='lat' dir='ltr'><strong>plaetom&#39;i</strong></span> <span class='ocrx_word' id='word_1_110' title='bbox 1075 892 1147 928; x_wconf 77' lang='lat' dir='ltr'><strong>aut</strong></span> <span class='ocrx_word' id='word_1_111' title='bbox 1173 889 1267 928; x_wconf 75' lang='lat' dir='ltr'><strong>linei</strong></span> <span class='ocrx_word' id='word_1_112' title='bbox 1286 887 1465 926; x_wconf 67' lang='lat' dir='ltr'><strong>alienarii</strong></span> <span class='ocrx_word' id='word_1_113' title='bbox 1486 887 1637 936; x_wconf 69' lang='lat' dir='ltr'><strong>insuar,-</strong></span> <span class='ocrx_word' id='word_1_114' title='bbox 1668 870 1693 922; x_wconf 70' lang='grc' dir='ltr'>ἢ</span> <span class='ocrx_word' id='word_1_115' title='bbox 1716 893 1875 939; x_wconf 75' lang='grc' dir='ltr'>πορφυρο</span> <span class='ocrx_word' id='word_1_116' title='bbox 1859 876 1947 929; x_wconf 79' lang='grc' dir='ltr'><strong>’ὗν</strong></span> <span class='ocrx_word' id='word_1_117' title='bbox 1974 871 2038 921; x_wconf 80' lang='grc' dir='ltr'>διοὶ</span> <span class='ocrx_word' id='word_1_118' title='bbox 2064 872 2108 922; x_wconf 78' lang='grc' dir='ltr'><strong>τδ</strong></span> <span class='ocrx_word' id='word_1_119' title='bbox 2133 878 2337 941; x_wconf 66' lang='grc' dir='ltr'>πορφυροῦν</span> <span class='ocrx_word' id='word_1_120' title='bbox 2370 898 2435 924; x_wconf 83' lang='grc' dir='ltr'><strong>του</strong></span> <span class='ocrx_word' id='word_1_121' title='bbox 2456 882 2554 942; x_wconf 88' lang='grc' dir='ltr'>Χρι-</span> 
     </span>
     <span class='ocr_line' id='line_1_10' title="bbox 330 941 2555 1011; baseline 0.003 -19"><span class='ocrx_word' id='word_1_122' title='bbox 330 948 425 992; x_wconf 79' lang='grc' dir='ltr'>στοῧ</span> <span class='ocrx_word' id='word_1_123' title='bbox 454 943 624 1006; x_wconf 75' lang='grc' dir='ltr'>ἱμάτιον·</span> <span class='ocrx_word' id='word_1_124' title='bbox 657 967 682 996; x_wconf 85' lang='grc' dir='ltr'>η</span> <span class='ocrx_word' id='word_1_125' title='bbox 712 944 870 1002; x_wconf 81' lang='grc' dir='ltr'>λευκον</span> <span class='ocrx_word' id='word_1_126' title='bbox 897 943 963 994; x_wconf 79' lang='grc' dir='ltr'><strong>διᾶ</strong></span> <span class='ocrx_word' id='word_1_127' title='bbox 988 967 1032 994; x_wconf 90' lang='grc' dir='ltr'><strong>το</strong></span> <span class='ocrx_word' id='word_1_128' title='bbox 1060 941 1237 1010; x_wconf 67' lang='grc' dir='ltr'>καθαρον</span> <span class='ocrx_word' id='word_1_129' title='bbox 1269 949 1341 998; x_wconf 77' lang='grc' dir='ltr'><strong>τῆς</strong></span> <span class='ocrx_word' id='word_1_130' title='bbox 1373 942 1526 1010; x_wconf 66' lang='grc' dir='ltr'>ἶερωσύ</span> <span class='ocrx_word' id='word_1_131' title='bbox 1515 960 1596 998; x_wconf 71' lang='grc' dir='ltr'><strong>ηςῖ</strong></span> <span class='ocrx_word' id='word_1_132' title='bbox 1630 961 1688 997; x_wconf 85' lang='lat' dir='ltr'><strong>est</strong></span> <span class='ocrx_word' id='word_1_133' title='bbox 1715 962 1842 999; x_wconf 87' lang='lat' dir='ltr'><strong>autem</strong></span> <span class='ocrx_word' id='word_1_134' title='bbox 1874 959 1947 998; x_wconf 83' lang='lat' dir='ltr'><strong>illa</strong></span> <span class='ocrx_word' id='word_1_135' title='bbox 1976 961 2090 998; x_wconf 80' lang='lat' dir='ltr'><strong>vestis</strong></span> <span class='ocrx_word' id='word_1_136' title='bbox 2115 960 2180 999; x_wconf 82' lang='lat' dir='ltr'><strong>vel</strong></span> <span class='ocrx_word' id='word_1_137' title='bbox 2200 971 2428 1011; x_wconf 81' lang='lat' dir='ltr'><strong>purpurea,</strong></span> <span class='ocrx_word' id='word_1_138' title='bbox 2457 972 2555 1011; x_wconf 86' lang='lat' dir='ltr'><strong>pro·</strong></span> 
     </span>
     <span class='ocr_line' id='line_1_11' title="bbox 320 1028 2553 1084; baseline 0.001 -15"><span class='ocrx_word' id='word_1_139' title='bbox 320 1033 414 1080; x_wconf 80' lang='lat' dir='ltr'><strong>pter</strong></span> <span class='ocrx_word' id='word_1_140' title='bbox 440 1042 691 1082; x_wconf 79' lang='lat' dir='ltr'><strong>purpureum</strong></span> <span class='ocrx_word' id='word_1_141' title='bbox 721 1030 865 1071; x_wconf 72' lang='lat' dir='ltr'><strong>Christi</strong></span> <span class='ocrx_word' id='word_1_142' title='bbox 891 1030 1184 1080; x_wconf 73' lang='lat' dir='ltr'><strong>indumentum3</strong></span> <span class='ocrx_word' id='word_1_143' title='bbox 1215 1029 1280 1069; x_wconf 84' lang='lat' dir='ltr'><strong>vel</strong></span> <span class='ocrx_word' id='word_1_144' title='bbox 1308 1028 1497 1078; x_wconf 33' lang='lat' dir='ltr'><strong>candeQda</strong></span> <span class='ocrx_word' id='word_1_145' title='bbox 1526 1033 1693 1079; x_wconf 80' lang='lat' dir='ltr'><strong>propter</strong></span> <span class='ocrx_word' id='word_1_146' title='bbox 1718 1029 1925 1069; x_wconf 79' lang='lat' dir='ltr'><strong>sacerdotii</strong></span> <span class='ocrx_word' id='word_1_147' title='bbox 1945 1032 2177 1081; x_wconf 65' lang='lat' dir='ltr'><strong>pumtatm.</strong></span> <span class='ocrx_word' id='word_1_148' title='bbox 2211 1029 2405 1084; x_wconf 85' lang='lat' dir='ltr'><strong>Quisquis</strong></span> <span class='ocrx_word' id='word_1_149' title='bbox 2434 1029 2553 1071; x_wconf 84' lang='lat' dir='ltr'><strong>deni-</strong></span> 
     </span>
     <span class='ocr_line' id='line_1_12' title="bbox 326 1097 2552 1154; baseline 0 -14"><span class='ocrx_word' id='word_1_150' title='bbox 326 1111 409 1153; x_wconf 86' lang='lat' dir='ltr'><strong>que</strong></span> <span class='ocrx_word' id='word_1_151' title='bbox 437 1100 508 1142; x_wconf 91' lang='lat' dir='ltr'><strong>hic</strong></span> <span class='ocrx_word' id='word_1_152' title='bbox 527 1100 584 1141; x_wconf 85' lang='lat' dir='ltr'><strong>sit</strong></span> <span class='ocrx_word' id='word_1_153' title='bbox 607 1100 820 1151; x_wconf 88' lang='lat' dir='ltr'><strong>minister,</strong></span> <span class='ocrx_word' id='word_1_154' title='bbox 843 1100 879 1141; x_wconf 87' lang='lat' dir='ltr'><strong>is</strong></span> <span class='ocrx_word' id='word_1_155' title='bbox 909 1099 983 1141; x_wconf 89' lang='lat' dir='ltr'><strong>illa</strong></span> <span class='ocrx_word' id='word_1_156' title='bbox 1010 1097 1222 1151; x_wconf 81' lang='lat' dir='ltr'><strong>induitur,</strong></span> <span class='ocrx_word' id='word_1_157' title='bbox 1245 1110 1370 1152; x_wconf 87' lang='lat' dir='ltr'><strong>quam</strong></span> <span class='ocrx_word' id='word_1_158' title='bbox 1392 1098 1530 1139; x_wconf 91' lang='lat' dir='ltr'><strong>Latini</strong></span> <span class='ocrx_word' id='word_1_159' title='bbox 1557 1097 1694 1139; x_wconf 85' lang='lat' dir='ltr'><strong>albam</strong></span> <span class='ocrx_word' id='word_1_160' title='bbox 1717 1098 1950 1153; x_wconf 86' lang='lat' dir='ltr'><strong>appellant,</strong></span> <span class='ocrx_word' id='word_1_161' title='bbox 1973 1099 2067 1141; x_wconf 89' lang='lat' dir='ltr'><strong>Itali</strong></span> <span class='ocrx_word' id='word_1_162' title='bbox 2088 1105 2210 1151; x_wconf 85' lang='lat' dir='ltr'><strong>cotta;</strong></span> <span class='ocrx_word' id='word_1_163' title='bbox 2235 1112 2361 1154; x_wconf 87' lang='lat' dir='ltr'><strong>quam</strong></span> <span class='ocrx_word' id='word_1_164' title='bbox 2384 1099 2552 1154; x_wconf 87' lang='lat' dir='ltr'><strong>quidem</strong></span> 
     </span>
     <span class='ocr_line' id='line_1_13' title="bbox 332 1158 2553 1225; baseline -0 -13"><span class='ocrx_word' id='word_1_165' title='bbox 332 1171 427 1212; x_wconf 86' lang='lat' dir='ltr'><strong>heic</strong></span> <span class='ocrx_word' id='word_1_166' title='bbox 456 1171 648 1214; x_wconf 77' lang='lat' dir='ltr'><strong>videmus</strong></span> <span class='ocrx_word' id='word_1_167' title='bbox 669 1171 867 1223; x_wconf 84' lang='lat' dir='ltr'><strong>talarem,</strong></span> <span class='ocrx_word' id='word_1_168' title='bbox 891 1174 1020 1225; x_wconf 92' lang='lat' dir='ltr'><strong>prout</strong></span> <span class='ocrx_word' id='word_1_169' title='bbox 1042 1158 1086 1211; x_wconf 89' lang='lat' dir='ltr'><strong>in</strong></span> <span class='ocrx_word' id='word_1_170' title='bbox 1106 1170 1246 1224; x_wconf 88' lang='lat' dir='ltr'><strong>prisco</strong></span> <span class='ocrx_word' id='word_1_171' title='bbox 1270 1169 1390 1210; x_wconf 87' lang='lat' dir='ltr'><strong>etiam</strong></span> <span class='ocrx_word' id='word_1_172' title='bbox 1413 1173 1560 1211; x_wconf 88' lang='lat' dir='ltr'><strong>nostro</strong></span> <span class='ocrx_word' id='word_1_173' title='bbox 1590 1169 1699 1221; x_wconf 84' lang='lat' dir='ltr'><strong>ritu3</strong></span> <span class='ocrx_word' id='word_1_174' title='bbox 1723 1181 1810 1211; x_wconf 91' lang='lat' dir='ltr'><strong>non</strong></span> <span class='ocrx_word' id='word_1_175' title='bbox 1834 1182 1933 1211; x_wconf 87' lang='lat' dir='ltr'><strong>vero</strong></span> <span class='ocrx_word' id='word_1_176' title='bbox 1954 1170 2011 1212; x_wconf 86' lang='lat' dir='ltr'><strong>ita</strong></span> <span class='ocrx_word' id='word_1_177' title='bbox 2031 1170 2201 1212; x_wconf 88' lang='lat' dir='ltr'><strong>brevem</strong></span> <span class='ocrx_word' id='word_1_178' title='bbox 2224 1183 2273 1212; x_wconf 88' lang='lat' dir='ltr'><strong>ac</strong></span> <span class='ocrx_word' id='word_1_179' title='bbox 2299 1183 2433 1225; x_wconf 86' lang='lat' dir='ltr'><strong>prope</strong></span> <span class='ocrx_word' id='word_1_180' title='bbox 2462 1170 2553 1211; x_wconf 93' lang='lat' dir='ltr'><strong>nul-</strong></span> 
     </span>
     <span class='ocr_line' id='line_1_14' title="bbox 327 1239 2551 1297; baseline -0.001 -13"><span class='ocrx_word' id='word_1_181' title='bbox 327 1242 411 1284; x_wconf 84' lang='lat' dir='ltr'><strong>lam</strong></span> <span class='ocrx_word' id='word_1_182' title='bbox 426 1273 438 1295; x_wconf 97' lang='lat'><strong>,</strong></span> <span class='ocrx_word' id='word_1_183' title='bbox 463 1246 591 1297; x_wconf 90' lang='lat' dir='ltr'><strong>prout</strong></span> <span class='ocrx_word' id='word_1_184' title='bbox 609 1241 821 1284; x_wconf 90' lang='lat' dir='ltr'><strong>interdum</strong></span> <span class='ocrx_word' id='word_1_185' title='bbox 839 1242 883 1283; x_wconf 92' lang='lat' dir='ltr'><strong>in</strong></span> <span class='ocrx_word' id='word_1_186' title='bbox 903 1240 1116 1283; x_wconf 90' lang='lat' dir='ltr'><strong>hodiernis</strong></span> <span class='ocrx_word' id='word_1_187' title='bbox 1143 1239 1318 1297; x_wconf 85' lang='lat' dir='ltr'><strong>abusivo</strong></span> <span class='ocrx_word' id='word_1_188' title='bbox 1340 1252 1457 1282; x_wconf 90' lang='lat' dir='ltr'><strong>more</strong></span> <span class='ocrx_word' id='word_1_189' title='bbox 1478 1239 1660 1281; x_wconf 88' lang='lat' dir='ltr'><strong>ecclesiis</strong></span> <span class='ocrx_word' id='word_1_190' title='bbox 1682 1240 1901 1282; x_wconf 88' lang='lat' dir='ltr'><strong>cernimus.</strong></span> <span class='ocrx_word' id='word_1_191' title='bbox 1933 1241 1985 1282; x_wconf 87' lang='lat' dir='ltr'><strong>Et</strong></span> <span class='ocrx_word' id='word_1_192' title='bbox 2007 1240 2174 1295; x_wconf 90' lang='lat' dir='ltr'><strong>quidem</strong></span> <span class='ocrx_word' id='word_1_193' title='bbox 2195 1243 2235 1283; x_wconf 91' lang='lat' dir='ltr'><strong>S.</strong></span> <span class='ocrx_word' id='word_1_194' title='bbox 2261 1241 2436 1283; x_wconf 88' lang='lat' dir='ltr'><strong>Basilius</strong></span> <span class='ocrx_word' id='word_1_195' title='bbox 2455 1241 2551 1282; x_wconf 92' lang='lat' dir='ltr'><strong>loco</strong></span> 
     </span>
     <span class='ocr_line' id='line_1_15' title="bbox 327 1310 2551 1367; baseline -0.001 -12"><span class='ocrx_word' id='word_1_196' title='bbox 327 1325 455 1367; x_wconf 87' lang='lat' dir='ltr'><strong>supra</strong></span> <span class='ocrx_word' id='word_1_197' title='bbox 477 1313 604 1355; x_wconf 89' lang='lat' dir='ltr'><strong>citato</strong></span> <span class='ocrx_word' id='word_1_198' title='bbox 622 1313 776 1355; x_wconf 86' lang='lat' dir='ltr'><strong>talares</strong></span> <span class='ocrx_word' id='word_1_199' title='bbox 797 1324 941 1354; x_wconf 91' lang='lat' dir='ltr'><strong>omnes</strong></span> <span class='ocrx_word' id='word_1_200' title='bbox 970 1312 1255 1353; x_wconf 87' lang='lat' dir='ltr'><strong>ministrorum</strong></span> <span class='ocrx_word' id='word_1_201' title='bbox 1284 1315 1419 1352; x_wconf 83' lang='lat' dir='ltr'><strong>vestes</strong></span> <span class='ocrx_word' id='word_1_202' title='bbox 1448 1314 1547 1361; x_wconf 83' lang='lat' dir='ltr'><strong>csse·</strong></span> <span class='ocrx_word' id='word_1_203' title='bbox 1564 1310 1694 1352; x_wconf 89' lang='lat' dir='ltr'><strong>iubet.</strong></span> <span class='ocrx_word' id='word_1_204' title='bbox 1728 1311 1885 1352; x_wconf 85' lang='lat' dir='ltr'><strong>Dextro</strong></span> <span class='ocrx_word' id='word_1_205' title='bbox 1915 1311 1960 1353; x_wconf 89' lang='lat' dir='ltr'><strong>in</strong></span> <span class='ocrx_word' id='word_1_206' title='bbox 1988 1311 2114 1353; x_wconf 86' lang='lat' dir='ltr'><strong>latere</strong></span> <span class='ocrx_word' id='word_1_207' title='bbox 2143 1312 2348 1354; x_wconf 85' lang='lat' dir='ltr'><strong>Michahel</strong></span> <span class='ocrx_word' id='word_1_208' title='bbox 2378 1312 2551 1354; x_wconf 84' lang='lat' dir='ltr'><strong>archan-</strong></span> 
     </span>
     <span class='ocr_line' id='line_1_16' title="bbox 328 1381 2553 1437; baseline -0.001 -12"><span class='ocrx_word' id='word_1_209' title='bbox 328 1383 446 1435; x_wconf 85' lang='lat' dir='ltr'><strong>gelus</strong></span> <span class='ocrx_word' id='word_1_210' title='bbox 479 1382 699 1425; x_wconf 86' lang='lat' dir='ltr'><strong>daemonia</strong></span> <span class='ocrx_word' id='word_1_211' title='bbox 728 1383 961 1437; x_wconf 82' lang='lat' dir='ltr'><strong>expellens3</strong></span> <span class='ocrx_word' id='word_1_212' title='bbox 995 1394 1076 1436; x_wconf 88' lang='lat' dir='ltr'><strong>qua</strong></span> <span class='ocrx_word' id='word_1_213' title='bbox 1109 1381 1287 1435; x_wconf 82' lang='lat' dir='ltr'><strong>imagine</strong></span> <span class='ocrx_word' id='word_1_214' title='bbox 1315 1385 1428 1422; x_wconf 84' lang='lat' dir='ltr'><strong>recte</strong></span> <span class='ocrx_word' id='word_1_215' title='bbox 1460 1381 1600 1435; x_wconf 86' lang='lat' dir='ltr'><strong>pictor</strong></span> <span class='ocrx_word' id='word_1_216' title='bbox 1635 1393 1795 1422; x_wconf 87' lang='lat' dir='ltr'><strong>morem</strong></span> <span class='ocrx_word' id='word_1_217' title='bbox 1831 1381 2012 1434; x_wconf 87' lang='lat' dir='ltr'><strong>priscum</strong></span> <span class='ocrx_word' id='word_1_218' title='bbox 2049 1381 2220 1423; x_wconf 85' lang='lat' dir='ltr'><strong>denotat</strong></span> <span class='ocrx_word' id='word_1_219' title='bbox 2254 1381 2497 1424; x_wconf 82' lang='lat' dir='ltr'><strong>excludendi</strong></span> <span class='ocrx_word' id='word_1_220' title='bbox 2530 1394 2553 1423; x_wconf 98' lang='grc'><strong>8</strong></span> 
     </span>
     <span class='ocr_line' id='line_1_17' title="bbox 327 1445 2552 1507; baseline -0 -14"><span class='ocrx_word' id='word_1_221' title='bbox 327 1452 495 1506; x_wconf 85' lang='lat' dir='ltr'><strong>liturgia</strong></span> <span class='ocrx_word' id='word_1_222' title='bbox 525 1465 853 1507; x_wconf 87' lang='lat' dir='ltr'><strong>energumenos,</strong></span> <span class='ocrx_word' id='word_1_223' title='bbox 885 1456 927 1494; x_wconf 88' lang='grc'><strong>81</strong></span> <span class='ocrx_word' id='word_1_224' title='bbox 953 1452 1083 1494; x_wconf 87' lang='lat' dir='ltr'><strong>malae</strong></span> <span class='ocrx_word' id='word_1_225' title='bbox 1115 1455 1379 1505; x_wconf 86' lang='lat' dir='ltr'><strong>vastataeque</strong></span> <span class='ocrx_word' id='word_1_226' title='bbox 1410 1452 1687 1492; x_wconf 85' lang='lat' dir='ltr'><strong>conscientiae</strong></span> <span class='ocrx_word' id='word_1_227' title='bbox 1717 1451 1928 1504; x_wconf 89' lang='lat' dir='ltr'><strong>homines,</strong></span> <span class='ocrx_word' id='word_1_228' title='bbox 1961 1450 2026 1492; x_wconf 84' lang='lat' dir='ltr'><strong>vel</strong></span> <span class='ocrx_word' id='word_1_229' title='bbox 2057 1451 2245 1506; x_wconf 84' lang='lat' dir='ltr'><strong>publicae</strong></span> <span class='ocrx_word' id='word_1_230' title='bbox 2273 1445 2552 1507; x_wconf 82' lang='lat' dir='ltr'><strong>paenitentiae</strong></span> 
     </span>
     <span class='ocr_line' id='line_1_18' title="bbox 326 1516 2553 1579; baseline 0.001 -15"><span class='ocrx_word' id='word_1_231' title='bbox 326 1523 544 1576; x_wconf 85' lang='lat' dir='ltr'><strong>addictos,</strong></span> <span class='ocrx_word' id='word_1_232' title='bbox 576 1525 760 1579; x_wconf 84' lang='lat' dir='ltr'><strong>itemque</strong></span> <span class='ocrx_word' id='word_1_233' title='bbox 790 1523 1111 1566; x_wconf 87' lang='lat' dir='ltr'><strong>catechumenos</strong></span> <span class='ocrx_word' id='word_1_234' title='bbox 1141 1535 1217 1564; x_wconf 86' lang='lat' dir='ltr'><strong>ceu</strong></span> <span class='ocrx_word' id='word_1_235' title='bbox 1239 1521 1427 1563; x_wconf 90' lang='lat' dir='ltr'><strong>nondum</strong></span> <span class='ocrx_word' id='word_1_236' title='bbox 1449 1525 1655 1576; x_wconf 84' lang='lat' dir='ltr'><strong>potestate</strong></span> <span class='ocrx_word' id='word_1_237' title='bbox 1676 1520 1892 1563; x_wconf 86' lang='grc'><strong>(1881110815</strong></span> <span class='ocrx_word' id='word_1_238' title='bbox 1915 1516 2086 1566; x_wconf 84' lang='lat' dir='ltr'><strong>liberos</strong></span> <span class='ocrx_word' id='word_1_239' title='bbox 2121 1523 2253 1573; x_wconf 85' lang='lat' dir='ltr'><strong>(Hinc</strong></span> <span class='ocrx_word' id='word_1_240' title='bbox 2282 1524 2350 1566; x_wconf 92' lang='lat' dir='ltr'><strong>illa</strong></span> <span class='ocrx_word' id='word_1_241' title='bbox 2378 1525 2421 1566; x_wconf 91' lang='lat' dir='ltr'><strong>in</strong></span> <span class='ocrx_word' id='word_1_242' title='bbox 2451 1537 2553 1579; x_wconf 84' lang='lat' dir='ltr'><strong>pro·-</strong></span> 
     </span>
     <span class='ocr_line' id='line_1_19' title="bbox 327 1577 2552 1647; baseline 0 -10"><span class='ocrx_word' id='word_1_243' title='bbox 327 1585 539 1647; x_wconf 83' lang='lat' dir='ltr'><strong>gredicnte</strong></span> <span class='ocrx_word' id='word_1_244' title='bbox 569 1596 691 1637; x_wconf 86' lang='lat' dir='ltr'><strong>missa</strong></span> <span class='ocrx_word' id='word_1_245' title='bbox 712 1594 900 1637; x_wconf 88' lang='lat' dir='ltr'><strong>sublimis</strong></span> <span class='ocrx_word' id='word_1_246' title='bbox 920 1593 1201 1647; x_wconf 86' lang='lat' dir='ltr'><strong>terribilisque</strong></span> <span class='ocrx_word' id='word_1_247' title='bbox 1232 1592 1500 1634; x_wconf 80' lang='lat' dir='ltr'><strong>exclamatio:</strong></span> <span class='ocrx_word' id='word_1_248' title='bbox 1536 1577 1586 1628; x_wconf 75' lang='grc' dir='ltr'>τᾶ</span> <span class='ocrx_word' id='word_1_249' title='bbox 1614 1581 1708 1643; x_wconf 73' lang='grc' dir='ltr'><strong><em>ἅγια</em></strong></span> <span class='ocrx_word' id='word_1_250' title='bbox 1735 1583 1815 1633; x_wconf 75' lang='grc' dir='ltr'>τοῖς</span> <span class='ocrx_word' id='word_1_251' title='bbox 1844 1577 1992 1644; x_wconf 49' lang='lat' dir='ltr'><strong>clytus,</strong></span> <span class='ocrx_word' id='word_1_252' title='bbox 2024 1599 2155 1633; x_wconf 80' lang='lat' dir='ltr'><strong>sancta</strong></span> <span class='ocrx_word' id='word_1_253' title='bbox 2184 1598 2337 1636; x_wconf 82' lang='lat' dir='ltr'><strong>sanctis.</strong></span> <span class='ocrx_word' id='word_1_254' title='bbox 2355 1597 2367 1646; x_wconf 93' lang='lat'>)</span> <span class='ocrx_word' id='word_1_255' title='bbox 2398 1595 2458 1636; x_wconf 89' lang='lat' dir='ltr'><strong>De</strong></span> <span class='ocrx_word' id='word_1_256' title='bbox 2487 1609 2552 1638; x_wconf 85' lang='grc'><strong>08-</strong></span> 
     </span>
     <span class='ocr_line' id='line_1_20' title="bbox 327 1663 2553 1718; baseline 0.001 -12"><span class='ocrx_word' id='word_1_257' title='bbox 327 1666 671 1708; x_wconf 87' lang='lat' dir='ltr'><strong>techumenorum</strong></span> <span class='ocrx_word' id='word_1_258' title='bbox 699 1666 940 1708; x_wconf 90' lang='lat' dir='ltr'><strong>dimissione</strong></span> <span class='ocrx_word' id='word_1_259' title='bbox 958 1666 1018 1706; x_wconf 90' lang='lat' dir='ltr'><strong>sic</strong></span> <span class='ocrx_word' id='word_1_260' title='bbox 1038 1663 1188 1706; x_wconf 85' lang='lat' dir='ltr'><strong>diserte</strong></span> <span class='ocrx_word' id='word_1_261' title='bbox 1217 1667 1360 1704; x_wconf 86' lang='lat' dir='ltr'><strong>noster</strong></span> <span class='ocrx_word' id='word_1_262' title='bbox 1379 1663 1634 1716; x_wconf 84' lang='lat' dir='ltr'><strong>Augustinus</strong></span> <span class='ocrx_word' id='word_1_263' title='bbox 1654 1674 1774 1704; x_wconf 89' lang='lat' dir='ltr'><strong>serm</strong></span> <span class='ocrx_word' id='word_1_264' title='bbox 1800 1663 1945 1704; x_wconf 86' lang='lat' dir='ltr'>XLIX.</span> <span class='ocrx_word' id='word_1_265' title='bbox 1972 1664 2013 1704; x_wconf 90' lang='lat'><strong>8.</strong></span> <span class='ocrx_word' id='word_1_266' title='bbox 2041 1665 2140 1704; x_wconf 82' lang='lat' dir='ltr'><strong>Ecce</strong></span> <span class='ocrx_word' id='word_1_267' title='bbox 2162 1670 2254 1716; x_wconf 79' lang='lat' dir='ltr'><strong>post</strong></span> <span class='ocrx_word' id='word_1_268' title='bbox 2271 1677 2480 1707; x_wconf 86' lang='lat' dir='ltr'><strong>sermonem</strong></span> <span class='ocrx_word' id='word_1_269' title='bbox 2498 1669 2553 1718; x_wconf 86' lang='lat' dir='ltr'><strong>fit</strong></span> 
     </span>
     <span class='ocr_line' id='line_1_21' title="bbox 324 1733 2550 1787; baseline 0.001 -11"><span class='ocrx_word' id='word_1_270' title='bbox 324 1737 442 1776; x_wconf 72' lang='lat' dir='ltr'><strong>missa</strong></span> <span class='ocrx_word' id='word_1_271' title='bbox 471 1738 774 1787; x_wconf 76' lang='lat' dir='ltr'><strong>catechumenis,</strong></span> <span class='ocrx_word' id='word_1_272' title='bbox 801 1737 1012 1776; x_wconf 85' lang='lat' dir='ltr'><strong>manebunt</strong></span> <span class='ocrx_word' id='word_1_273' title='bbox 1027 1736 1192 1786; x_wconf 81' lang='lat' dir='ltr'><strong>fideles,</strong></span> <span class='ocrx_word' id='word_1_274' title='bbox 1219 1735 1396 1774; x_wconf 77' lang='lat' dir='ltr'><strong>venietur</strong></span> <span class='ocrx_word' id='word_1_275' title='bbox 1424 1734 1478 1774; x_wconf 78' lang='lat' dir='ltr'><strong>ad</strong></span> <span class='ocrx_word' id='word_1_276' title='bbox 1506 1735 1630 1774; x_wconf 84' lang='lat' dir='ltr'><strong>Iocum</strong></span> <span class='ocrx_word' id='word_1_277' title='bbox 1654 1736 1851 1773; x_wconf 82' lang='lat' dir='ltr'><strong>orationis.</strong></span> <span class='ocrx_word' id='word_1_278' title='bbox 1886 1733 2016 1775; x_wconf 84' lang='lat' dir='ltr'><strong>Adest</strong></span> <span class='ocrx_word' id='word_1_279' title='bbox 2044 1734 2086 1774; x_wconf 92' lang='lat' dir='ltr'><strong>in</strong></span> <span class='ocrx_word' id='word_1_280' title='bbox 2116 1734 2372 1777; x_wconf 88' lang='lat' dir='ltr'><strong>testudinato</strong></span> <span class='ocrx_word' id='word_1_281' title='bbox 2394 1735 2550 1778; x_wconf 87' lang='lat' dir='ltr'><strong>throno</strong></span> 
     </span>
     <span class='ocr_line' id='line_1_22' title="bbox 325 1804 2552 1860; baseline 0 -12"><span class='ocrx_word' id='word_1_282' title='bbox 325 1806 586 1860; x_wconf 85' lang='lat' dir='ltr'><strong>hegumenus</strong></span> <span class='ocrx_word' id='word_1_283' title='bbox 616 1806 950 1860; x_wconf 90' lang='lat' dir='ltr'><strong>contemplator,</strong></span> <span class='ocrx_word' id='word_1_284' title='bbox 982 1818 1093 1847; x_wconf 91' lang='lat' dir='ltr'><strong>nunc</strong></span> <span class='ocrx_word' id='word_1_285' title='bbox 1123 1809 1235 1846; x_wconf 85' lang='lat' dir='ltr'><strong>stans</strong></span> <span class='ocrx_word' id='word_1_286' title='bbox 1264 1809 1436 1859; x_wconf 91' lang='lat' dir='ltr'><strong>propter</strong></span> <span class='ocrx_word' id='word_1_287' title='bbox 1465 1804 1665 1857; x_wconf 83' lang='lat' dir='ltr'><strong>evangelii</strong></span> <span class='ocrx_word' id='word_1_288' title='bbox 1694 1804 1939 1857; x_wconf 76' lang='lat' dir='ltr'><strong>lectionem,</strong></span> <span class='ocrx_word' id='word_1_289' title='bbox 1971 1817 2094 1858; x_wconf 89' lang='lat' dir='ltr'><strong>quam</strong></span> <span class='ocrx_word' id='word_1_290' title='bbox 2126 1817 2267 1846; x_wconf 87' lang='lat' dir='ltr'><strong>omnes</strong></span> <span class='ocrx_word' id='word_1_291' title='bbox 2296 1810 2452 1847; x_wconf 86' lang='lat' dir='ltr'><strong>stantes</strong></span> <span class='ocrx_word' id='word_1_292' title='bbox 2480 1819 2552 1849; x_wconf 82' lang='lat' dir='ltr'><strong>au·-</strong></span> 
     </span>
     <span class='ocr_line' id='line_1_23' title="bbox 325 1874 2551 1932; baseline 0 -15"><span class='ocrx_word' id='word_1_293' title='bbox 325 1875 473 1928; x_wconf 85' lang='lat' dir='ltr'><strong>diunt,</strong></span> <span class='ocrx_word' id='word_1_294' title='bbox 495 1880 544 1917; x_wconf 88' lang='lat' dir='ltr'><strong>ut</strong></span> <span class='ocrx_word' id='word_1_295' title='bbox 571 1876 814 1917; x_wconf 84' lang='lat' dir='ltr'><strong>Ben-Assali</strong></span> <span class='ocrx_word' id='word_1_296' title='bbox 845 1888 1016 1930; x_wconf 90' lang='lat' dir='ltr'><strong>quoque</strong></span> <span class='ocrx_word' id='word_1_297' title='bbox 1044 1875 1078 1917; x_wconf 83' lang='lat' dir='ltr'><strong>f.</strong></span> <span class='ocrx_word' id='word_1_298' title='bbox 1106 1876 1176 1917; x_wconf 88' lang='lat'><strong>78.</strong></span> <span class='ocrx_word' id='word_1_299' title='bbox 1202 1879 1355 1916; x_wconf 83' lang='lat' dir='ltr'><strong>narrat.</strong></span> <span class='ocrx_word' id='word_1_300' title='bbox 1391 1876 1519 1926; x_wconf 90' lang='lat' dir='ltr'><strong>(Post</strong></span> <span class='ocrx_word' id='word_1_301' title='bbox 1547 1875 1807 1928; x_wconf 87' lang='lat' dir='ltr'><strong>evangelium</strong></span> <span class='ocrx_word' id='word_1_302' title='bbox 1829 1875 1952 1916; x_wconf 85' lang='lat' dir='ltr'><strong>etiam</strong></span> <span class='ocrx_word' id='word_1_303' title='bbox 1985 1874 2097 1929; x_wconf 86' lang='lat' dir='ltr'><strong>apud</strong></span> <span class='ocrx_word' id='word_1_304' title='bbox 2122 1875 2301 1917; x_wconf 72' lang='lat' dir='ltr'><strong>Graecos</strong></span> <span class='ocrx_word' id='word_1_305' title='bbox 2330 1877 2551 1932; x_wconf 86' lang='lat' dir='ltr'><strong>episcopus</strong></span> 
     </span>
     <span class='ocr_line' id='line_1_24' title="bbox 324 1944 2549 2002; baseline 0.001 -17"><span class='ocrx_word' id='word_1_306' title='bbox 324 1945 393 1986; x_wconf 85' lang='lat' dir='ltr'><strong>vel</strong></span> <span class='ocrx_word' id='word_1_307' title='bbox 422 1944 620 1986; x_wconf 79' lang='lat' dir='ltr'><strong>sacerdos</strong></span> <span class='ocrx_word' id='word_1_308' title='bbox 650 1945 890 1987; x_wconf 86' lang='lat' dir='ltr'><strong>concionari</strong></span> <span class='ocrx_word' id='word_1_309' title='bbox 920 1946 1027 1987; x_wconf 89' lang='lat' dir='ltr'><strong>solet</strong></span> <span class='ocrx_word' id='word_1_310' title='bbox 1062 1949 1229 1999; x_wconf 89' lang='lat' dir='ltr'><strong>sumpto</strong></span> <span class='ocrx_word' id='word_1_311' title='bbox 1263 1944 1380 1987; x_wconf 89' lang='lat' dir='ltr'><strong>illinc</strong></span> <span class='ocrx_word' id='word_1_312' title='bbox 1413 1949 1685 1999; x_wconf 85' lang='lat' dir='ltr'><strong>argumento,</strong></span> <span class='ocrx_word' id='word_1_313' title='bbox 1718 1949 1765 1986; x_wconf 89' lang='lat' dir='ltr'><strong>ut</strong></span> <span class='ocrx_word' id='word_1_314' title='bbox 1796 1944 1856 1985; x_wconf 81' lang='lat' dir='ltr'><strong>ait</strong></span> <span class='ocrx_word' id='word_1_315' title='bbox 1890 1944 2023 1986; x_wconf 85' lang='lat' dir='ltr'><strong>dictus</strong></span> <span class='ocrx_word' id='word_1_316' title='bbox 2051 1946 2298 1988; x_wconf 84' lang='grc' dir='ltr'><strong>Β811-Α55811</strong></span> <span class='ocrx_word' id='word_1_317' title='bbox 2328 1946 2411 1987; x_wconf 90' lang='lat' dir='ltr'><strong>loc.</strong></span> <span class='ocrx_word' id='word_1_318' title='bbox 2445 1946 2549 2002; x_wconf 84' lang='grc'><strong>811.)</strong></span> 
     </span>
     <span class='ocr_line' id='line_1_25' title="bbox 324 1999 2549 2071; baseline 0.001 -20"><span class='ocrx_word' id='word_1_319' title='bbox 324 2014 640 2070; x_wconf 83' lang='lat' dir='ltr'><strong>Contemplator</strong></span> <span class='ocrx_word' id='word_1_320' title='bbox 669 2015 728 2057; x_wconf 80' lang='lat' dir='ltr'><strong>sic</strong></span> <span class='ocrx_word' id='word_1_321' title='bbox 756 2016 799 2056; x_wconf 85' lang='lat' dir='ltr'><strong>in</strong></span> <span class='ocrx_word' id='word_1_322' title='bbox 829 2015 1056 2071; x_wconf 79' lang='lat' dir='ltr'><strong>epigraphe</strong></span> <span class='ocrx_word' id='word_1_323' title='bbox 1084 2015 1288 2070; x_wconf 83' lang='lat' dir='ltr'><strong>loquitur.</strong></span> <span class='ocrx_word' id='word_1_324' title='bbox 1321 2000 1407 2051; x_wconf 87' lang='grc' dir='ltr'><strong>Και</strong></span> <span class='ocrx_word' id='word_1_325' title='bbox 1429 2026 1479 2057; x_wconf 89' lang='grc' dir='ltr'><strong>ως</strong></span> <span class='ocrx_word' id='word_1_326' title='bbox 1502 1999 1551 2051; x_wconf 74' lang='grc' dir='ltr'><strong>τ)</strong></span> <span class='ocrx_word' id='word_1_327' title='bbox 1556 2010 1625 2050; x_wconf 63' lang='lat' dir='ltr'><strong>&amp;ev</strong></span> <span class='ocrx_word' id='word_1_328' title='bbox 1649 2025 1693 2052; x_wconf 86' lang='grc' dir='ltr'><strong>το</strong></span> <span class='ocrx_word' id='word_1_329' title='bbox 1717 2005 1825 2066; x_wconf 78' lang='grc' dir='ltr'>ἅγιον</span> <span class='ocrx_word' id='word_1_330' title='bbox 1851 2001 2149 2068; x_wconf 74' lang='grc' dir='ltr'><strong>εὐαγγε)ιεν,’</strong></span> <span class='ocrx_word' id='word_1_331' title='bbox 2128 2026 2194 2054; x_wconf 79' lang='grc' dir='ltr'><strong>ηκε</strong></span> <span class='ocrx_word' id='word_1_332' title='bbox 2199 2026 2260 2050; x_wconf 83' lang='grc' dir='ltr'>υον</span> <span class='ocrx_word' id='word_1_333' title='bbox 2286 2027 2353 2053; x_wconf 78' lang='grc' dir='ltr'><strong>του</strong></span> <span class='ocrx_word' id='word_1_334' title='bbox 2381 2004 2549 2069; x_wconf 75' lang='grc' dir='ltr'>ἀγγέλου</span> 
     </span>
    </p>
   </div>
   <div class='ocr_carea' id='block_1_6' title="bbox 268 2079 2570 3767">
    <p class='ocr_par' dir='ltr' id='par_1_6' title="bbox 268 2079 2548 3331">
     <span class='ocr_line' id='line_1_26' title="bbox 325 2079 2548 2173; baseline 0.001 -43"><span class='ocrx_word' id='word_1_335' title='bbox 325 2082 516 2138; x_wconf 74' lang='grc' dir='ltr'>εἰπόντος·</span> <span class='ocrx_word' id='word_1_336' title='bbox 549 2084 708 2150; x_wconf 78' lang='grc' dir='ltr'>ἔρχεται</span> <span class='ocrx_word' id='word_1_337' title='bbox 732 2108 751 2133; x_wconf 89' lang='lat' dir='ltr'><strong>o</strong></span> <span class='ocrx_word' id='word_1_338' title='bbox 782 2083 864 2140; x_wconf 82' lang='grc' dir='ltr'><strong>υἷος</strong></span> <span class='ocrx_word' id='word_1_339' title='bbox 897 2089 964 2135; x_wconf 81' lang='grc' dir='ltr'><strong>τοῧ</strong></span> <span class='ocrx_word' id='word_1_340' title='bbox 986 2089 1083 2134; x_wconf 63' lang='lat' dir='ltr'><strong>&amp;eon</strong></span> <span class='ocrx_word' id='word_1_341' title='bbox 1113 2084 1398 2173; x_wconf 74' lang='grc' dir='ltr'><strong>μελιζόμενος,</strong></span> <span class='ocrx_word' id='word_1_342' title='bbox 1411 2108 1476 2133; x_wconf 75' lang='grc' dir='ltr'><strong>και</strong></span> <span class='ocrx_word' id='word_1_343' title='bbox 1501 2089 1582 2139; x_wconf 76' lang='grc' dir='ltr'><strong>τοῖς</strong></span> <span class='ocrx_word' id='word_1_344' title='bbox 1607 2089 1760 2138; x_wconf 76' lang='grc' dir='ltr'><strong><em>πιστοῖς</em></strong></span> <span class='ocrx_word' id='word_1_345' title='bbox 1794 2083 2070 2146; x_wconf 75' lang='grc' dir='ltr'>διαδιδέμενος·</span> <span class='ocrx_word' id='word_1_346' title='bbox 2097 2079 2183 2132; x_wconf 56' lang='lat' dir='ltr'><strong>ordo:</strong></span> <span class='ocrx_word' id='word_1_347' title='bbox 2209 2084 2336 2133; x_wconf 74' lang='grc' dir='ltr'>τοίνυν</span> <span class='ocrx_word' id='word_1_348' title='bbox 2360 2108 2432 2138; x_wconf 79' lang='grc' dir='ltr'>ττν</span> <span class='ocrx_word' id='word_1_349' title='bbox 2457 2085 2548 2136; x_wconf 77' lang='grc' dir='ltr'>στέ-</span> 
     </span>
     <span class='ocr_line' id='line_1_27' title="bbox 324 2151 2546 2221; baseline -0 -16"><span class='ocrx_word' id='word_1_350' title='bbox 324 2174 395 2218; x_wconf 72' lang='grc' dir='ltr'><strong>γῆν</strong></span> <span class='ocrx_word' id='word_1_351' title='bbox 426 2157 497 2208; x_wconf 61' lang='grc' dir='ltr'><strong>τῆς</strong></span> <span class='ocrx_word' id='word_1_352' title='bbox 530 2153 738 2211; x_wconf 79' lang='grc' dir='ltr'><strong>ἐκκλησιας</strong></span> <span class='ocrx_word' id='word_1_353' title='bbox 769 2154 1042 2220; x_wconf 75' lang='grc' dir='ltr'>ἀνεῳγμενην,</span> <span class='ocrx_word' id='word_1_354' title='bbox 1068 2178 1132 2204; x_wconf 83' lang='grc' dir='ltr'><strong>και</strong></span> <span class='ocrx_word' id='word_1_355' title='bbox 1166 2177 1233 2205; x_wconf 89' lang='grc' dir='ltr'>τον</span> <span class='ocrx_word' id='word_1_356' title='bbox 1265 2176 1424 2220; x_wconf 80' lang='grc' dir='ltr'>ουρανον</span> <span class='ocrx_word' id='word_1_357' title='bbox 1449 2151 1689 2221; x_wconf 71' lang='grc' dir='ltr'>φαινέμενον·</span> <span class='ocrx_word' id='word_1_358' title='bbox 1713 2178 1780 2202; x_wconf 77' lang='grc' dir='ltr'><strong>και</strong></span> <span class='ocrx_word' id='word_1_359' title='bbox 1813 2157 1978 2207; x_wconf 78' lang='grc' dir='ltr'>ἕκαστος</span> <span class='ocrx_word' id='word_1_360' title='bbox 2009 2153 2101 2219; x_wconf 74' lang='grc' dir='ltr'><strong>λόγο</strong></span> <span class='ocrx_word' id='word_1_361' title='bbox 2085 2178 2123 2208; x_wconf 89' lang='grc' dir='ltr'><strong>ς</strong></span> <span class='ocrx_word' id='word_1_362' title='bbox 2151 2177 2217 2202; x_wconf 83' lang='grc' dir='ltr'><strong>του</strong></span> <span class='ocrx_word' id='word_1_363' title='bbox 2242 2154 2355 2220; x_wconf 73' lang='grc' dir='ltr'>ἁγίου</span> <span class='ocrx_word' id='word_1_364' title='bbox 2386 2160 2546 2220; x_wconf 75' lang='grc' dir='ltr'>εὐαγγε-</span> 
     </span>
     <span class='ocr_line' id='line_1_28' title="bbox 324 2222 2548 2313; baseline 0.004 -42"><span class='ocrx_word' id='word_1_365' title='bbox 324 2222 413 2272; x_wconf 77' lang='grc' dir='ltr'>λίου</span> <span class='ocrx_word' id='word_1_366' title='bbox 444 2224 493 2278; x_wconf 80' lang='grc' dir='ltr'><strong>ὦς</strong></span> <span class='ocrx_word' id='word_1_367' title='bbox 525 2247 606 2292; x_wconf 71' lang='grc' dir='ltr'><strong>συρ</strong></span> <span class='ocrx_word' id='word_1_368' title='bbox 637 2223 813 2290; x_wconf 77' lang='grc' dir='ltr'>ἐγένετο,</span> <span class='ocrx_word' id='word_1_369' title='bbox 845 2224 911 2273; x_wconf 80' lang='grc' dir='ltr'><strong>καὶ</strong></span> <span class='ocrx_word' id='word_1_370' title='bbox 943 2225 1111 2313; x_wconf 66' lang='grc' dir='ltr'>ἔφθανεν</span> <span class='ocrx_word' id='word_1_371' title='bbox 1141 2223 1261 2291; x_wconf 78' lang='grc' dir='ltr'>μέχρι</span> <span class='ocrx_word' id='word_1_372' title='bbox 1293 2228 1360 2272; x_wconf 76' lang='grc' dir='ltr'><strong>τοῦ</strong></span> <span class='ocrx_word' id='word_1_373' title='bbox 1389 2226 1561 2290; x_wconf 72' lang='grc' dir='ltr'>οὐρανοῦ·</span> <span class='ocrx_word' id='word_1_374' title='bbox 1597 2237 1736 2309; x_wconf 86' lang='lat' dir='ltr'><strong>(quae</strong></span> <span class='ocrx_word' id='word_1_375' title='bbox 1766 2241 1864 2278; x_wconf 87' lang='grc'><strong>58111</strong></span> <span class='ocrx_word' id='word_1_376' title='bbox 1891 2238 1981 2291; x_wconf 88' lang='lat' dir='ltr'><strong>ipsa</strong></span> <span class='ocrx_word' id='word_1_377' title='bbox 2010 2238 2140 2279; x_wconf 83' lang='lat' dir='ltr'><strong>sancti</strong></span> <span class='ocrx_word' id='word_1_378' title='bbox 2168 2239 2391 2292; x_wconf 89' lang='lat' dir='ltr'><strong>Sophronii</strong></span> <span class='ocrx_word' id='word_1_379' title='bbox 2420 2239 2548 2281; x_wconf 86' lang='lat' dir='ltr'><strong>verba</strong></span> 
     </span>
     <span class='ocr_line' id='line_1_29' title="bbox 323 2292 2548 2362; baseline 0 -20"><span class='ocrx_word' id='word_1_380' title='bbox 323 2307 437 2362; x_wconf 76' lang='lat' dir='ltr'><strong>apud</strong></span> <span class='ocrx_word' id='word_1_381' title='bbox 467 2320 544 2351; x_wconf 83' lang='lat' dir='ltr'><strong>nos</strong></span> <span class='ocrx_word' id='word_1_382' title='bbox 572 2308 658 2350; x_wconf 76' lang='lat'><strong>100</strong></span> <span class='ocrx_word' id='word_1_383' title='bbox 683 2309 756 2351; x_wconf 74' lang='lat' dir='ltr'><strong>cit</strong></span> <span class='ocrx_word' id='word_1_384' title='bbox 777 2311 789 2362; x_wconf 93' lang='grc'>)</span> <span class='ocrx_word' id='word_1_385' title='bbox 820 2318 886 2344; x_wconf 85' lang='grc' dir='ltr'><strong>και</strong></span> <span class='ocrx_word' id='word_1_386' title='bbox 908 2297 975 2344; x_wconf 83' lang='grc' dir='ltr'><strong>ὅτε</strong></span> <span class='ocrx_word' id='word_1_387' title='bbox 998 2316 1107 2346; x_wconf 86' lang='grc' dir='ltr'>ειπεν</span> <span class='ocrx_word' id='word_1_388' title='bbox 1132 2295 1151 2343; x_wconf 80' lang='grc' dir='ltr'><em>ὃ</em></span> <span class='ocrx_word' id='word_1_389' title='bbox 1174 2295 1337 2353; x_wconf 81' lang='grc' dir='ltr'>διάκων,</span> <span class='ocrx_word' id='word_1_390' title='bbox 1363 2296 1443 2344; x_wconf 74' lang='grc' dir='ltr'>ὅσοι</span> <span class='ocrx_word' id='word_1_391' title='bbox 1467 2316 1729 2358; x_wconf 81' lang='grc' dir='ltr'>κατηχουμενο</span> <span class='ocrx_word' id='word_1_392' title='bbox 1732 2319 1743 2342; x_wconf 92' lang='grc' dir='ltr'><strong><em>ι</em></strong></span> <span class='ocrx_word' id='word_1_393' title='bbox 1775 2292 2010 2362; x_wconf 58' lang='grc' dir='ltr'>προέλθετε,</span> <span class='ocrx_word' id='word_1_394' title='bbox 2036 2292 2135 2343; x_wconf 82' lang='grc' dir='ltr'>εἷόον</span> <span class='ocrx_word' id='word_1_395' title='bbox 2159 2295 2340 2362; x_wconf 61' lang='grc' dir='ltr'>ἄνθρωπε</span> <span class='ocrx_word' id='word_1_396' title='bbox 2344 2318 2364 2344; x_wconf 93' lang='grc' dir='ltr'>ν</span> <span class='ocrx_word' id='word_1_397' title='bbox 2397 2296 2548 2347; x_wconf 77' lang='grc' dir='ltr'>ἑστῶτα</span> 
     </span>
     <span class='ocr_line' id='line_1_30' title="bbox 322 2362 2546 2432; baseline 0.001 -20"><span class='ocrx_word' id='word_1_398' title='bbox 322 2365 478 2424; x_wconf 73' lang='grc' dir='ltr'>μέλανα</span> <span class='ocrx_word' id='word_1_399' title='bbox 509 2388 564 2419; x_wconf 83' lang='grc' dir='ltr'><strong>εις</strong></span> <span class='ocrx_word' id='word_1_400' title='bbox 597 2388 668 2421; x_wconf 87' lang='grc' dir='ltr'><strong>τας</strong></span> <span class='ocrx_word' id='word_1_401' title='bbox 698 2366 814 2431; x_wconf 74' lang='grc' dir='ltr'><strong>ἁγιας</strong></span> <span class='ocrx_word' id='word_1_402' title='bbox 845 2365 966 2419; x_wconf 80' lang='grc' dir='ltr'>πυλας</span> <span class='ocrx_word' id='word_1_403' title='bbox 998 2389 1068 2420; x_wconf 77' lang='grc' dir='ltr'><strong>τγις</strong></span> <span class='ocrx_word' id='word_1_404' title='bbox 1100 2362 1306 2418; x_wconf 81' lang='grc' dir='ltr'>ἑκκλησιοις</span> <span class='ocrx_word' id='word_1_405' title='bbox 1339 2362 1484 2427; x_wconf 81' lang='grc' dir='ltr'>ἔχοντα</span> <span class='ocrx_word' id='word_1_406' title='bbox 1507 2362 1631 2413; x_wconf 80' lang='grc' dir='ltr'>αὐτου</span> <span class='ocrx_word' id='word_1_407' title='bbox 1655 2363 1927 2427; x_wconf 63' lang='grc' dir='ltr'>τεέοὶωμὲνην</span> <span class='ocrx_word' id='word_1_408' title='bbox 1959 2387 2028 2416; x_wconf 85' lang='grc' dir='ltr'>την</span> <span class='ocrx_word' id='word_1_409' title='bbox 2060 2372 2093 2411; x_wconf 76' lang='grc' dir='ltr'><strong>Σ·</strong></span> <span class='ocrx_word' id='word_1_410' title='bbox 2096 2387 2257 2431; x_wconf 82' lang='grc' dir='ltr'>εωριαν,</span> <span class='ocrx_word' id='word_1_411' title='bbox 2282 2388 2356 2427; x_wconf 62' lang='grc' dir='ltr'><strong>και,</strong></span> <span class='ocrx_word' id='word_1_412' title='bbox 2369 2365 2546 2432; x_wconf 71' lang='grc' dir='ltr'>τρῖζοντα</span> 
     </span>
     <span class='ocr_line' id='line_1_31' title="bbox 324 2432 2547 2499; baseline 0.002 -20"><span class='ocrx_word' id='word_1_413' title='bbox 324 2454 410 2484; x_wconf 81' lang='grc' dir='ltr'><strong>τους</strong></span> <span class='ocrx_word' id='word_1_414' title='bbox 441 2433 600 2487; x_wconf 76' lang='grc' dir='ltr'>ὄδόντοις</span> <span class='ocrx_word' id='word_1_415' title='bbox 631 2439 752 2484; x_wconf 71' lang='grc' dir='ltr'>αὐτοῦ</span> <span class='ocrx_word' id='word_1_416' title='bbox 781 2434 844 2486; x_wconf 81' lang='grc' dir='ltr'><strong>ἐπι</strong></span> <span class='ocrx_word' id='word_1_417' title='bbox 876 2457 965 2488; x_wconf 79' lang='grc' dir='ltr'><strong>τους</strong></span> <span class='ocrx_word' id='word_1_418' title='bbox 998 2440 1170 2489; x_wconf 76' lang='grc' dir='ltr'><strong>ἓστωτοις</strong></span> <span class='ocrx_word' id='word_1_419' title='bbox 1202 2438 1259 2488; x_wconf 79' lang='grc' dir='ltr'><strong>εἷς</strong></span> <span class='ocrx_word' id='word_1_420' title='bbox 1285 2456 1353 2484; x_wconf 76' lang='grc' dir='ltr'>την</span> <span class='ocrx_word' id='word_1_421' title='bbox 1379 2433 1496 2497; x_wconf 74' lang='grc' dir='ltr'>αγίαν</span> <span class='ocrx_word' id='word_1_422' title='bbox 1531 2456 1570 2482; x_wconf 83' lang='grc' dir='ltr'><strong>το</strong></span> <span class='ocrx_word' id='word_1_423' title='bbox 1555 2438 1595 2481; x_wconf 78' lang='grc' dir='ltr'>ῧ</span> <span class='ocrx_word' id='word_1_424' title='bbox 1625 2442 1675 2481; x_wconf 65' lang='grc' dir='ltr'><strong>ἓε</strong></span> <span class='ocrx_word' id='word_1_425' title='bbox 1680 2439 1721 2481; x_wconf 61' lang='lat' dir='ltr'><strong>cb</strong></span> <span class='ocrx_word' id='word_1_426' title='bbox 1755 2432 1986 2491; x_wconf 67' lang='grc' dir='ltr'>ἐκκὶησιαν,</span> <span class='ocrx_word' id='word_1_427' title='bbox 2014 2437 2116 2487; x_wconf 77' lang='grc' dir='ltr'><strong>ὅτως</strong></span> <span class='ocrx_word' id='word_1_428' title='bbox 2151 2434 2374 2499; x_wconf 68' lang='grc' dir='ltr'><strong>ἐκβᾶλὶ.ῃ”</strong></span> <span class='ocrx_word' id='word_1_429' title='bbox 2355 2459 2424 2485; x_wconf 86' lang='grc' dir='ltr'>ενα</span> <span class='ocrx_word' id='word_1_430' title='bbox 2457 2439 2547 2485; x_wconf 78' lang='grc' dir='ltr'>ἕκα-</span> 
     </span>
     <span class='ocr_line' id='line_1_32' title="bbox 325 2498 2545 2569; baseline 0.002 -20"><span class='ocrx_word' id='word_1_431' title='bbox 325 2522 415 2549; x_wconf 80' lang='grc' dir='ltr'>στον</span> <span class='ocrx_word' id='word_1_432' title='bbox 447 2504 514 2549; x_wconf 82' lang='grc' dir='ltr'><strong>ἀπ</strong></span> <span class='ocrx_word' id='word_1_433' title='bbox 544 2505 681 2557; x_wconf 74' lang='grc' dir='ltr'><strong>αὐτ-ης·</strong></span> <span class='ocrx_word' id='word_1_434' title='bbox 705 2527 772 2551; x_wconf 86' lang='grc' dir='ltr'><strong>και</strong></span> <span class='ocrx_word' id='word_1_435' title='bbox 803 2524 870 2551; x_wconf 85' lang='grc' dir='ltr'><strong>οτε</strong></span> <span class='ocrx_word' id='word_1_436' title='bbox 902 2498 1009 2551; x_wconf 76' lang='grc' dir='ltr'>εἶπεν</span> <span class='ocrx_word' id='word_1_437' title='bbox 1041 2504 1058 2549; x_wconf 75' lang='grc' dir='ltr'>ὅ</span> <span class='ocrx_word' id='word_1_438' title='bbox 1092 2503 1250 2558; x_wconf 76' lang='grc' dir='ltr'>ὂιάκων,</span> <span class='ocrx_word' id='word_1_439' title='bbox 1276 2525 1331 2563; x_wconf 74' lang='grc' dir='ltr'><strong>μη</strong></span> <span class='ocrx_word' id='word_1_440' title='bbox 1355 2524 1414 2555; x_wconf 87' lang='grc' dir='ltr'><strong>τις</strong></span> <span class='ocrx_word' id='word_1_441' title='bbox 1446 2524 1518 2550; x_wconf 82' lang='grc' dir='ltr'>των</span> <span class='ocrx_word' id='word_1_442' title='bbox 1543 2523 1864 2564; x_wconf 79' lang='grc' dir='ltr'>κατηχουμενων,</span> <span class='ocrx_word' id='word_1_443' title='bbox 1893 2499 1991 2550; x_wconf 79' lang='grc' dir='ltr'>εἰδον</span> <span class='ocrx_word' id='word_1_444' title='bbox 2025 2526 2090 2551; x_wconf 85' lang='grc' dir='ltr'>τον</span> <span class='ocrx_word' id='word_1_445' title='bbox 2121 2525 2216 2566; x_wconf 77' lang='grc' dir='ltr'><em>αγγε</em></span> <span class='ocrx_word' id='word_1_446' title='bbox 2203 2509 2283 2550; x_wconf 63' lang='grc' dir='ltr'>τὶον</span> <span class='ocrx_word' id='word_1_447' title='bbox 2314 2527 2440 2569; x_wconf 71' lang='grc' dir='ltr'>κυριευ</span> <span class='ocrx_word' id='word_1_448' title='bbox 2471 2510 2545 2560; x_wconf 70' lang='grc' dir='ltr'><strong>πῶς</strong></span> 
     </span>
     <span class='ocr_line' id='line_1_33' title="bbox 272 2567 2543 2637; baseline 0.001 -19"><span class='ocrx_word' id='word_1_449' title='bbox 272 2578 274 2580; x_wconf 70' lang='grc'><strong>’</strong></span> <span class='ocrx_word' id='word_1_450' title='bbox 323 2569 599 2632; x_wconf 70' lang='grc' dir='ltr'>συνεπετασθῃ</span> <span class='ocrx_word' id='word_1_451' title='bbox 624 2577 714 2626; x_wconf 71' lang='grc' dir='ltr'><strong>ταῖς</strong></span> <span class='ocrx_word' id='word_1_452' title='bbox 741 2571 922 2636; x_wconf 80' lang='grc' dir='ltr'>πτέρυξιν</span> <span class='ocrx_word' id='word_1_453' title='bbox 948 2573 1086 2629; x_wconf 74' lang='grc' dir='ltr'>αὑτοῦ,</span> <span class='ocrx_word' id='word_1_454' title='bbox 1111 2594 1176 2619; x_wconf 83' lang='grc' dir='ltr'><strong>και</strong></span> <span class='ocrx_word' id='word_1_455' title='bbox 1204 2567 1292 2635; x_wconf 81' lang='grc' dir='ltr'>ᾐρεν</span> <span class='ocrx_word' id='word_1_456' title='bbox 1316 2569 1434 2618; x_wconf 66' lang='lat' dir='ltr'><strong>oum-ev</strong></span> <span class='ocrx_word' id='word_1_457' title='bbox 1467 2591 1519 2622; x_wconf 82' lang='grc' dir='ltr'><strong>εις</strong></span> <span class='ocrx_word' id='word_1_458' title='bbox 1550 2592 1594 2618; x_wconf 88' lang='grc' dir='ltr'><strong>το</strong></span> <span class='ocrx_word' id='word_1_459' title='bbox 1619 2570 1773 2637; x_wconf 75' lang='grc' dir='ltr'>ἑξωτερε</span> <span class='ocrx_word' id='word_1_460' title='bbox 1778 2595 1796 2619; x_wconf 91' lang='grc' dir='ltr'>ν</span> <span class='ocrx_word' id='word_1_461' title='bbox 1821 2575 1913 2636; x_wconf 73' lang='grc' dir='ltr'><strong>πῦρ,</strong></span> <span class='ocrx_word' id='word_1_462' title='bbox 1942 2572 1986 2619; x_wconf 73' lang='grc' dir='ltr'><strong>λέ</strong></span> <span class='ocrx_word' id='word_1_463' title='bbox 1971 2594 2063 2636; x_wconf 66' lang='lat' dir='ltr'><strong>syon)</strong></span> <span class='ocrx_word' id='word_1_464' title='bbox 2097 2575 2168 2620; x_wconf 76' lang='grc' dir='ltr'><strong>αὐτ</strong></span> <span class='ocrx_word' id='word_1_465' title='bbox 2173 2577 2219 2636; x_wconf 81' lang='grc' dir='ltr'><strong>ᾧ·</strong></span> <span class='ocrx_word' id='word_1_466' title='bbox 2245 2572 2284 2622; x_wconf 66' lang='lat' dir='ltr'><strong>‘rc&#39;</strong></span> <span class='ocrx_word' id='word_1_467' title='bbox 2309 2598 2359 2623; x_wconf 86' lang='grc' dir='ltr'><strong>συ</strong></span> <span class='ocrx_word' id='word_1_468' title='bbox 2378 2578 2543 2624; x_wconf 78' lang='grc' dir='ltr'>ἵστασαι</span> 
     </span>
     <span class='ocr_line' id='line_1_34' title="bbox 322 2637 2545 2709; baseline 0.005 -21"><span class='ocrx_word' id='word_1_469' title='bbox 322 2637 418 2699; x_wconf 83' lang='grc' dir='ltr'><strong>ωδε,</strong></span> <span class='ocrx_word' id='word_1_470' title='bbox 443 2663 498 2702; x_wconf 84' lang='grc' dir='ltr'><strong>μη</strong></span> <span class='ocrx_word' id='word_1_471' title='bbox 528 2642 630 2704; x_wconf 86' lang='grc' dir='ltr'>ἔχων</span> <span class='ocrx_word' id='word_1_472' title='bbox 661 2641 809 2709; x_wconf 79' lang='grc' dir='ltr'>ἔνδυμα</span> <span class='ocrx_word' id='word_1_473' title='bbox 839 2638 986 2704; x_wconf 77' lang='grc' dir='ltr'>γάμου,</span> <span class='ocrx_word' id='word_1_474' title='bbox 1016 2638 1193 2690; x_wconf 79' lang='grc' dir='ltr'>τουτέστι</span> <span class='ocrx_word' id='word_1_475' title='bbox 1223 2638 1277 2701; x_wconf 68' lang='grc' dir='ltr'>μῆ</span> <span class='ocrx_word' id='word_1_476' title='bbox 1307 2637 1409 2701; x_wconf 73' lang='grc' dir='ltr'>ἔχων</span> <span class='ocrx_word' id='word_1_477' title='bbox 1440 2638 1634 2698; x_wconf 72' lang='grc' dir='ltr'>ἓξουσιανς</span> <span class='ocrx_word' id='word_1_478' title='bbox 1666 2655 1825 2695; x_wconf 82' lang='lat' dir='ltr'><strong>Etcum</strong></span> <span class='ocrx_word' id='word_1_479' title='bbox 1851 2657 1904 2695; x_wconf 87' lang='lat' dir='ltr'><strong>ad</strong></span> <span class='ocrx_word' id='word_1_480' title='bbox 1928 2661 2098 2695; x_wconf 82' lang='lat' dir='ltr'><strong>sanctum</strong></span> <span class='ocrx_word' id='word_1_481' title='bbox 2126 2658 2368 2708; x_wconf 78' lang='lat' dir='ltr'><strong>evanqelium</strong></span> <span class='ocrx_word' id='word_1_482' title='bbox 2390 2663 2545 2699; x_wconf 79' lang='lat' dir='ltr'><strong>ventum</strong></span> 
     </span>
     <span class='ocr_line' id='line_1_35' title="bbox 322 2725 2542 2778; baseline 0.003 -14"><span class='ocrx_word' id='word_1_483' title='bbox 322 2730 399 2775; x_wconf 83' lang='lat' dir='ltr'><strong>est,</strong></span> <span class='ocrx_word' id='word_1_484' title='bbox 434 2725 570 2765; x_wconf 82' lang='lat' dir='ltr'><strong>audivi</strong></span> <span class='ocrx_word' id='word_1_485' title='bbox 599 2727 782 2778; x_wconf 79' lang='lat' dir='ltr'><strong>anqelum</strong></span> <span class='ocrx_word' id='word_1_486' title='bbox 810 2726 1022 2765; x_wconf 79' lang='lat' dir='ltr'><strong>dicentem.-</strong></span> <span class='ocrx_word' id='word_1_487' title='bbox 1054 2726 1160 2765; x_wconf 78' lang='lat' dir='ltr'><strong>venit</strong></span> <span class='ocrx_word' id='word_1_488' title='bbox 1181 2726 1298 2775; x_wconf 81' lang='lat' dir='ltr'><strong>filius</strong></span> <span class='ocrx_word' id='word_1_489' title='bbox 1330 2725 1407 2764; x_wconf 76' lang='lat' dir='ltr'><strong>Dei</strong></span> <span class='ocrx_word' id='word_1_490' title='bbox 1434 2725 1674 2765; x_wconf 82' lang='lat' dir='ltr'><strong>membratim</strong></span> <span class='ocrx_word' id='word_1_491' title='bbox 1703 2726 1932 2766; x_wconf 79' lang='lat' dir='ltr'><strong>dividendus</strong></span> <span class='ocrx_word' id='word_1_492' title='bbox 1961 2732 1999 2766; x_wconf 90' lang='lat' dir='ltr'><strong>et</strong></span> <span class='ocrx_word' id='word_1_493' title='bbox 2022 2728 2212 2778; x_wconf 78' lang='lat' dir='ltr'><strong>fidelibus</strong></span> <span class='ocrx_word' id='word_1_494' title='bbox 2240 2729 2542 2770; x_wconf 79' lang='lat' dir='ltr'><strong>distribuendus.</strong></span> 
     </span>
     <span class='ocr_line' id='line_1_36' title="bbox 329 2794 2545 2850; baseline 0.002 -15"><span class='ocrx_word' id='word_1_495' title='bbox 329 2795 417 2835; x_wconf 81' lang='lat' dir='ltr'><strong>Vidi</strong></span> <span class='ocrx_word' id='word_1_496' title='bbox 444 2796 576 2847; x_wconf 79' lang='lat' dir='ltr'><strong>itaque</strong></span> <span class='ocrx_word' id='word_1_497' title='bbox 603 2797 782 2836; x_wconf 83' lang='lat' dir='ltr'><strong>eeclesiae</strong></span> <span class='ocrx_word' id='word_1_498' title='bbox 813 2800 953 2835; x_wconf 83' lang='lat' dir='ltr'><strong>tectum</strong></span> <span class='ocrx_word' id='word_1_499' title='bbox 979 2794 1219 2847; x_wconf 84' lang='lat' dir='ltr'><strong>patefactum</strong></span> <span class='ocrx_word' id='word_1_500' title='bbox 1249 2795 1473 2846; x_wconf 71' lang='lat' dir='ltr'><strong>caehemque</strong></span> <span class='ocrx_word' id='word_1_501' title='bbox 1499 2796 1757 2846; x_wconf 73' lang='lat' dir='ltr'><strong>conspicuum.</strong></span> <span class='ocrx_word' id='word_1_502' title='bbox 1791 2797 1845 2835; x_wconf 83' lang='lat' dir='ltr'><strong>Et</strong></span> <span class='ocrx_word' id='word_1_503' title='bbox 1873 2798 2030 2848; x_wconf 78' lang='lat' dir='ltr'><strong>sinqula</strong></span> <span class='ocrx_word' id='word_1_504' title='bbox 2055 2801 2177 2837; x_wconf 85' lang='lat' dir='ltr'><strong>sancti</strong></span> <span class='ocrx_word' id='word_1_505' title='bbox 2206 2800 2400 2850; x_wconf 80' lang='lat' dir='ltr'><strong>evanqelii</strong></span> <span class='ocrx_word' id='word_1_506' title='bbox 2426 2801 2545 2840; x_wconf 86' lang='lat' dir='ltr'><strong>verba</strong></span> 
     </span>
     <span class='ocr_line' id='line_1_37' title="bbox 268 2865 2542 2919; baseline 0.002 -14"><span class='ocrx_word' id='word_1_507' title='bbox 268 2888 275 2891; x_wconf 94' lang='lat'>-</span> <span class='ocrx_word' id='word_1_508' title='bbox 324 2879 394 2906; x_wconf 82' lang='lat' dir='ltr'><strong>eeu</strong></span> <span class='ocrx_word' id='word_1_509' title='bbox 413 2867 581 2918; x_wconf 85' lang='lat' dir='ltr'><strong>flamma</strong></span> <span class='ocrx_word' id='word_1_510' title='bbox 601 2867 757 2916; x_wconf 81' lang='lat' dir='ltr'><strong>fiebant</strong></span> <span class='ocrx_word' id='word_1_511' title='bbox 785 2878 905 2917; x_wconf 80' lang='lat' dir='ltr'><strong>usque</strong></span> <span class='ocrx_word' id='word_1_512' title='bbox 940 2865 994 2904; x_wconf 85' lang='lat' dir='ltr'><strong>ad</strong></span> <span class='ocrx_word' id='word_1_513' title='bbox 1024 2867 1174 2905; x_wconf 85' lang='lat' dir='ltr'><strong>caelum</strong></span> <span class='ocrx_word' id='word_1_514' title='bbox 1207 2865 1426 2904; x_wconf 79' lang='lat' dir='ltr'><strong>ascendens.</strong></span> <span class='ocrx_word' id='word_1_515' title='bbox 1458 2865 1514 2904; x_wconf 84' lang='lat' dir='ltr'><strong>Et</strong></span> <span class='ocrx_word' id='word_1_516' title='bbox 1542 2877 1629 2905; x_wconf 85' lang='lat' dir='ltr'><strong>eum</strong></span> <span class='ocrx_word' id='word_1_517' title='bbox 1657 2866 1761 2905; x_wconf 67' lang='lat' dir='ltr'><strong>dia-it</strong></span> <span class='ocrx_word' id='word_1_518' title='bbox 1795 2867 2000 2906; x_wconf 82' lang='lat' dir='ltr'><strong>diaconus:</strong></span> <span class='ocrx_word' id='word_1_519' title='bbox 2030 2872 2215 2919; x_wconf 77' lang='lat' dir='ltr'><strong>quotquot</strong></span> <span class='ocrx_word' id='word_1_520' title='bbox 2246 2872 2335 2908; x_wconf 80' lang='lat' dir='ltr'><strong>estis</strong></span> <span class='ocrx_word' id='word_1_521' title='bbox 2364 2870 2542 2910; x_wconf 72' lang='lat' dir='ltr'><strong>catechu-</strong></span> 
     </span>
     <span class='ocr_line' id='line_1_38' title="bbox 323 2935 2545 2995; baseline 0.002 -18"><span class='ocrx_word' id='word_1_522' title='bbox 323 2940 446 2987; x_wconf 82' lang='lat' dir='ltr'><strong>meni,</strong></span> <span class='ocrx_word' id='word_1_523' title='bbox 474 2937 681 2987; x_wconf 73' lang='lat' dir='ltr'><strong>discedite;</strong></span> <span class='ocrx_word' id='word_1_524' title='bbox 705 2937 788 2976; x_wconf 84' lang='lat' dir='ltr'><strong>vidi</strong></span> <span class='ocrx_word' id='word_1_525' title='bbox 806 2937 996 2995; x_wconf 74' lang='lat' dir='ltr'><strong>hominem</strong></span> <span class='ocrx_word' id='word_1_526' title='bbox 1023 2938 1180 2987; x_wconf 77' lang='lat' dir='ltr'><strong>niqrum</strong></span> <span class='ocrx_word' id='word_1_527' title='bbox 1204 2938 1245 2975; x_wconf 84' lang='lat' dir='ltr'><strong>in</strong></span> <span class='ocrx_word' id='word_1_528' title='bbox 1272 2936 1414 2976; x_wconf 78' lang='lat' dir='ltr'><strong>sanetis</strong></span> <span class='ocrx_word' id='word_1_529' title='bbox 1441 2936 1620 2975; x_wconf 76' lang='lat' dir='ltr'><strong>ecclesiae</strong></span> <span class='ocrx_word' id='word_1_530' title='bbox 1637 2935 1795 2987; x_wconf 81' lang='lat' dir='ltr'><strong>foribus</strong></span> <span class='ocrx_word' id='word_1_531' title='bbox 1820 2942 2002 2988; x_wconf 82' lang='lat' dir='ltr'><strong>stantem,</strong></span> <span class='ocrx_word' id='word_1_532' title='bbox 2031 2941 2141 2978; x_wconf 84' lang='lat' dir='ltr'><strong>euius</strong></span> <span class='ocrx_word' id='word_1_533' title='bbox 2163 2944 2250 2978; x_wconf 88' lang='lat' dir='ltr'><strong>erat</strong></span> <span class='ocrx_word' id='word_1_534' title='bbox 2271 2952 2431 2991; x_wconf 75' lang='lat' dir='ltr'><strong>prorsus</strong></span> <span class='ocrx_word' id='word_1_535' title='bbox 2459 2946 2545 2982; x_wconf 88' lang='lat' dir='ltr'><strong>ater</strong></span> 
     </span>
     <span class='ocr_line' id='line_1_39' title="bbox 321 3007 2544 3060; baseline 0.002 -14"><span class='ocrx_word' id='word_1_536' title='bbox 321 3011 518 3059; x_wconf 79' lang='lat' dir='ltr'><strong>aspectus,</strong></span> <span class='ocrx_word' id='word_1_537' title='bbox 542 3007 726 3047; x_wconf 80' lang='lat' dir='ltr'><strong>dentibus</strong></span> <span class='ocrx_word' id='word_1_538' title='bbox 745 3011 826 3047; x_wconf 82' lang='lat' dir='ltr'><strong>suis</strong></span> <span class='ocrx_word' id='word_1_539' title='bbox 853 3007 1078 3046; x_wconf 75' lang='lat' dir='ltr'><strong>stridentem</strong></span> <span class='ocrx_word' id='word_1_540' title='bbox 1101 3007 1283 3046; x_wconf 78' lang='lat' dir='ltr'><strong>adversus</strong></span> <span class='ocrx_word' id='word_1_541' title='bbox 1309 3007 1397 3046; x_wconf 78' lang='lat' dir='ltr'><strong>illos</strong></span> <span class='ocrx_word' id='word_1_542' title='bbox 1424 3009 1493 3057; x_wconf 84' lang='lat' dir='ltr'><strong>qui</strong></span> <span class='ocrx_word' id='word_1_543' title='bbox 1520 3007 1563 3046; x_wconf 77' lang='lat' dir='ltr'><strong>in</strong></span> <span class='ocrx_word' id='word_1_544' title='bbox 1589 3007 1746 3046; x_wconf 76' lang='lat' dir='ltr'><strong>ecclesia</strong></span> <span class='ocrx_word' id='word_1_545' title='bbox 1768 3008 1843 3046; x_wconf 83' lang='lat' dir='ltr'><strong>Dei</strong></span> <span class='ocrx_word' id='word_1_546' title='bbox 1869 3008 2140 3059; x_wconf 79' lang='lat' dir='ltr'><strong>consistebant,</strong></span> <span class='ocrx_word' id='word_1_547' title='bbox 2168 3013 2213 3048; x_wconf 86' lang='lat' dir='ltr'><strong>ut</strong></span> <span class='ocrx_word' id='word_1_548' title='bbox 2237 3011 2410 3060; x_wconf 74' lang='lat' dir='ltr'><strong>sinqutos</strong></span> <span class='ocrx_word' id='word_1_549' title='bbox 2436 3013 2544 3052; x_wconf 84' lang='lat' dir='ltr'><strong>vide-</strong></span> 
     </span>
     <span class='ocr_line' id='line_1_40' title="bbox 323 3077 2543 3130; baseline 0.001 -12"><span class='ocrx_word' id='word_1_550' title='bbox 323 3079 412 3118; x_wconf 86' lang='lat' dir='ltr'><strong>licet</strong></span> <span class='ocrx_word' id='word_1_551' title='bbox 440 3078 530 3118; x_wconf 82' lang='lat' dir='ltr'><strong>inde</strong></span> <span class='ocrx_word' id='word_1_552' title='bbox 564 3079 792 3130; x_wconf 78' lang='lat' dir='ltr'><strong>expelleret.</strong></span> <span class='ocrx_word' id='word_1_553' title='bbox 829 3079 1000 3129; x_wconf 77' lang='lat' dir='ltr'><strong>Cumque</strong></span> <span class='ocrx_word' id='word_1_554' title='bbox 1033 3077 1139 3116; x_wconf 72' lang='lat' dir='ltr'><strong>dixit</strong></span> <span class='ocrx_word' id='word_1_555' title='bbox 1170 3077 1378 3116; x_wconf 72' lang='lat' dir='ltr'><strong>diaconus:</strong></span> <span class='ocrx_word' id='word_1_556' title='bbox 1410 3089 1457 3117; x_wconf 85' lang='lat' dir='ltr'><strong>ne</strong></span> <span class='ocrx_word' id='word_1_557' title='bbox 1490 3078 1577 3128; x_wconf 77' lang='lat' dir='ltr'><strong>quis</strong></span> <span class='ocrx_word' id='word_1_558' title='bbox 1608 3078 1938 3128; x_wconf 78' lang='lat' dir='ltr'><strong>catechumenus;·</strong></span> <span class='ocrx_word' id='word_1_559' title='bbox 1955 3079 2040 3117; x_wconf 79' lang='lat' dir='ltr'><strong>vidi</strong></span> <span class='ocrx_word' id='word_1_560' title='bbox 2071 3080 2252 3130; x_wconf 74' lang='lat' dir='ltr'><strong>anqelum</strong></span> <span class='ocrx_word' id='word_1_561' title='bbox 2279 3081 2438 3120; x_wconf 77' lang='lat' dir='ltr'><strong>Domini</strong></span> <span class='ocrx_word' id='word_1_562' title='bbox 2469 3083 2543 3122; x_wconf 78' lang='lat' dir='ltr'><strong>alis</strong></span> 
     </span>
     <span class='ocr_line' id='line_1_41' title="bbox 321 3149 2535 3204; baseline 0.002 -15"><span class='ocrx_word' id='word_1_563' title='bbox 321 3151 402 3189; x_wconf 78' lang='lat' dir='ltr'><strong>suis</strong></span> <span class='ocrx_word' id='word_1_564' title='bbox 430 3149 695 3199; x_wconf 80' lang='lat' dir='ltr'><strong>advolantem,</strong></span> <span class='ocrx_word' id='word_1_565' title='bbox 724 3149 796 3200; x_wconf 75' lang='lat' dir='ltr'><strong>qui</strong></span> <span class='ocrx_word' id='word_1_566' title='bbox 819 3153 950 3188; x_wconf 87' lang='lat' dir='ltr'><strong>atrum</strong></span> <span class='ocrx_word' id='word_1_567' title='bbox 973 3149 1084 3188; x_wconf 81' lang='lat' dir='ltr'><strong>illum</strong></span> <span class='ocrx_word' id='word_1_568' title='bbox 1110 3153 1327 3200; x_wconf 80' lang='lat' dir='ltr'><strong>correptum</strong></span> <span class='ocrx_word' id='word_1_569' title='bbox 1352 3149 1463 3187; x_wconf 75' lang='lat' dir='ltr'><strong>eiecit</strong></span> <span class='ocrx_word' id='word_1_570' title='bbox 1485 3151 1526 3188; x_wconf 83' lang='lat' dir='ltr'><strong>in</strong></span> <span class='ocrx_word' id='word_1_571' title='bbox 1554 3151 1679 3199; x_wconf 79' lang='lat' dir='ltr'><strong>iqnem</strong></span> <span class='ocrx_word' id='word_1_572' title='bbox 1706 3151 1936 3189; x_wconf 77' lang='lat' dir='ltr'><strong>exteriorem</strong></span> <span class='ocrx_word' id='word_1_573' title='bbox 1960 3150 2113 3189; x_wconf 79' lang='lat' dir='ltr'><strong>dicens:</strong></span> <span class='ocrx_word' id='word_1_574' title='bbox 2139 3162 2211 3189; x_wconf 84' lang='lat' dir='ltr'><strong>cur</strong></span> <span class='ocrx_word' id='word_1_575' title='bbox 2233 3150 2318 3190; x_wconf 74' lang='lat' dir='ltr'><strong>heic</strong></span> <span class='ocrx_word' id='word_1_576' title='bbox 2344 3153 2535 3204; x_wconf 59' lang='lat' dir='ltr'><strong>commas,</strong></span> 
     </span>
     <span class='ocr_line' id='line_1_42' title="bbox 322 3219 1435 3270; baseline -0.001 -11"><span class='ocrx_word' id='word_1_577' title='bbox 322 3232 396 3259; x_wconf 87' lang='lat' dir='ltr'><strong>non</strong></span> <span class='ocrx_word' id='word_1_578' title='bbox 425 3219 568 3258; x_wconf 75' lang='lat' dir='ltr'><strong>habens</strong></span> <span class='ocrx_word' id='word_1_579' title='bbox 595 3223 735 3258; x_wconf 80' lang='lat' dir='ltr'><strong>vestem</strong></span> <span class='ocrx_word' id='word_1_580' title='bbox 763 3220 1000 3270; x_wconf 73' lang='lat' dir='ltr'><strong>nuptialem,</strong></span> <span class='ocrx_word' id='word_1_581' title='bbox 1033 3219 1075 3258; x_wconf 70' lang='lat' dir='ltr'><strong>id</strong></span> <span class='ocrx_word' id='word_1_582' title='bbox 1099 3223 1156 3258; x_wconf 83' lang='lat' dir='ltr'><strong>est</strong></span> <span class='ocrx_word' id='word_1_583' title='bbox 1177 3221 1435 3269; x_wconf 83' lang='lat' dir='ltr'><strong>potestatem?</strong></span> 
     </span>
     <span class='ocr_line' id='line_1_43' title="bbox 1293 3289 1568 3331; baseline 0 -1"><span class='ocrx_word' id='word_1_584' title='bbox 1293 3289 1465 3331; x_wconf 85' lang='lat' dir='ltr'>IMAGO</span> <span class='ocrx_word' id='word_1_585' title='bbox 1494 3289 1568 3330; x_wconf 82' lang='lat' dir='ltr'><strong>vl.</strong></span> 
     </span>
    </p>

    <p class='ocr_par' dir='ltr' id='par_1_7' title="bbox 325 3342 2570 3767">
     <span class='ocr_line' id='line_1_44' title="bbox 436 3342 2537 3415; baseline 0.005 -20"><span class='ocrx_word' id='word_1_586' title='bbox 436 3349 488 3395; x_wconf 88' lang='lat' dir='ltr'><strong>‘H</strong></span> <span class='ocrx_word' id='word_1_587' title='bbox 513 3342 660 3411; x_wconf 70' lang='grc' dir='ltr'>μεγάλη</span> <span class='ocrx_word' id='word_1_588' title='bbox 687 3346 854 3403; x_wconf 72' lang='grc' dir='ltr'><strong>εἴσοδος,</strong></span> <span class='ocrx_word' id='word_1_589' title='bbox 887 3359 1068 3399; x_wconf 78' lang='lat' dir='ltr'><strong>introitus</strong></span> <span class='ocrx_word' id='word_1_590' title='bbox 1097 3373 1276 3411; x_wconf 79' lang='lat' dir='ltr'><strong>maqnus.</strong></span> <span class='ocrx_word' id='word_1_591' title='bbox 1311 3359 1488 3400; x_wconf 81' lang='lat' dir='ltr'><strong>Goarius</strong></span> <span class='ocrx_word' id='word_1_592' title='bbox 1517 3371 1562 3412; x_wconf 87' lang='lat' dir='ltr'><strong>p.</strong></span> <span class='ocrx_word' id='word_1_593' title='bbox 1594 3359 1687 3400; x_wconf 88' lang='grc'><strong>113.</strong></span> <span class='ocrx_word' id='word_1_594' title='bbox 1712 3360 1789 3400; x_wconf 82' lang='lat' dir='ltr'><strong>ita:</strong></span> <span class='ocrx_word' id='word_1_595' title='bbox 1821 3378 1837 3394; x_wconf 75' lang='grc' dir='ltr'><strong>«ι</strong></span> <span class='ocrx_word' id='word_1_596' title='bbox 1863 3359 2028 3414; x_wconf 85' lang='lat' dir='ltr'><strong>Duplex</strong></span> <span class='ocrx_word' id='word_1_597' title='bbox 2050 3360 2248 3403; x_wconf 84' lang='lat' dir='ltr'><strong>introitus</strong></span> <span class='ocrx_word' id='word_1_598' title='bbox 2269 3366 2353 3415; x_wconf 71' lang='lat' dir='ltr'><strong>est3</strong></span> <span class='ocrx_word' id='word_1_599' title='bbox 2377 3364 2537 3415; x_wconf 84' lang='lat' dir='ltr'><strong>minor,</strong></span> 
     </span>
     <span class='ocr_line' id='line_1_45' title="bbox 336 3428 2540 3486; baseline 0.002 -15"><span class='ocrx_word' id='word_1_600' title='bbox 336 3451 350 3465; x_wconf 90' lang='lat'>»</span> <span class='ocrx_word' id='word_1_601' title='bbox 386 3443 472 3485; x_wconf 92' lang='lat' dir='ltr'><strong>quo</strong></span> <span class='ocrx_word' id='word_1_602' title='bbox 505 3428 790 3482; x_wconf 81' lang='lat' dir='ltr'><strong>cvangelinm3</strong></span> <span class='ocrx_word' id='word_1_603' title='bbox 821 3429 981 3481; x_wconf 88' lang='lat' dir='ltr'><strong>maior,</strong></span> <span class='ocrx_word' id='word_1_604' title='bbox 1005 3441 1091 3483; x_wconf 92' lang='lat' dir='ltr'><strong>quo</strong></span> <span class='ocrx_word' id='word_1_605' title='bbox 1121 3441 1238 3470; x_wconf 83' lang='lat' dir='ltr'><strong>sacra</strong></span> <span class='ocrx_word' id='word_1_606' title='bbox 1269 3428 1379 3470; x_wconf 87' lang='lat' dir='ltr'><strong>dona</strong></span> <span class='ocrx_word' id='word_1_607' title='bbox 1410 3428 1740 3480; x_wconf 84' lang='lat' dir='ltr'><strong>(consecranda)</strong></span> <span class='ocrx_word' id='word_1_608' title='bbox 1771 3428 1822 3470; x_wconf 85' lang='lat' dir='ltr'><strong>ad</strong></span> <span class='ocrx_word' id='word_1_609' title='bbox 1852 3429 1979 3471; x_wconf 84' lang='lat' dir='ltr'><strong>altare</strong></span> <span class='ocrx_word' id='word_1_610' title='bbox 2012 3430 2272 3485; x_wconf 81' lang='lat' dir='ltr'><strong>inferuntur3</strong></span> <span class='ocrx_word' id='word_1_611' title='bbox 2298 3432 2341 3474; x_wconf 90' lang='lat' dir='ltr'><strong>in</strong></span> <span class='ocrx_word' id='word_1_612' title='bbox 2367 3434 2540 3486; x_wconf 85' lang='lat' dir='ltr'><strong>privatis</strong></span> 
     </span>
     <span class='ocr_line' id='line_1_46' title="bbox 333 3497 2540 3555; baseline 0.001 -14"><span class='ocrx_word' id='word_1_613' title='bbox 333 3520 348 3535; x_wconf 74' lang='grc' dir='ltr'><strong>ι»</strong></span> <span class='ocrx_word' id='word_1_614' title='bbox 383 3499 552 3555; x_wconf 90' lang='lat' dir='ltr'><strong>quidem</strong></span> <span class='ocrx_word' id='word_1_615' title='bbox 577 3498 756 3550; x_wconf 83' lang='lat' dir='ltr'><strong>liturgiis</strong></span> <span class='ocrx_word' id='word_1_616' title='bbox 787 3510 810 3539; x_wconf 89' lang='grc'><strong>8</strong></span> <span class='ocrx_word' id='word_1_617' title='bbox 843 3497 1023 3539; x_wconf 86' lang='grc'><strong>(1180080</strong></span> <span class='ocrx_word' id='word_1_618' title='bbox 1052 3502 1094 3539; x_wconf 87' lang='grc'><strong>81</strong></span> <span class='ocrx_word' id='word_1_619' title='bbox 1115 3497 1355 3550; x_wconf 85' lang='lat' dir='ltr'><strong>sacerdote,</strong></span> <span class='ocrx_word' id='word_1_620' title='bbox 1379 3498 1422 3539; x_wconf 93' lang='lat' dir='ltr'><strong>in</strong></span> <span class='ocrx_word' id='word_1_621' title='bbox 1453 3497 1789 3540; x_wconf 89' lang='lat' dir='ltr'><strong>sollemnioribus</strong></span> <span class='ocrx_word' id='word_1_622' title='bbox 1810 3511 1834 3539; x_wconf 88' lang='grc'><strong>8</strong></span> <span class='ocrx_word' id='word_1_623' title='bbox 1854 3499 2086 3541; x_wconf 84' lang='lat' dir='ltr'><strong>celebrante</strong></span> <span class='ocrx_word' id='word_1_624' title='bbox 2117 3500 2330 3555; x_wconf 87' lang='lat' dir='ltr'><strong>pontifice.</strong></span> <span class='ocrx_word' id='word_1_625' title='bbox 2363 3502 2540 3544; x_wconf 65' lang='lat' dir='ltr'><strong>Pontifi÷</strong></span> 
     </span>
     <span class='ocr_line' id='line_1_47' title="bbox 333 3567 2540 3626; baseline 0.001 -14"><span class='ocrx_word' id='word_1_626' title='bbox 333 3588 350 3606; x_wconf 71' lang='grc' dir='ltr'><strong><em>ι</em></strong></span> <span class='ocrx_word' id='word_1_627' title='bbox 385 3583 474 3612; x_wconf 84' lang='grc'><strong>08111</strong></span> <span class='ocrx_word' id='word_1_628' title='bbox 496 3570 624 3623; x_wconf 88' lang='lat' dir='ltr'><strong>longo</strong></span> <span class='ocrx_word' id='word_1_629' title='bbox 645 3569 844 3610; x_wconf 87' lang='lat' dir='ltr'><strong>comitatu</strong></span> <span class='ocrx_word' id='word_1_630' title='bbox 863 3571 906 3608; x_wconf 90' lang='lat' dir='ltr'><strong>et</strong></span> <span class='ocrx_word' id='word_1_631' title='bbox 925 3567 1147 3622; x_wconf 90' lang='lat' dir='ltr'><strong>multiplici</strong></span> <span class='ocrx_word' id='word_1_632' title='bbox 1177 3571 1381 3621; x_wconf 86' lang='lat' dir='ltr'><strong>apparatu</strong></span> <span class='ocrx_word' id='word_1_633' title='bbox 1402 3579 1557 3622; x_wconf 89' lang='lat' dir='ltr'><strong>pompa</strong></span> <span class='ocrx_word' id='word_1_634' title='bbox 1576 3567 1788 3622; x_wconf 88' lang='lat' dir='ltr'><strong>praecedit</strong></span> <span class='ocrx_word' id='word_1_635' title='bbox 1817 3573 1898 3610; x_wconf 90' lang='lat' dir='ltr'><strong>etc.</strong></span> <span class='ocrx_word' id='word_1_636' title='bbox 1931 3588 1946 3604; x_wconf 74' lang='grc' dir='ltr'><strong>υ</strong></span> <span class='ocrx_word' id='word_1_637' title='bbox 1974 3570 2077 3612; x_wconf 88' lang='lat' dir='ltr'><strong>Heic</strong></span> <span class='ocrx_word' id='word_1_638' title='bbox 2099 3583 2199 3613; x_wconf 89' lang='lat' dir='ltr'><strong>vero</strong></span> <span class='ocrx_word' id='word_1_639' title='bbox 2220 3576 2283 3613; x_wconf 90' lang='lat' dir='ltr'><strong>est</strong></span> <span class='ocrx_word' id='word_1_640' title='bbox 2303 3572 2540 3626; x_wconf 88' lang='lat' dir='ltr'><strong>compendii</strong></span> 
     </span>
     <span class='ocr_line' id='line_1_48' title="bbox 325 3637 2539 3695; baseline 0.002 -14"><span class='ocrx_word' id='word_1_641' title='bbox 325 3652 449 3682; x_wconf 85' lang='lat' dir='ltr'><strong>causa</strong></span> <span class='ocrx_word' id='word_1_642' title='bbox 477 3639 678 3682; x_wconf 85' lang='lat' dir='ltr'><strong>diaconus</strong></span> <span class='ocrx_word' id='word_1_643' title='bbox 708 3650 801 3680; x_wconf 91' lang='lat' dir='ltr'><strong>cum</strong></span> <span class='ocrx_word' id='word_1_644' title='bbox 829 3638 985 3689; x_wconf 80' lang='lat' dir='ltr'><strong>cere0,</strong></span> <span class='ocrx_word' id='word_1_645' title='bbox 1004 3641 1164 3679; x_wconf 82' lang='lat' dir='ltr'><strong>ceteros</strong></span> <span class='ocrx_word' id='word_1_646' title='bbox 1190 3638 1298 3679; x_wconf 90' lang='lat' dir='ltr'><strong>enim</strong></span> <span class='ocrx_word' id='word_1_647' title='bbox 1329 3638 1539 3679; x_wconf 89' lang='lat' dir='ltr'><strong>ministros</strong></span> <span class='ocrx_word' id='word_1_648' title='bbox 1566 3637 1934 3692; x_wconf 85' lang='lat' dir='ltr'><strong>subintelligendos</strong></span> <span class='ocrx_word' id='word_1_649' title='bbox 1964 3641 2102 3694; x_wconf 88' lang='lat' dir='ltr'><strong>pictor</strong></span> <span class='ocrx_word' id='word_1_650' title='bbox 2129 3641 2313 3695; x_wconf 88' lang='lat' dir='ltr'><strong>reliquit.</strong></span> <span class='ocrx_word' id='word_1_651' title='bbox 2345 3643 2539 3685; x_wconf 82' lang='lat' dir='ltr'><strong>Pontifex</strong></span> 
     </span>
     <span class='ocr_line' id='line_1_49' title="bbox 326 3706 2570 3767; baseline 0.004 -20"><span class='ocrx_word' id='word_1_652' title='bbox 326 3715 479 3752; x_wconf 82' lang='lat' dir='ltr'><strong>ornatu</strong></span> <span class='ocrx_word' id='word_1_653' title='bbox 511 3722 588 3752; x_wconf 92' lang='lat' dir='ltr'><strong>suo</strong></span> <span class='ocrx_word' id='word_1_654' title='bbox 622 3713 665 3751; x_wconf 87' lang='lat' dir='ltr'><strong>et</strong></span> <span class='ocrx_word' id='word_1_655' title='bbox 698 3706 943 3762; x_wconf 88' lang='lat' dir='ltr'><strong>subgenuali</strong></span> <span class='ocrx_word' id='word_1_656' title='bbox 973 3706 1214 3759; x_wconf 84' lang='lat' dir='ltr'><strong>distinctus,</strong></span> <span class='ocrx_word' id='word_1_657' title='bbox 1245 3711 1370 3762; x_wconf 89' lang='lat' dir='ltr'><strong>porta</strong></span> <span class='ocrx_word' id='word_1_658' title='bbox 1405 3707 1576 3761; x_wconf 86' lang='lat' dir='ltr'><strong>obliqua</strong></span> <span class='ocrx_word' id='word_1_659' title='bbox 1606 3709 1743 3750; x_wconf 82' lang='lat' dir='ltr'><strong>exiens</strong></span> <span class='ocrx_word' id='word_1_660' title='bbox 1775 3714 1962 3762; x_wconf 87' lang='lat' dir='ltr'><strong>gestatur</strong></span> <span class='ocrx_word' id='word_1_661' title='bbox 1996 3710 2048 3752; x_wconf 88' lang='lat' dir='ltr'><strong>ab</strong></span> <span class='ocrx_word' id='word_1_662' title='bbox 2080 3711 2258 3765; x_wconf 75' lang='lat' dir='ltr'><strong>augeliS,</strong></span> <span class='ocrx_word' id='word_1_663' title='bbox 2291 3711 2344 3754; x_wconf 90' lang='lat' dir='ltr'><strong>de</strong></span> <span class='ocrx_word' id='word_1_664' title='bbox 2376 3724 2460 3767; x_wconf 87' lang='lat' dir='ltr'><strong>qua</strong></span> <span class='ocrx_word' id='word_1_665' title='bbox 2493 3725 2538 3754; x_wconf 90' lang='lat' dir='ltr'><strong>re</strong></span> <span class='ocrx_word' id='word_1_666' title='bbox 2557 3724 2570 3737; x_wconf 53' lang='lat'><strong>¹²</strong></span> 
     </span>
    </p>
   </div>
   <div class='ocr_carea' id='block_1_7' title="bbox 325 3775 2536 3836">
    <p class='ocr_par' dir='ltr' id='par_1_8' title="bbox 325 3775 2536 3836">
     <span class='ocr_line' id='line_1_50' title="bbox 325 3775 2536 3836; baseline 0.001 -21"><span class='ocrx_word' id='word_1_667' title='bbox 325 3775 407 3819; x_wconf 84' lang='lat' dir='ltr'><strong>iam</strong></span> <span class='ocrx_word' id='word_1_668' title='bbox 431 3779 607 3824; x_wconf 81' lang='lat' dir='ltr'><strong>diximus</strong></span> <span class='ocrx_word' id='word_1_669' title='bbox 637 3781 678 3822; x_wconf 90' lang='lat' dir='ltr'><strong>in</strong></span> <span class='ocrx_word' id='word_1_670' title='bbox 708 3779 828 3822; x_wconf 83' lang='lat' dir='ltr'><strong>tertia</strong></span> <span class='ocrx_word' id='word_1_671' title='bbox 858 3778 1032 3833; x_wconf 88' lang='lat' dir='ltr'><strong>pictura.</strong></span> <span class='ocrx_word' id='word_1_672' title='bbox 1064 3778 1166 3820; x_wconf 81' lang='lat' dir='ltr'><strong>Heic</strong></span> <span class='ocrx_word' id='word_1_673' title='bbox 1195 3790 1296 3820; x_wconf 88' lang='lat' dir='ltr'><strong>vero</strong></span> <span class='ocrx_word' id='word_1_674' title='bbox 1327 3780 1566 3822; x_wconf 86' lang='lat' dir='ltr'><strong>nominatim</strong></span> <span class='ocrx_word' id='word_1_675' title='bbox 1597 3780 1825 3822; x_wconf 87' lang='lat' dir='ltr'><strong>Germanus</strong></span> <span class='ocrx_word' id='word_1_676' title='bbox 1848 3780 2065 3835; x_wconf 88' lang='lat' dir='ltr'><strong>liturgicus</strong></span> <span class='ocrx_word' id='word_1_677' title='bbox 2093 3781 2218 3825; x_wconf 86' lang='lat' dir='ltr'><strong>dicit:</strong></span> <span class='ocrx_word' id='word_1_678' title='bbox 2254 3791 2536 3836; x_wconf 72' lang='grc' dir='ltr'>συνεισπορευο-</span> 
     </span>
    </p>
   </div>
  </div>
 </body>
</html>
