2970 4420
1248 264 1311 299 na·
1335 265 1517 315 κιαι-ιβ.
1551 259 1572 280 ·
1706 219 1709 223 «
2453 247 2516 295 33

255 354 480 419 πολλοὶ,
517 355 603 410 εἶτ’
630 351 727 410 ὀὖν
762 353 1117 427 ἀληθέστερον
1156 355 1312 411 εἰπεῖν
1351 355 1662 414 &Min-oruc
1696 350 1762 405 τοὶ
1797 350 1893 406 τῶν
1929 347 2110 403 ωοίλαι
2148 348 2233 404 καὶ
2271 350 2531 423 σήμερον,’

256 427 482 488 zai-‘3032‘
513 453 562 486 τι
599 430 683 488 καὶ
726 428 1054 502 ἐπιτήδευμα
1087 432 1536 508 ωροῦργίαιτατον
1574 424 1907 503 ἔξησκηκότες
1945 420 2295 501 διοέίμακροῦ,
2333 427 2386 480 ἐκ
2420 428 2515 480 τοῦ

255 507 484 570 πλείονος
515 506 568 562 δὲ
601 505 691 583 κᾷν
718 506 881 582 τούτῳ
920 505 1045 583 δρᾷν
1079 511 1144 580 τῇ
1178 509 1379 584 ἱστορίᾳ
1412 504 1734 584 προθεμένων
1767 504 1834 558 τοὶ
1866 502 2163 577 πρόσφορα,
2193 502 2258 575 μὴ
2292 501 2337 556 δ’
2374 504 2515 575 ὑπερ-

256 585 494 658 βοίθμιον
528 582 668 639 πόδα.
699 589 874 640 τείνειν
909 574 1270 658 ἦγαπηκοίτων,
1300 583 1329 640 5?
1365 583 1497 647 ὅλως
1529 581 1649 646 τοὺς
1683 580 1878 654 ἄξονας
1911 581 2069 641 αὐτῆς
2100 579 2512 653 ὑπεράλλεσθαι·
2556 609 2564 612 ·

258 660 382 736 ὑπὲρ
420 661 523 738 γὰρ
561 659 691 717 ἅπαν
729 658 893 734 ἕτερον
920 662 976 716 τὸ
1014 663 1080 734 μὴ
1110 662 1197 721 τὴν
1227 661 1411 735 φράσιν
1448 661 1677 723 ἁπλοῦν,
1706 660 1772 722 ὥς
1804 656 1908 728 ἔχω
1945 657 2101 711 εἰπεῖν
2131 655 2214 710 καὶ
2246 656 2518 731 πρόχειρον

259 740 332 801 εἷς
365 738 692 809 κατάληψιν,
723 740 855 810 αὐτῇ
891 736 1262 806 διαβέβληται·
1291 738 1374 810 ’qai
1414 737 1662 812 ᾖγοιπῆθη
1693 734 1785 798 ἕως
1816 731 2017 808 σφόδρα
2044 733 2101 788 τὸ
2138 732 2402 806 ἄκομψον,
2432 733 2515 786 καὶ

257 817 324 879 ὥς
361 814 484 887 ἔχον
522 814 716 881 φύσεως
748 813 1112 889 διηγούμενον,
1142 815 1226 870 καὶ
1262 812 1536 887 δαιμονίως
1563 812 1624 869 ‘ro‘
1653 811 1900 871 εὔληπτον
1927 810 2336 886 περιπτύσσεται·
2364 808 2519 870 τέλος

256 893 362 968 γὰρ
402 891 783 964 σκοπιμώτατον
816 893 903 948 τὴν
940 891 1199 951 ἀλήθειαν
1237 890 1463 962 ἔχουσα,
1492 889 1581 946 καὶ
1615 891 1702 953 τῆς
1730 913 1781 944 τε
1811 889 2082 964 ῥητορικῆς
2111 884 2398 949 δεινότητος
2434 886 2516 940 καὶ

255 971 342 1032 τῆς
377 971 654 1032 ποιητικῆς
689 966 1003 1042 λογοποιΐας
1038 969 1310 1035 οἷφεστῶσα
1346 967 1477 1023 κατὰ
1514 967 1785 1042 διάμετρον
1822 986 1912 1024 etc.
1951 976 2022 1023 An
2059 976 2150 1023 dici
2188 977 2338 1039 potuit
2375 991 2401 1021 e
2434 976 2521 1020 tri-

257 1045 382 1108 pode
422 1045 805 1109 perplexibilius,
849 1055 925 1092 aut
967 1061 992 1092 a
1031 1045 1342 1108 Lycophrone
1381 1046 1431 1090 in
1470 1044 1654 1106 linguae
1696 1058 1886 1106 graecae
1924 1041 2201 1089 amOenitate
2243 1040 2521 1087 horridius?

255 1123 377 1168 Hinc
407 1122 489 1169 ille
522 1138 627 1169 cum
663 1122 777 1169 haec
811 1112 1021 1185 lessisset,
1049 1124 1146 1169 sive
1182 1121 1447 1168 Alexander
1481 1121 1819 1183 chartophylax
1852 1121 2075 1166 diaconus
2109 1117 2522 1180 constantinopoli-

258 1207 422 1253 tanus,
449 1201 546 1247 sive
578 1201 684 1262 quis
717 1201 858 1254 alius,
887 1215 982 1247 non
1017 1199 1208 1262 illepide
1242 1199 1506 1246 adnotavit:
2133 1186 2136 1190 ⁴

684 1280 794 1333 Οὔκ
831 1275 955 1333 οἶδα
987 1284 1044 1332 τί
1075 1277 1168 1343 φὴς
1207 1275 1394 1332 ἐνθάδε
1418 1276 1717 1333 ’Χωνειοίτα·

684 1355 852 1422 Σοφὸν
886 1357 943 1411 τὸ
982 1355 1139 1420 σαφὲς
1177 1353 1504 1430 συγγράφειν
1537 1350 1670 1408 εἶναι
1708 1353 1925 1421 λέγεις’,

682 1430 817 1486 Εἶτα
851 1429 1092 1507 γριφώδη
1130 1432 1213 1485 καὶ
1255 1428 1573 1506 &apoc-3905&
1607 1429 1842 1505 γροίφεις.
1879 1445 2079 1504 Nempe:

681 1507 811 1563 Ouid
841 1507 945 1554 heic
978 1507 1135 1558 dicas,
1165 1525 1193 1553 o
1229 1507 1488 1565 Clzonc‘ata,
1516 1506 1688 1557 nescio,

608 1635 611 1638 ,
681 1585 929 1631 Orationis
963 1584 1177 1631 lucidum
1201 1574 1386 1648 'probas
1420 1585 1585 1634 decus,

684 1661 1021 1709 Tenebricosus·
1049 1662 1205 1708 instar
1238 1662 1337 1726 ipse
1371 1661 1592 1709 tartari.¹

256 1742 360 1787 Non
394 1741 455 1786 ita
491 1749 644 1787 tamen
678 1755 863 1802 semper
895 1742 1088 1794 insanit,
1116 1749 1169 1786 ut
1203 1740 1456 1802 aliquando
1489 1756 1584 1786 non
1619 1742 1666 1785 in
1701 1748 1906 1786 mentem
1941 1728 2123 1791 redeat,
2154 1754 2260 1784 cum
2285 1753 2422 1800 saepe
2455 1753 2521 1783 se<-

256 1819 361 1879 pius
383 1826 430 1864 et
448 1814 733 1864 'amoenitate
757 1817 1042 1872 dic-tionum,-
1064 1827 1110 1864 et
1137 1818 1393 1879 figurarum
1411 1818 1658 1870 suavitate,
1683 1806 2108 1878 sententiarumque
2126 1817 2360 1878 ingeniosa
2385 1814 2521 1861 uber-

257 1903 349 1941 tate
382 1895 556 1949 valeat,
585 1903 632 1940 et
664 1895 770 1941 sine·
797 1896 1018 1957 strepitu,
1045 1904 1091 1942 et
1125 1897 1433 1942 concitatione
1466 1895 1634 1941 leniter
1667 1895 1796 1941 fluat.

383 1973 515 2018 Hanc
549 1972 791 2019 historiam
823 1973 966 2019 latine
998 1973 1204 2020 reddidit
1236 1974 1551 2034 Hieronymus
1586 1972 1814 2025 Wolfius‚
1850 1973 2004 2019 fusum
2039 1973 2164 2018 illius
2199 1988 2249 2018 ac
2285 1973 2520 2033 prolixum

255 2049 441 2096 dicendi
465 2065 612 2111 genus
628 2050 810 2104 vitans,
838 2057 884 2096 et
907 2051 955 2096 in
982 2052 1312 2099 contractiores
1337 2052 1562 2097 terminos
1586 2050 1892 2103 contrahens;
1919 2058 1965 2096 et
1995 2050 2285 2112 potissimum
2308 2050 2355 2096 in
2382 2048 2521 2095 rebus

254 2127 378 2179 illis)
413 2142 614 2188 quarum
648 2128 926 2187 sententiam
960 2143 1056 2174 non
1091 2143 1426 2190 usquequaque
1459 2129 1720 2190 assequitur
1741 2164 1751 2182 ,
1788 2125 2117 2190 expressioque
2152 2143 2246 2173 non
2280 2129 2342 2172 ita
2376 2126 2522 2172 facilis

255 2212 381 2257 erat,
409 2205 660 2251 sententias
693 2207 897 2252 auctoris
931 2206 1220 2268 appendere,
1257 2205 1495 2268 verbaque
1529 2222 1837 2253 annumerare
1871 2221 2057 2252 necesse
2091 2221 2185 2252 non
2221 2203 2400 2251 habuit.
2435 2206 2524 2250 Ve-

237 2289 362 2327 ‘rum
394 2281 469 2335 id,
494 2290 547 2327 ut
579 2281 661 2328 ille
694 2282 829 2336 facit,
856 2283 904 2328 in
939 2269 1038 2329 fido
1069 2284 1324 2346 interprete
1359 2275 1647 2330 laudandum
1685 2284 2027 2336 nonvidetur,
2055 2285 2136 2345 qui
2170 2283 2277 2328 licet
2311 2297 2405 2328 non
2439 2281 2523 2347 de-

256 2357 362 2405 beat
395 2374 665 2406 mensurare
694 2358 865 2413 verba,
894 2368 1098 2406 attamen
1133 2360 1330 2407 modum
1363 2361 1604 2414 dictionis,
1632 2369 1678 2407 et
1712 2369 1870 2407 notam
1906 2361 2064 2422 aliquo
2098 2361 2237 2407 etiam
2270 2359 2439 2411 modo,
2479 2367 2523 2404 et
2587 2375 2592 2378 ⁶

255 2435 608 2490 ubi-commode
633 2435 734 2482 fieri
760 2445 936 2499 potest,
965 2437 1079 2483 dum
1112 2438 1332 2484 transfert
1362 2447 1736 2501 repraesentare,
1766 2447 1904 2500 atque
1929 2447 1980 2484 ut
2004 2440 2064 2484 ita
2091 2437 2250 2484 dicam'
2275 2452 2385 2499 prae
2411 2452 2523 2482 ocu-

255 2514 313 2559 lis
348 2517 523 2575 ponere
552 2513 708 2560 debet.
746 2513 952 2561 Wolfius
978 2514 1166 2561 duobus
1197 2514 1436 2562 codicibus
1460 2532 1572 2563 usus
1602 2525 1693 2569 est,
1721 2531 1925 2578 quorum
1957 2517 2152 2562 alterum
2185 2515 2372 2560 Antonii
2402 2516 2523 2574 Fug-

256 2592 377 2651 geri,
406 2591 604 2637 alterum
640 2591 799 2637 herilis
834 2589 1117 2638 bibliotheca
1153 2593 1494 2655 suppeditavit,
1527 2593 1699 2656 quibus
1736 2594 1924 2640 tandem
1961 2595 2148 2640 accessit
2183 2594 2343 2638 tertius
2379 2599 2520 2653 augu'-

256 2676 412 2713 stanae
446 2666 788 2720 bibliothecae,
826 2678 1033 2716 vetustus
1074 2670 1328 2716 admodum
1371 2672 1452 2717 sed
1490 2673 1722 2734 principio
1757 2680 1803 2717 et
1839 2671 1930 2717 fine
1962 2672 2177 2722 mutilus,
2212 2686 2297 2715 nec
2330 2669 2521 2730 reliquis

256 2745 467 2806 partibus
501 2743 675 2806 ubique
710 2746 974 2792 incolumis.
1013 2743 1296 2807 Obscuriora
1331 2749 1460 2800 loca,
1489 2758 1533 2795 et
1565 2750 1714 2795 varias
1749 2750 1970 2795 lectiones
1996 2748 2249 2794 subiunxit.
2288 2746 2420 2791 Edita
2453 2754 2521 2790 est

258 2823 450 2868 historia
475 2824 682 2874 Nicetae,
711 2831 903 2868 curante
927 2824 1134 2870 Antonio
1158 2826 1373 2886 Fuggero
1398 2841 1561 2887 graece
1582 2837 1627 2871 et
1655 2816 1927 2872 latine‘cum
1951 2827 2330 2887 interpretatione
2355 2821 2517 2870 Wolfii

254 2899 457 2945 Basileae
491 2898 617 2961 apud
649 2899 910 2960 Oporinum
943 2901 990 2944 in
1019 2899 1134 2946 folio
1169 2916 1293 2946 anno
1322 2902 1472 2953 1557,
1501 2910 1546 2948 et
1572 2917 1731 2948 recusa
1759 2904 1805 2947 in
1832 2904 1878 2948 [ι.
1909 2903 2034 2964 apud
2070 2901 2263 2947 heredes
2297 2899 2519 2945 Eustathii

254 2978 471 3039 Vignonii
493 2991 621 3022 ¹anno
649 2977 788 3021 1593.
819 2978 1094 3023 Possevinus
1125 2979 1173 3022 in
1205 2987 1430 3039 apparatu
1455 2975 1638 3024 scribit:
1670 2979 1872 3026 Wolfius
1902 2996 1994 3024 non
2020 2979 2140 3024 satis
2166 2994 2337 3041 graece
2370 2975 2519 3021 sciens

259 3055 388 3101 illius
415 3055 645 3118 interpres
669 3071 764 3099 non
781 3054 942 3115 facile
967 3042 1296 3100 admittendus
1320 3067 1387 3100 est
1413 3055 1494 3116 (l).
1533 3057 1719 3116 Legitur
1743 3066 1785 3101 et
1812 3057 2122 3117 manuscripta
2147 3057 2195 3100 in
2224 3053 2519 3100 bibliothecis

254 3134 460 3178 vaticana
477 3167 488 3184 ‚
511 3133 637 3193 regia
662 3131 909 3185 lutetiam,
933 3133 1057 3194 regia
1083 3133 1227 3178 sancti
1248 3133 1506 3186 Laurentii,
1527 3140 1571 3178 et
1594 3132 1721 3178 alibi.
1747 3134 1868 3179 Scias
1892 3141 2153 3195 praeterea,
2175 3132 2344 3194 lector,
2365 3146 2520 3193 quem-

256 3209 510 3255 admodum
540 3209 755 3255 historias
781 3211 940 3255 Annae
965 3210 1252 3261 Comnenae‚
1281 3218 1326 3256 et
1348 3211 1533 3271 Georgii
1561 3210 1880 3271 Acropolitae,
1909 3218 1961 3255 ut
1985 3210 2138 3254 minus
2161 3206 2407 3254 laboriosis
2431 3207 2519 3254 ho-

255 3285 459 3332 minibus
492 3301 672 3332 morem
707 3296 913 3348 gereret,
951 3288 1234 3349 quicumque
1268 3287 1348 3333 ille
1385 3287 1469 3333 fuit
1503 3287 1789 3339 decurtavit,
1826 3295 1871 3333 et
1905 3289 1951 3332 in
1994 3288 2280 3348 angustiores
2316 3287 2483 3332 limites
2504 3322 2514 3338 ,

255 3378 373 3425 quae
405 3363 474 3409 illi
509 3363 791 3410 videbantur
826 3365 1104 3427 prolixiora,
1142 3374 1189 3410 et
1221 3366 1377 3410 minus
1411 3366 1663 3411 necessaria
1694 3363 1970 3410 subtrahens
2003 3364 2255 3415 conclusit,
2285 3366 2346 3410 ita
2379 3365 2515 3410 etiarn

255 3441 495 3487 historiam
529 3441 781 3488 Choniatae
817 3451 1139 3504 pertractasse,
1178 3458 1235 3488 ne
1270 3442 1421 3488 dicam
1457 3442 1717 3493 mutilasse,
1754 3456 1895 3503 quam
1927 3457 2034 3502 *cum
2071 3434 2389 3488 aliisduobus
2421 3457 2517 3487 uno

255 3519 492 3564 volumine
524 3519 796 3580 complexus
830 3528 914 3565 est.
953 3520 1123 3566 Confer
1157 3535 1182 3565 a
1216 3517 1353 3566 nobis
1387 3520 1558 3565 editam
1594 3519 1890 3580 Acropolitae
1915 3534 2019 3564 cum
2045 3519 2171 3564 illius
2203 3518 2514 3581 compendio,

339 3661 388 3701 (1)
411 3646 540 3696 wotflt
564 3664 710 3697 curtam
727 3660 940 3708 graecitatis
957 3637 1227 3707 supellectilem
1244 3671 1313 3697 nos
1337 3670 1483 3708 quoque
1508 3660 1743 3707 coarguimus
1759 3660 1797 3696 in
1815 3659 2116 3715 adnotationibus
2135 3662 2271 3698 nostris
2290 3660 2336 3698 ad
2354 3661 2515 3708 Ephrae-

257 3717 374 3753 mium
400 3717 724 3766 chronographum
748 3719 882 3767 script.
902 3724 972 3757 vet.
1000 3721 1044 3756 T.
1063 3720 1131 3755 111.
1150 3725 1244 3766 part.
1267 3724 1300 3755 1.
1329 3729 1389 3767 pp.
1413 3723 1494 3756 116.
1515 3724 1552 3755 et
1571 3723 1650 3755 171.
1678 3719 1912 3767 Quamquam
1936 3719 2038 3768 quod
2061 3721 2196 3757 attinet
2221 3716 2268 3756 ad
2294 3722 2491 3769 ὁποψήφιον
2505 3747 2514 3762 ,

258 3776 353 3813 male
378 3787 398 3812 a
422 3777 560 3814 Wolfio
583 3778 838 3824 intellectum,
855 3778 895 3816 id
920 3779 994 3816 iam
1020 3778 1135 3816 fuisse
1159 3778 1398 3835 emendatum
1423 3778 1470 3815 ab
1494 3778 1634 3815 Allatio
1661 3783 1782 3826 postea
1809 3780 2047 3827 cognovimus
2072 3780 2110 3816 in
2137 3779 2250 3827 praef.
2276 3779 2323 3816 ad
2348 3785 2512 3826 excerpta

256 3835 459 3872 rhetorum.
485 3839 531 3873 A.
557 3837 609 3874 M.
1442 3836 1447 3861 ¹
2362 3851 2369 3855 “

2259 3911 2279 3942 5
