2970 4420
1222 260 1278 291 »Β
1309 257 1493 292 mcn‘nS.
2434 250 2491 296 19

245 346 396 394 benda
429 345 529 393 est?
553 345 634 391 uni
666 359 725 392 ne
758 344 1082 392 tantummodo
1116 345 1356 400 Sambuci,
1388 346 1537 394 relato
1569 343 1628 392 ab
1661 344 2048 407 epitomatoribus
2080 347 2292 402 Gesneri,
2326 366 2383 398 an
2421 361 2502 400 tot

245 424 478 490 aliis-,qui
510 421 646 468 nobis
678 423 884 469 Nicetam
917 421 1209 485 praefigunt?
1241 425 1298 470 Et
1321 425 1359 470 si
1383 424 1600 472 attentius
1623 421 1764 468 verba
1798 423 2160 483 epitomatorum
2194 410 2500 475 considerenss

247 509 354 553 tur,
382 515 478 547 non
511 498 650 546 nobis
682 498 1073 562 olympiodorum
1106 508 1343 547 auctorem
1378 509 1564 547 catenae
1587 499 1723 550 dant,
1751 492 1832 545 sed
1867 514 2011 545 unum
2046 515 2103 546 ex
2130 501 2209 553 iis,
2242 517 2296 547 ex
2330 505 2501 564 quibus

250 576 649 639 interpretationes
673 574 780 622 illae
804 575 1023 623 collectae
1056 585 1179 623 sunt.
1217 579 1286 623 En
1309 575 1471 625 verba.
1510 574 1840 640 Olympioderi
1861 587 1907 621 et
1931 575 2138 622 aliorum
2161 577 2385 641 piissima
2419 597 2504 626 ca-

249 665 359 698 tena
384 652 435 699 in
459 651 566 703 10b,
596 652 647 698 in
672 651 954 698 bibliotheca
985 652 1227 700 Sambuci.
1263 654 1320 700 Ni
1355 653 1469 700 alios
1492 668 1680 716 quoque
1704 660 1916 699 auctores
1940 661 2125 700 catenae
2150 663 2360 701 auctores
2383 655 2500 702 sub-

249 731 438 776 stituere
461 729 673 776 velimus,
710 730 766 774 Et
791 745 896 775 cum
922 729 1178 777 Comitolus
1198 729 1343 783 dicat,
1371 729 1661 776 diversorum
1688 729 2039 792 exemplarium
2062 742 2277 776 auctores
2306 747 2402 776 esse
2426 733 2503 777 di-

250 823 423 857 versos,
447 806 572 853 unde
595 821 704 852 nam
728 806 808 852 ille
831 805 996 853 habuit
1018 807 1065 852 in
1091 805 1389 853 sambuciano
1411 806 1497 853 illo
1520 807 1678 853 codice
1703 815 1908 853 catenam
1936 821 1961 852 a
1984 822 2032 853 se
2055 821 2259 860 versam,
2287 817 2332 854 et
2356 825 2417 870 qu
2430 824 2505 856 am

250 883 591 947 Olympiodoro
622 885 723 946 ipse
748 883 978 937 vindicat,
996 891 1051 930 ·et
1074 899 1170 930 non
1193 883 1329 930 aliam
1356 891 1493 945 atque
1516 884 1772 937 diversam,
1800 884 2060 930 contineri?
2094 885 2244 938 Quare
2266 886 2499 932 inshuius-

249 960 378 1008 modi
412 962 701 1015 coniectura,
728 961 795 1008 rei
827 959 998 1007 dubiae
1030 961 1254 1007 maiorem
1280 959 1420 1007 fidem
1456 961 1630 1007 faciunt
1654 961 1811 1024 plures
1846 961 2053 1014 codiceS‚
2082 962 2332 1024 pluresque
2368 973 2505 1011 testes

251 1037 470 1084 firmioris
503 1038 788 1084 auctoritatis
821 1045 1110 1100 reputantur.
1147 1037 1269 1092 Quid
1303 1039 1341 1084 si
1374 1038 1764 1100 Olympiodorum
1801 1038 1958 1084 nullus
1991 1038 2109 1085 alius
2150 1041 2276 1086 testis
2297 1075 2308 1093 ‚
2346 1042 2502 1088 nullus

251 1115 445 1162 huiusce
475 1115 876 1166 commentationis
899 1113 1051 1161 foetus
1072 1113 1214 1166 alius,
1243 1115 1450 1160 Nicetam
1483 1125 1638 1162 autem
1672 1116 1758 1162 hae
1781 1123 1824 1162 et
1851 1117 1896 1161 in
1924 1115 2039 1161 alios
2064 1131 2219 1162 sacrae
2252 1118 2505 1179 scripturae

251 1191 422 1245 libros,
451 1192 695 1254 perplures
730 1191 1025 1239 collectiones
1058 1191 1302 1237 accusant?
1335 1194 1395 1237 At
1428 1193 1612 1238 Nicetae
1645 1193 1776 1238 stilus
1809 1209 1914 1239 curn
1952 1193 2052 1239 aliis
2076 1191 2298 1256 operibus
2321 1196 2505 1242 Nicetae

251 1286 346 1317 non
381 1272 625 1316 consentit.
663 1270 777 1316 Cum
810 1269 967 1315 nullus
999 1268 1075 1315 hic
1107 1277 1346 1321 cernatur,
1375 1285 1536 1315 verum
1571 1278 1663 1323 est;
1700 1279 1807 1316 sunt
1840 1271 1963 1317 enim
1991 1270 2190 1317 aliorum
2223 1273 2503 1333 scriptorum

250 1349 504 1394 sententiae
528 1347 800 1393 eorumdem
824 1345 979 1393 verbis
1006 1347 1267 1408 expositae,
1295 1345 1369 1392 vel
1394 1345 1680 1407 quandoque
1704 1348 1839 1393 etiam
1866 1348 2160 1400 decurtatae,
2185 1349 2232 1394 in
2257 1364 2352 1409 quo
2375 1349 2504 1395 nulla

251 1433 376 1471 certa
409 1425 502 1471 stili
534 1426 654 1471 ratio
688 1424 880 1470 formari
916 1431 1082 1487 potest.
1120 1423 1339 1479 Quamvis
1372 1424 1421 1469 in
1456 1422 1556 1469 aliis
1590 1425 1683 1469 suis
1717 1426 1924 1486 scriptis,
1952 1425 1998 1469 in
2024 1424 2195 1486 quibus
2227 1413 2502 1489 λογοειδὲς

250 1501 437 1547 dicendi
467 1517 613 1564 genus
645 1510 872 1554 sectatur,
899 1517 995 1548 non
1027 1502 1262 1563 inelegans
1285 1503 1367 1554 sit,
1394 1500 1481 1568 sed·
1500 1502 1682 1563 gravis,
1709 1501 1959 1554 facundus,
1988 1511 2033 1548 et
2060 1502 2223 1563 plenus
2247 1504 2498 1548 sententiis.

250 1582 308 1625 At
342 1578 418 1624 bic
447 1580 494 1625 in
529 1580 830 1641 inscriptione
853 1579 968 1626 nihil
991 1594 1162 1641 purum
1187 1580 1376 1632 retinet,
1404 1577 1520 1624 nibil
1547 1593 1735 1640 graecae
1759 1579 1942 1639 linguae
1967 1575 2272 1625 domesticum
2297 1591 2498 1626 resonat.

250 1657 362 1710 Quis
395 1645 444 1703 id
478 1657 571 1704 ait?
604 1658 692 1702 Res
726 1657 851 1718 ipsa,
878 1657 917 1701 si
950 1656 1182 1702 Comitolo
1206 1655 1439 1702 credimus
1469 1656 1573 1701 viro
1597 1656 1644 1700 in
1670 1657 1842 1716 graecis
1876 1656 2020 1702 literis
2046 1657 2375 1703 versatissimo.
2413 1651 2502 1699 Ni-

250 1721 379 1779 κῆτα
411 1733 536 1779 enim
569 1732 688 1778 illud
722 1747 813 1794 pro
846 1723 1075 1780 Νικητοῢ
1106 1747 1203 1778 non
1237 1732 1422 1778 videtur
1445 1747 1470 1777 e
1493 1732 1903 1793 grammaticorum
1938 1732 2114 1778 schola.
2151 1734 2205 1778 Et
2232 1743 2384 1780 tamen
2413 1750 2500 1795 pu-

249 1825 355 1854 rum
379 1808 704 1856 hellenismum
742 1817 893 1855 sonat.
930 1810 1112 1855 Nomen
1144 1809 1268 1855 enim
1301 1808 1419 1854 illud
1448 1808 1545 1855 fere
1576 1809 1623 1854 in
1647 1807 1867 1854 omnibus
1901 1810 2038 1855 etiam
2072 1798 2408 1871 antiquioribus
2442 1811 2504 1856 ita

249 1888 540 1932 enunciatur.
577 1887 698 1932 Hinc
732 1885 926 1947 legitur:
966 1872 1226 1949 συναΓωγη
1259 1873 1552 1949 ἐξηγησεων
1586 1875 1657 1936 εἷς
1689 1874 1746 1928 τὸ
1786 1874 1917 1929 κατοὶ
1946 1876 2150 1930 Λουκαν
2182 1873 2317 1950 πάρα
2352 1876 2503 1933 Νικη-

248 1976 316 2006 τα
349 1950 602 2008 διακόνου.
636 1950 837 2010 Νικήτα
871 1952 1071 2025 Σεῤῥοῖν
1105 1952 1175 2014 εἷς
1208 1951 1495 2047 Γρηγόριον
1529 1950 1613 2007 τὸν
1650 1950 1935 2045 θεολόγον.
1972 1952 2166 2009 Νικήτα
2197 1952 2502 2027 μονάζοντος

249 2054 337 2084 «του
371 2027 636 2087 Στκθοίτου
673 2029 744 2090 εἷς
773 2028 832 2083 τὸ
867 2034 1080 2095 βιβλίον
1109 2053 1208 2085 των
1245 2027 1382 2084 θείων
1419 2025 1596 2100 ὕμνων.
1630 2026 1829 2086 Nimia-a
1859 2030 1954 2082 τοῦ
1982 2027 2267 2102 βυζαντίω
2302 2029 2503 2087 Νικῆτα

250 2108 347 2160 τοῦ
377 2104 686 2173 φιλοσόφου.
719 2115 812 2161 Et'
800 2131 849 2161 in
874 2115 1010 2162 editis
1034 2116 1242 2163 conciliis
1269 2117 1502 2168 romanis,
1531 2115 1591 2161 de
1617 2116 1711 2162 vita
1738 2116 1881 2161 sancti
1917 2117 2099 2176 ignatii.
2138 2106 2411 2178 συνεΓράφκ
2443 2105 2497 2161 δὲ

249 2183 383 2258 παρὰ
417 2182 611 2241 Νικῆτα
646 2180 839 2236 δούλου
867 2182 1042 2240 Ἰησοῦ
1073 2183 1316 2256 Χριστοὸ.
1352 2194 1424 2239 Sic
1458 2194 1598 2239 etiam
1631 2192 1873 2254 vulgatum
1907 2202 2000 2246 est,
2038 2181 2235 2240 Νικῆτα
2266 2184 2360 2237 τοῦ
2394 2188 2501 2237 Χω-

224 2260 442 2315 ’νιοίτοιμ
476 2271 534 2316 Et
571 2272 620 2316 in
659 2270 949 2332 expositione
981 2285 1143 2332 graeca
1178 2271 1439 2316 carminum
1480 2271 1688 2330 Gregorii
1729 2271 2022 2322 Nazianzeni‚
2060 2259 2258 2314 Νικῆτα
2293 2259 2503 2323 φιλοσό-

253 2353 381 2401 φου,
411 2338 505 2391 τοῦ
538 2335 621 2391 καὶ
663 2334 838 2390 Δαυὶὸ
868 2336 1114 2410 ἑρμηνεία.
1150 2348 1334 2393 Possem
1360 2347 1500 2393 etiam
1523 2346 1704 2393 infinita
1730 2347 1817 2393 alia
1842 2363 1896 2393 ex
1935 2348 2161 2393 historicis
2194 2346 2394 2399 referre,
2421 2348 2503 2408 qui
2571 2377 2576 2380 -

250 2425 436 2471 Nicetae
455 2438 627 2470 nomen
650 2424 699 2469 in
722 2423 927 2470 secundo
956 2438 1065 2470 casu
1086 2425 1149 2470 ita
1174 2423 1400 2478 efferunt,
1429 2439 1580 2486 neque
1604 2433 1851 2486 propterea
1878 2434 2061 2487 praeter
2085 2425 2331 2486 puritatem
2354 2426 2502 2486 graeci

253 2502 481 2550 sermonis
518 2502 701 2548 locutos
733 2515 814 2547 eos
848 2500 988 2546 fuisse
1026 2501 1192 2563 aliquis
1230 2502 1504 2548 criminatus
1533 2509 1617 2547 est.
1655 2503 1725 2550 An
1763 2517 1876 2563 ergo
1911 2510 1977 2547 tot
2019 2510 2230 2547 auctores
2269 2500 2331 2547 ob
2370 2503 2503 2548 unius

252 2577 459 2639 syllabae
481 2578 603 2624 male
627 2579 823 2640 scriptae
845 2579 892 2623 in
920 2579 1024 2640 ipso
1048 2578 1209 2632 titulo,
1241 2579 1334 2625 suis
1356 2579 1700 2625 commentariis
1731 2578 1962 2640 spoliandi
1986 2579 2124 2624 sunt?
2159 2581 2223 2624 De
2243 2580 2397 2625 Niceta
2424 2579 2503 2624 he-

255 2655 500 2708 racleensi,
524 2663 571 2700 et
593 2655 653 2700 de
678 2654 764 2701 hac
790 2663 948 2701 catena
975 2656 1302 2702 tantummodo
1325 2655 1370 2701 id
1392 2655 1642 2702 decernere
1657 2690 1668 2708 ‚
1696 2656 1755 2701 de
1780 2656 1878 2700 aliis
1902 2671 1996 2701 non
2019 2657 2154 2707 item,
2180 2645 2337 2716 λ’ἷῖρος
2367 2656 2502 2717 plane

254 2741 400 2784 esset,
438 2717 527 2774 καῖ
562 2718 708 2774 Οὖδέν
742 2720 908 2793 ὑγιές·
944 2732 1080 2787 Quod
1105 2734 1143 2778 si
1161 2734 1341 2779 Nicetas
1361 2732 1469 2778 ideo
1491 2747 1547 2778 ex
1570 2732 1655 2778 hac
1678 2741 1835 2778 catena
1858 2732 2233 2778 eXterminandus
2255 2741 2347 2784 est,
2373 2732 2501 2793 quod

254 2811 303 2855 in
335 2806 640 2855 exscribendo
664 2808 714 2852 in
739 2807 1052 2854 declinatione
1083 2817 1323 2869 peccatum
1353 2818 1448 2859 est,
1478 2808 1670 2854 sortasse
1701 2810 1838 2853 etiam
1871 2809 2235 2870 Olympiodorus
2257 2808 2502 2854 eiiciendus

254 2903 311 2932 ex
345 2887 435 2932 hoc
457 2885 623 2932 eodem
651 2900 796 2946 opere
821 2893 891 2931 est
907 2919 919 2937 ‚
945 2886 1076 2931 cuius
1106 2901 1276 2932 nomen
1299 2887 1347 2932 in
1373 2886 1751 2932 emendatissimo
1777 2887 2057 2948 exemplari,
2084 2886 2211 2947 quod
2236 2887 2394 2931 asserit
2422 2879 2501 2931 Pa-

257 2965 416 3011 tricius
447 2963 631 3015 lunius,
658 2970 922 3008 constanter
953 2971 1000 3008 et
1026 2978 1110 3024 per
1133 2964 1289 3009 omnia
1315 2964 1377 3009 ita
1398 2964 1620 3024 scriptum
1653 2964 1908 3024 reperitur,
1936 2964 2038 3025 lege
2072 2964 2418 3024 compositionis
2454 2971 2502 3008 ut

258 3041 466 3094 videtur,
494 3041 629 3087 aliter
657 3039 941 3102 postulante,
970 3054 1054 3102 per
1087 3053 1124 3082 ω
1159 3040 1206 3086 in
1231 3040 1592 3102 antepenultima
1621 3042 1895 3102 exprimitur
1922 3027 2379 3102 Ὀλυμπιωὸώρου.
2415 3041 2500 3086 Sed

257 3121 426 3166 nimius
456 3119 570 3180 ipse.
590 3134 692 3164 sum
724 3118 774 3163 in
802 3116 1031 3164 similibus
1064 3117 1336 3163 referendis.

385 3196 578 3258 Reliqua
603 3195 818 3242 Comitoli
841 3195 1104 3241 videantur.
1129 3194 1360 3241 Sollemne
1385 3193 1470 3240 fuit
1497 3209 1684 3256 graecae
1714 3195 1889 3241 nationi
1918 3194 2187 3240 adulterinis
2209 3196 2329 3240 notis
2356 3194 2502 3241 libros

257 3288 518 3335 aspergere.
556 3273 621 3320 Sit
642 3280 819 3318 certum
844 3281 980 3333 atque
1008 3271 1345 3324 indubitatum,
1375 3286 1524 3332 neque
1547 3272 1670 3317 enim
1695 3286 1818 3317 nunc
1843 3286 1931 3332 ego
1954 3285 2143 3332 graecae
2172 3272 2371 3317 nationis
2393 3287 2499 3317 cau-

256 3364 361 3395 sam
387 3363 492 3410 ago.
529 3349 651 3404 Quid
685 3363 799 3410 ergo
823 3348 932 3395 inde
955 3349 1196 3410 sequitur?
1230 3350 1352 3409 Ergo
1375 3355 1419 3393 et
1445 3347 1535 3392 hoc
1559 3361 1747 3408 quoque
1771 3361 1966 3399 nomen,
1992 3361 2124 3393 eraso
2146 3362 2260 3393 vero
2290 3355 2499 3401 auctore,

259 3434 444 3472 catenae
467 3424 796 3488 praefixerunt.
834 3426 936 3471 Hoc
966 3440 1077 3471 vero
1111 3423 1403 3486 probandum
1436 3433 1528 3475 est,
1559 3432 1611 3469 ut
1642 3424 1688 3469 in
1713 3423 1935 3485 exemplis
1957 3423 2106 3470 allatis
2139 3423 2200 3470 de
2228 3425 2427 3485 Cyrillo‚
2457 3433 2503 3470 et

258 3503 458 3565 Origene
485 3501 735 3565 probatur.»
757 3504 916 3564 Neque
941 3511 1187 3564 propterea
1212 3501 1367 3548 licebit
1391 3500 1646 3553 Comitolo‚
1669 3500 1807 3562 pulso
1830 3501 1985 3547 Niceta
2001 3534 2012 3553 ,
2039 3500 2182 3547 alium
2203 3500 2496 3547 substituere.

258 3580 374 3625 Tum
398 3581 525 3626 enim
561 3588 607 3626 et
636 3581 683 3626 in
710 3578 843 3626 libris
874 3594 1061 3642 quoque
1094 3578 1246 3624 latinis
1280 3578 1326 3623 id
1363 3578 1510 3624 facere
1545 3592 1633 3639 pro
1661 3576 1856 3624 libidine
1886 3578 2245 3640 uniuscuiusque
2276 3577 2502 3624 concede-

263 3663 416 3709 retur;
453 3671 584 3710 cum,
610 3665 662 3702 ut
693 3657 774 3703 ille
809 3658 896 3709 ait,
927 3655 1205 3702 dissimulari
1240 3671 1334 3701 non
1370 3656 1538 3717 possit.
1569 3655 1715 3701 multa
1746 3655 2037 3716 Hieronymo
2071 3669 2164 3701 non
2198 3656 2497 3715 Hieronymi,

262 3732 520 3792 Augustino
547 3734 692 3780 multa
717 3734 946 3796 adscripta
971 3749 1068 3780 esse
1092 3749 1185 3779 non
1217 3733 1477 3794 Augustini.
1516 3733 1634 3778 Hinc
1661 3731 1908 3779 concludet
1932 3733 2088 3780 nescio
2114 3733 2217 3793 quis
2243 3733 2379 3794 plane
2407 3748 2500 3777 non

263 3807 471 3863 dissimili
504 3819 805 3871 argumento:
842 3827 954 3874 ergo
989 3819 1143 3858 catena
1177 3825 1295 3872 quae
1327 3818 1501 3872 prostat
1535 3808 1622 3857 sub
1657 3811 1846 3857 nomine
1879 3809 1974 3857 divi
2009 3810 2208 3856 Thomae
2241 3810 2495 3871 aquinatis,
