2970 4420
1267 235 1323 267 mi
1355 235 1534 268 moeris.
2494 221 2522 264 9

413 332 593 380 Tertius
621 343 709 382 est,
751 319 1001 396 οἱνατροπῆ
1027 322 1113 384 τῆς
1140 322 1284 395 παρὰ.
1304 323 1399 376 τοῦ
1432 320 1626 396 ἄραβος
1654 317 1901 389 Mediae&
1928 324 2208 392 γραφείσης
2243 326 2436 388 βίβλου
2473 323 2519 378 ἐν

283 404 584 468 κεφαλαίοις
617 396 682 453 λ’.
718 406 964 468 Resutatio
998 407 1112 454 libri
1143 408 1205 454 ab
1239 408 1387 455 arabe
1418 406 1685 455 Mohame‘o
1717 404 1990 468 conscripti,
2027 405 2262 469 capitibus
2297 408 2517 471 triginta.

282 483 336 531 P.
374 474 633 544 Μεγάλων
668 471 756 527 καῖ
788 473 886 529 τῶν
924 474 1212 547 ὑπὲρ-ἡμᾶς
1248 475 1410 547 ἀξίων
1447 471 1782 547 ὑπαρχόντων.
1818 483 1916 528 Hos
1950 489 2169 528 tractatus
2207 491 2366 530 contra
2402 486 2523 546 Aga-

283 579 421 611 renos
452 561 613 610 dicunt
645 562 868 607 asservari
901 562 949 606 in
983 558 1263 608 bibliotheca
1299 563 1504 608 vaticana
1537 560 1833 611 Possevinus‚
1861 567 1906 604 et
1939 558 2279 621 Epitomatores
2313 561 2393 623 (1).

409 627 488 685 Est
511 646 745 701 praeterea
765 651 859 699 pro
883 637 1065 699 synodo
1089 637 1440 684 chalcedonensi
1475 637 1694 684 adversus
1718 634 1962 698 epistolam
1986 636 2229 682 Armeniae
2261 638 2404 698 regis,
2432 656 2523 701 qua

237 763 239 765 ,
281 717 360 763 ille
394 716 564 763 dictam
595 713 829 775 synodum
862 714 1103 760 haereseos
1136 715 1346 761 incusare
1373 715 1548 760 veritus
1580 728 1675 760 non
1710 700 2114 760 suerat.N12en'‘roe
2140 701 2415 775 βυζαντίου
2435 723 2523 770 ’φι-

279 781 551 848 λοσόφους
580 779 663 834 καὶ
705 775 1028 834 διδασκάλου
1068 778 1292 852 ἔλεγχος
1328 780 1412 834 καὶ
1451 778 1699 854 ἀνατροπῇ
1732 802 1819 840 της
1855 783 2127 840 σταλείσης
2165 778 2432 842 ἐπιστολῆς
2471 783 2523 835 ἐκ

278 859 374 914 τοῦ
405 857 654 933 ἄρχοντος
689 878 777 918 της
805 856 1102 929 ΜΑρμενιας,
1140 855 1217 911 ἐπὶ
1257 853 1491 926 διαβολῇ
1521 857 1610 917 τῆς
1646 852 1947 930 ὅρθοὸόξου
1984 878 2121 926 ημων
2156 860 2396 918 πίστεως,
2431 859 2515 912 καὶ

278 958 366 996 της
394 935 581 1007 ἁγίας,
609 931 692 986 καὶ
726 932 1072 1004 οἷκοομενικης
1103 930 1344 1005 τετάρτης
1381 929 1627 995 συνόδου,
1657 932 1770 1004 ἐξ’
1751 954 2012 1028 επιτροπης
2047 932 2141 986 τοῦ
2175 938 2518 1003 φιλοχρίστου

278 1009 367 1065 nai
398 1006 783 1078 εὐσεβεστάτου
805 1007 1068 1076 βασιλέως
1103 1009 1253 1080 κμων·
1291 1007 1492 1080 ἐγράφη
1536 1004 1592 1061 δὲ
1625 1008 1748 1080 πρὸς
1781 1007 1868 1063 τὸν
1903 1006 2133 1080 ἄρχοντα
2169 1031 2222 1062 εκ
2255 1009 2517 1083 προσώπου

273 1110 364 1141 του
394 1084 729 1165 παΎρξοίρχου.
763 1094 960 1141 Nicetae
982 1093 1236 1158 byzffanum
1247 1092 1549 1157 philosophi
1547 1106 1592 1138 et
1614 1092 1819 1140 doctores
1843 1093 2074 1155 refutatio
2096 1093 2321 1157 epistolae
2346 1095 2408 1140 ab
2431 1099 2521 1142 Ar-

270 1173 458 1220 meniae
479 1171 698 1237 principe
722 1169 917 1220 missae,
943 1186 1039 1232 qua
1064 1169 1291 1216 invidiose
1306 1169 1455 1228 fidem
1478 1181 1690 1215 nostram
1713 1169 2055 1220 orthodoxam,
2080 1181 2123 1214 et
2142 1182 2359 1216 sanctam
2378 1184 2519 1234 atque

273 1250 620 1297 oecumenicam
652 1259 879 1311 quartam
910 1247 1144 1311 synodum
1176 1246 1488 1296 criminatur,
1521 1246 1648 1293 iussu
1677 1246 1853 1293 Christi
1882 1242 2093 1293 amantis
2122 1259 2167 1292 et
2195 1247 2407 1311 piissimi
2434 1267 2519 1295 no·-

271 1327 362 1374 stri
394 1326 712 1391 imperatoris.
748 1325 940 1389 Scripta
963 1337 1031 1370 est
1053 1325 1123 1370 ad
1138 1323 1428 1388 principem,
1459 1336 1503 1369 et
1521 1323 1858 1387 patriarcham
1886 1325 2068 1371 inducit
2094 1327 2371 1388 loquentem.
2409 1329 2518 1390 Epi-

270 1403 436 1450 stolam
471 1404 590 1450 hanc
622 1402 934 1449 doctissimam
965 1408 1064 1449 tum
1099 1409 1477 1463 argumentorum
1505 1402 1645 1462 copia
1679 1409 1724 1446 et
1760 1403 1832 1453 vi,
1867 1410 1966 1447 tum
1999 1403 2327 1449 sententiarum
2361 1405 2516 1464 gravi-

269 1489 387 1533 tate,
415 1489 462 1526 et
491 1487 756 1526 sanctorum
788 1487 974 1541 patrum
1010 1475 1358 1524 auctoritatibus
1385 1476 1755 1528 refertissimam,
1783 1486 1830 1523 et
1859 1493 1967 1523 vere
1997 1493 2180 1524 auream
2197 1513 2208 1531 ,
2237 1495 2330 1525 non
2357 1495 2517 1541 passus

267 1558 389 1603 inter
421 1571 549 1602 meae
581 1555 812 1602 liter-ariae
843 1553 1144 1616 supellectilis
1173 1553 1373 1600 latebras
1406 1553 1580 1598 diutius
1611 1554 1875 1606 immorari,
1910 1553 2131 1600 latinitate
2164 1555 2410 1610 donatam,
2438 1557 2515 1602 edi

219 1669 227 1676 .
268 1636 424 1680 curavi
458 1635 506 1679 in
535 1634 690 1695 primo
723 1641 853 1678 tomo
886 1632 1169 1693 scriptorum
1197 1631 1408 1677 Graeciae
1433 1624 1722 1676 orthodoxae
1753 1630 1827 1675 hic
1860 1632 2033 1677 Romae
2059 1634 2182 1694 typis
2215 1648 2369 1679 sacrae
2394 1634 2515 1679 Con-

267 1710 547 1773 gregationis
582 1708 641 1754 de
674 1707 770 1754 fide
797 1707 1099 1770 propaganda
1131 1722 1254 1754 anno
1281 1708 1419 1753 1652.
1450 1707 1496 1752 in
1522 1707 1574 1771 4.
1614 1721 1775 1767 graece
1811 1715 1856 1751 et
1888 1707 2046 1752 latine.

392 1785 610 1832 Eiusdem
646 1785 786 1830 etiam
821 1792 945 1829 sunt.
982 1771 1380 1847 Προλεγόμενα,
1413 1794 1498 1826 και
1522 1764 1789 1845 ἐξήγησις
1822 1773 1919 1827 τῶν
1954 1771 2095 1827 πέντε
2132 1790 2315 1838 φωνων
2352 1787 2513 1835 Prole-

262 1877 465 1926 gomena
489 1873 536 1907 et
558 1860 795 1925 expositio
819 1860 1026 1923 quinque
1051 1875 1230 1906 vocum.
1269 1853 1323 1901 P.
1358 1848 1664 1910 Μέλλοντες
1693 1871 1781 1904 συν
1808 1848 1928 1921 θεῷ
1945 1847 2224 1923 ἄρχεσθαι.
2260 1862 2312 1908 ln
2339 1861 2511 1909 biblio-

263 1940 408 1986 thecis
438 1934 620 1985 italicis.

387 2075 463 2122 VI.
502 2076 585 2121 His
607 2073 772 2121 iisdem
806 2073 903 2120 fere
927 2072 1215 2136 temporibus
1244 2071 1430 2123 vivebat
1451 2073 1629 2119 Nicetas
1655 2074 1876 2134 Smyrnae
1906 2073 2230 2136 metropolita,
2259 2077 2388 2122 cuius
2415 2077 2509 2123 ele-

260 2153 548 2213 gantissimas
571 2150 789 2213 epistolas
810 2151 982 2197 mirum
1005 2151 1053 2196 in
1077 2150 1272 2197 modum
1297 2149 1454 2197 laudat
1479 2151 1677 2212 Symeon
1701 2149 2035 2211 metaphrastes
2060 2151 2192 2213 epist.
2217 2154 2263 2197 2.
2287 2162 2331 2198 et
2351 2154 2396 2199 3.
2422 2154 2503 2215 (2).

219 2273 224 2274 c
261 2229 484 2276 Nondum
516 2228 634 2275 mihi
663 2236 956 2290 compertum
988 2234 1057 2273 est
1091 2242 1149 2272 an
1182 2231 1356 2273 extent.
1395 2228 1630 2282 Quaerant
1660 2228 1848 2288 posteri.
2425 2218 2427 2221 ’

384 2365 481 2411 Vll.
518 2366 654 2411 Hunc
687 2364 893 2411 Nicetam
930 2362 1228 2424 byzantinum
1263 2378 1359 2410 non
1383 2365 1522 2425 longe
1556 2371 1662 2425 post
1693 2364 1900 2424 sequitur
1930 2351 2109 2410 Nicetas
2132 2366 2347 2412 nicaenus
2377 2367 2506 2412 char-

256 2427 496 2504 tophylax.
515 2442 713 2503 Legitur
744 2441 887 2502 ipsius
919 2436 1076 2487 brevis
1107 2447 1354 2486 tractatus.
1392 2428 1539 2483 Κατοὶ
1565 2427 1751 2490 πόσους
1779 2429 2014 2504 καιροὺς,
2044 2430 2127 2484 καὶ
2161 2428 2249 2484 δια
2275 2433 2402 2486 ποῖα
2430 2434 2507 2486 αἶ-

255 2507 485 2580 vidum-a
518 2507 740 2577 ἐσχίσθη
773 2507 857 2572 ἀφ’
887 2507 1025 2577 ἡμων
1052 2529 1079 2564 n
1108 2503 1345 2580 ῥωμαΐκκ
1375 2506 1633 2564 ἐκκλησία
1672 2516 1851 2570 Quibus
1886 2517 2191 2581 temporebus,
2219 2530 2265 2563 et
2297 2536 2415 2581 quas
2449 2522 2505 2565 ob

255 2610 427 2640 causas
456 2594 603 2640 scissa
637 2605 706 2639 est
736 2609 767 2639 a
797 2593 933 2639 nobis
962 2608 1164 2639 romana
1187 2592 1401 2638 ecclesia.
1439 2594 1495 2638 Ut
1527 2595 1681 2654 regius
1714 2593 1858 2639 codex
1892 2596 2154 2655 parisiensis
2178 2597 2312 2658 legit,
2340 2612 2420 2642 seu
2455 2607 2505 2643 ut

255 2672 516 2717 vaticanus:
553 2659 764 2721 ποσάκις
791 2682 875 2712 και
908 2658 1054 2722 πότε,
1085 2681 1167 2714 και
1203 2656 1290 2712 διὰ
1319 2658 1367 2712 τὶ
1403 2666 1667 2730 σχίσματα
1695 2658 1912 2730 ’γέγονεν
1943 2660 2142 2733 μεταξὺ
2174 2663 2292 2716 ταῖν
2331 2663 2503 2720 ἔκκλη-

337 2845 388 2886 (1)
411 2840 540 2878 Mirari
564 2841 674 2884 licet,
693 2850 872 2887 magnum
895 2840 1077 2876 Allatium
1102 2840 1203 2887 loqui
1224 2850 1325 2877 nunc
1350 2850 1392 2876 ex
1418 2840 1536 2876 aliena
1564 2841 1686 2887 potius
1711 2841 1860 2886 notitia,
1883 2852 1993 2888 quam
2012 2853 2054 2878 ex
2071 2844 2228 2890 propria.
2254 2844 2366 2891 Atqui
2386 2844 2499 2881 codex

257 2901 450 2937 vaticanus
467 2900 693 2936 DCLXXXI
705 2927 715 2944 ,
734 2900 799 2947 qui
825 2899 889 2936 illa
913 2900 1063 2935 Nicetae
1079 2899 1271 2947 byzantini
1296 2898 1468 2935 adversus
1484 2899 1735 2936 Mohametum
1757 2902 2018 2948 Agarenosque
2033 2912 2142 2949 opera
2159 2903 2342 2948 continet,
2359 2903 2498 2941 iamdiu

253 2959 402 3000 extabat
424 2963 510 2996 ante
535 2958 716 2994 Allatium
741 2957 782 2994 in·
803 2956 1026 3003 bibliotheca
1049 2957 1238 2996 vaticana.
1263 2962 1307 2993 ut
1331 2968 1398 2993 nos
1423 2957 1583 2994 diximus
1607 2958 1646 2994 in
1672 2958 1742 2994 hac
1765 2968 1860 2995 nova
1885 2961 2036 2996 Pati-um
2060 2960 2151 2997 bibl.
2180 2962 2221 2996 T.
2250 2962 2310 2996 IV.
2336 2970 2431 3009 part.
2462 2969 2493 3003 ι,

253 3035 289 3071 p.
311 3025 402 3065 321,
427 3019 494 3056 ubi
518 3024 644 3056 tamen
667 3023 792 3055 nostra
817 3017 940 3065 aliqua
965 3016 1173 3054 secundum
1199 3017 1296 3053 bane
1313 3016 1443 3053 Allatii
1467 3016 1761 3056 dissertationem
1787 3017 2018 3056 reformanda
2038 3019 2219 3056 videntur.
2245 3022 2371 3069 Neque
2396 3026 2494 3062 enim

252 3081 313 3118 hic
337 3079 558 3129 byzantinus
582 3077 728 3114 Nicetas
752 3076 851 3114 idem
875 3081 932 3114 est
956 3087 999 3114 ac
1018 3077 1165 3113 Nicetas
1183 3075 1320 3119 David;
1339 3075 1438 3122 quod
1462 3086 1576 3123 quum
1605 3077 1642 3112 in
1667 3077 1766 3114 calce
1789 3079 1881 3114 tomi
1904 3079 1932 3113 l.
1953 3079 2128 3116 Graeciae
2152 3080 2374 3119 orthodoxae
2399 3083 2497 3121 affir—

254 3144 392 3176 masset
414 3138 595 3180 Allatius,
615 3147 756 3184 nosque
780 3146 865 3173 eum
891 3136 1018 3174 sectati
1042 3135 1245 3179 fuerimus,
1270 3145 1371 3172 nunc
1396 3134 1492 3172 idem
1518 3135 1626 3172 aliter
1650 3137 1782 3180 sentit,
1801 3137 1906 3183 eique
1925 3139 2080 3184 nosipsi
2104 3138 2345 3186 obsequenter
2368 3153 2496 3181 rursus

254 3198 520 3236 consentimus.
541 3216 589 3223 —
609 3195 711 3233 Idem
727 3196 891 3233 Allatius
906 3194 1089 3242 ignoravit
1106 3193 1270 3231 codicem
1291 3194 1447 3232 latinum
1467 3196 1662 3240 CCCXlV,
1679 3196 1744 3241 ‘qui
1765 3197 1900 3240 pariter
1923 3196 1962 3232 in
1986 3195 2207 3234 bibliotheca
2222 3200 2385 3238 vaticana
2401 3202 2495 3239 iam-

249 3258 314 3295 diu
339 3256 508 3301 extahat3
535 3255 690 3303 ideoque
713 3265 834 3302 neque
858 3255 1008 3292 Nicetae
1033 3255 1271 3302 aquileiensis
1295 3255 1482 3302 episcopi,
1508 3265 1627 3302 neque
1651 3253 1831 3291 nobilium
1858 3254 2022 3293 eiusdem
2047 3257 2268 3302 scriptorum
2295 3260 2490 3306 meminit,

249 3327 344 3364 quae
368 3326 458 3361 nos,
475 3317 558 3370 Deo
580 3315 773 3353 laboribus
797 3315 937 3353 nostris
961 3315 1104 3352 favente
1116 3343 1126 3359 ,
1145 3315 1252 3351 illinc
1271 3313 1584 3361 deprompsimus,
1604 3314 1745 3351 scilicet
1759 3315 1807 3351 de
1823 3317 1974 3351 ratione
1997 3315 2110 3360 fidei,
2126 3316 2175 3353 de
2188 3319 2355 3364 Spiritus
2370 3324 2497 3358 sancti

243 3378 439 3422 potentia,
456 3378 497 3412 et
517 3375 566 3412 de
589 3375 756 3412 diversis
775 3375 930 3412 Christo
958 3375 1109 3412 domino
1137 3374 1438 3411 convenientibus
1463 3373 1795 3420 appellationibus.
1821 3394 1869 3402 -
1891 3374 2060 3421 Denique
2075 3375 2236 3414 Allatius
2251 3377 2394 3414 nullam
2410 3378 2498 3416 facit

247 3435 472 3471 mentionem
495 3434 645 3471 Nicetae
669 3434 812 3482 epicopi
835 3434 1035 3481 Naupacti,
1055 3444 1164 3481 quem
1192 3434 1334 3480 pariter
1357 3432 1509 3470 omnino
1534 3432 1679 3478 ignorat
1706 3433 1911 3479 Lequinius
1935 3433 1974 3469 in
1999 3433 2062 3470 Or.
2090 3433 2149 3470 ch.
2177 3435 2220 3472 T.
2244 3436 2291 3471 Π.
2319 3437 2388 3474 col.
2411 3443 2491 3475 198.

247 3504 323 3540 seq.
350 3493 414 3530 ubi
440 3492 570 3530 scribit
594 3492 698 3530 illius
727 3492 831 3530 urhis
856 3494 1055 3540 episcopos.
1083 3492 1199 3540 Atqui
1224 3502 1292 3539 ego
1317 3491 1355 3527 in
1383 3490 1604 3528 bibliotheca
1630 3491 1794 3527 vaticana
1821 3491 1992 3528 manibus
2020 3502 2097 3529 non
2128 3493 2242 3530 semel
2272 3499 2491 3533 contrectavi

246 3563 314 3587 ins.
341 3550 389 3588 ad
412 3556 447 3588 4.
468 3551 654 3598 evangelia
680 3556 718 3588 et
740 3551 787 3589 ad
811 3552 1062 3599 apostolorum
1087 3555 1191 3587 actus
1217 3550 1446 3596 copiosum
1426 3559 1598 3586 “raecum
1617 3549 1764 3586 Nicetae
1780 3550 1939 3597 episcopi
1955 3551 2135 3598 Naupacti
2157 3556 2486 3601 commentarium,

245 3610 344 3658 quod
360 3613 548 3660 egregium
566 3623 660 3660 opus
676 3619 846 3650 accurate
863 3619 987 3660 postea
1005 3610 1228 3683 describam,
1249 3613 1403 3658 eiusque
1421 3609 1580 3656 aliquem
1607 3609 1736 3646 saitem
1755 3609 1916 3646 fructum
1935 3621 2018 3648 cum
2039 3612 2190 3652 ecclesia
2216 3615 2363 3662 publice
2388 3627 2489 3652 com-

248 3670 454 3708 municabo.
474 3674 519 3707 A
538 3673 589 3707 Μ.

326 3732 372 3771 (2)
396 3722 525 3767 Edidit
538 3741 670 3767 novem
687 3731 880 3779 Symeonis
898 3730 1167 3778 metaphrastae
1184 3729 1354 3776 epistolas
1371 3728 1530 3766 Allatius
1554 3729 1594 3765 in
1612 3729 1769 3767 diatriba
1786 3729 1831 3767 de
1847 3731 2070 3780 Symeonum
2093 3733 2240 3780 scriptis
2260 3743 2298 3780 p.
2314 3737 2490 3773 254-261.

245 3788 383 3824 Harum
408 3788 567 3826 secunda
592 3795 628 3827 et
653 3791 758 3827 tertia
784 3791 983 3828 mittuntur
1006 3789 1052 3827 ad
1077 3790 1243 3831 Nicetam
1270 3789 1447 3837 Smyrnae
1474 3788 1756 3836 metropolitam.
1782 3793 1824 3826 A.
1849 3792 1902 3828 M.

2232 3865 2252 3896 2
