2970 4420
97 499 117 527 f.
138 502 183 527 811.
204 498 235 528 b.

89 2104 227 2134 ῐ.86.8.

85 3649 112 3681 L·
127 3652 172 3677 86.
193 3648 225 3678 b.

1256 291 1552 328 xAs'rnol’um.

276 368 474 403 καταλιπεῖν
498 367 589 402 κατιὶ
613 366 666 402 σε·
689 364 715 402 ὦ
739 364 895 402 ποθεινόν
928 367 1058 415 κέντρον
1091 369 1164 410 τοῖς
1193 366 1373 419 ἐντυχοῦσι

274 428 484 471 καταλιπεὶν,
505 428 564 463 καὶ
587 426 759 464 ἀθάνατον
784 427 863 472 ἕξων
884 430 944 469 τήν
963 430 1115 478 μνήμην,
1134 430 1258 479 μέχρις
1279 429 1320 467 οἲν
1339 431 1374 467 ἐν

273 490 364 537 λόγῳ
388 490 461 531 τοῖς
485 487 674 538 ἀνθρώποις
698 487 723 538 ᾖ
748 490 794 524 τοὶ
814 492 873 526 τῶν
897 491 1013 539 λόγων·
1036 490 1061 528 οἳ
1080 494 1149 534 πός
1174 492 1372 531 τηλικούτου

274 565 336 588 σου
361 551 562 600 πεφηνότος,
582 551 626 593 ὥς
650 549 724 599 οἶμ’
749 549 790 587 οἷν
816 552 881 600 ἔγω
901 567 942 601 γε
966 554 1016 601 μή
1038 551 1220 590 δάκνεσθαι
1244 568 1373 602 μεμνη-

270 613 371 662 μένος
397 613 561 649 ἑκάστοτε
595 614 653 649 καὶ
685 613 849 663 ἀδακρυτὶ
883 614 1036 663 παριέναι
1068 616 1124 651 τόν
1151 614 1233 659 βίον·
1258 613 1283 652 ὃ
1313 618 1373 658 τῆς

270 673 425 723 ἀθυμίας
446 676 503 711 καὶ
526 679 588 717 τνῖς
609 675 644 711 ἐν
664 675 787 725 καρδία
807 677 1035 724 σκοτομήνης,
1054 676 1080 717 η’
1096 692 1156 726 μοι
1176 678 1260 726 προ“ς
1279 675 1373 727 ἧπαρ

272 737 360 772 διέδυ
385 737 423 773 ἐκ
449 739 509 779 τῆς
534 738 611 786 περὶ
639 739 681 773 σε’
714 741 901 786 συμφορᾶς·
926 738 951 774 οἳ
983 741 1044 781 τῆς
1069 738 1264 788 ἀποφράδος
1289 739 1374 788 η’μέ-

269 812 349 844 ρας,
369 798 444 840 ἥτις
466 799 523 834 τόν
544 800 606 835 σῦν
626 799 709 847 ἡμῖν
736 799 891 848 ε’πνίγαγε
917 799 1061 836 θάνατον
1086 801 1147 837 καί
1169 801 1228 841 τήν
1253 800 1292 837 οὐ
1311 816 1373 839 κα-

270 859 315 894 τοὶ
338 861 449 907 καιρόν
479 859 612 910 ἀτερπῆ
643 862 784 909 τρύγην,
809 863 870 901 τήν
900 861 1084 909 ἀπόλειψιν
1109 862 1372 912 ἀποδυρομένοις

269 921 330 959 τη“ν
356 921 428 961 ση’ν.

343 969 352 981 v

345 986 403 1020 10.
420 982 466 1019 ’Ὦ
493 984 588 1021 πόσα
613 985 743 1033 δάκρυα
762 988 836 1028 τοῖς
856 984 1076 1028 ἀνελπίστοις
1101 986 1160 1022 καὶ
1186 985 1371 1034 ἐγγράφοις

269 1058 332 1080 σου
359 1044 528 1093 ἐνταφίοις
553 1049 663 1089 τοῖςδε
689 1047 914 1083 κατέσπεισα·
938 1046 963 1083 οἳ
987 1050 1056 1089 πῶς
1087 1048 1120 1083 οἶ
1150 1061 1190 1083 σε
1214 1046 1372 1095 μάλιστα

269 1104 453 1149 ποθοῦντες
479 1108 516 1143 τὲ
542 1109 601 1144 καὶ
627 1111 799 1157 φιλοῦντες
826 1108 980 1148 ἀδόκητα
1007 1109 1068 1149 τη“ν
1093 1108 1214 1157 ψυχήν
1239 1109 1370 1159 καιρίαν

269 1167 479 1216 ἐπλήγημεν·
505 1167 528 1205 οἳ
554 1171 615 1206 τοῦ
635 1166 888 1219 μεγίστουκαὶ
919 1173 1024 1206 δεινοῦ
1047 1166 1240 1219 πτώματος·
1264 1169 1288 1207 οἳ
1314 1171 1372 1215 βέ-

267 1233 350 1271 λους
375 1231 434 1266 καὶ
460 1231 655 1280 τραύματος
687 1233 743 1269 διά
774 1231 906 1276 βάθους
938 1235 998 1274 τῆς
1029 1233 1200 1282 η’μετέρας
1230 1233 1370 1281 καρδίας

271 1291 493 1335 έληλακότος·
525 1292 549 1328 οἳ
581 1298 650 1335 πῶς
681 1294 842 1343 ἀδακρυτὶ
877 1297 913 1331 τό
949 1297 1007 1332 σόν
1040 1295 1116 1331 τόδε
1147 1295 1369 1345 παρέλθωμεν

268 1355 376 1400 σῆμα·
402 1353 523 1402 ὄφελόν
555 1369 614 1403 μοι
640 1356 700 1395 την
723 1358 788 1404 γῆν
820 1356 980 1405 πρότερον
1002 1359 1142 1404 χανεῖν,
1166 1355 1189 1396 ἦ
1214 1358 1273 1397 τήν
1307 1360 1370 1397 ση“ν

265 1415 423 1454 τελευτήν
449 1418 605 1452 κατιδεῖν·
630 1416 709 1465 ὅπερ
741 1419 808 1465 γάρ
841 1417 1041 1466 συμβαίνειν
1075 1417 1173 1454 εἴωθε
1207 1425 1278 1461 τοῖς
1310 1419 1371 1469 ἐμ-

267 1476 461 1525 βροντήτοις
487 1477 510 1517 ἦ
534 1481 606 1520 τοῖς
628 1479 845 1527 σφοδρότατα
854 1482 928 1527 ,γῆς
948 1480 1053 1526 κλόνῳ
1073 1482 1369 1529 κατασειομένοις,

265 1541 409 1575 τοσοῦτο
426 1539 532 1588 κάμοί
559 1541 724 1578 συνέπεσε
743 1544 807 1590 φεῦ
826 1541 1023 1590 ἐκτραπέντι
1045 1543 1127 1590 προ“ς
1153 1543 1192 1578 τό
1216 1543 1368 1592 μέγεθος

265 1603 326 1636 τοῦ
350 1604 465 1637 κακοῦ·
490 1601 514 1637 ὦ
539 1606 635 1638 ποῖον
669 1604 709 1638 ἄν
743 1618 793 1645 τις
826 1604 970 1652 ἐξευρεῖν
1004 1603 1162 1653 ι’σχύσειε
1192 1606 1368 1655 φάρμακον

263 1664 325 1704 τῆς
348 1663 520 1705 τοσαύτης
545 1667 692 1713 πληγῆς·
718 1665 743 1701 ὃ
769 1667 868 1708 ποῖος
895 1666 1020 1714 χρόνος
1044 1667 1191 1715 μαράναι
1224 1669 1282 1703 καὶ
1309 1668 1367 1708 τνὶν

261 1724 370 1764 λύπην
396 1725 502 1774 πόρ’ῥω
537 1728 596 1761 τῶν
623 1727 790 1776 ἡμετέρων
823 1727 943 1776 ψυχῶν
975 1729 1149 1765 ἀπελάσαι
1180 1730 1367 1769 δυνήσεται·

263 1788 306 1822 τό
327 1787 395 1836 γάρ
421 1786 505 1823 οὕτω
531 1787 698 1824 πάντοθεν
721 1788 815 1837 ἔχειν
839 1789 1044 1838 μεμνῆσθαί
1071 1805 1134 1827 σου
1162 1794 1277 1838 πολλῷ
1303 1794 1368 1828 διε-

263 1848 435 1896 νεγκόντος
461 1852 504 1895 τῷ
526 1849 635 1898 μέτρῳ
668 1852 728 1885 τῶν
761 1849 869 1891 ἄλλων
895 1850 976 1887 καθ’
1004 1850 1055 1888 ὅτι
1088 1851 1129 1887 οἷν
1155 1852 1262 1888 εἰπεῖν
1287 1852 1365 1902 ἔχοι

262 1923 333 1954 τις,
354 1910 420 1958 οὐχ
445 1909 534 1952 ὅπως
557 1910 671 1951 λη’θην
696 1911 834 1960 ἐμποιεῖ
857 1915 919 1955 τῆς
945 1916 1009 1955 σῆς
1035 1913 1164 1960 ὄψεως,
1190 1909 1284 1950 ἀλλά
1306 1915 1365 1950 καὶ

262 1970 320 2007 ἐπὶ
347 1971 447 2007 πλέον
472 1971 698 2008 ἀνανεοῦσθαι
725 1974 784 2013 τήν
809 1974 918 2013 λύπην
941 1976 1221 2024 παρασκευάζει,
1243 1977 1302 2012 καὶ
1327 1978 1366 2013 τό

262 2033 300 2069 ἐκ
327 2034 454 2077 ταύτης
479 2035 708 2084 ἀναπτόμενον
733 2039 816 2084 πῦρ,
837 2036 1009 2080 ἄσβεστον
1034 2037 1147 2085 ἔχειν,
1172 2038 1240 2086 οὐχ
1264 2035 1365 2078 ἦττον

264 2095 366 2140 ὀξέως
392 2096 604 2145 διερχόμενον
629 2098 689 2133 καί
715 2097 983 2145 κατανεμόμενον
1009 2099 1071 2141 τοὶς
1100 2098 1270 2149 ἡμετέρας
1299 2099 1367 2146 ψυ-

260 2159 342 2207 χάς·
363 2157 388 2194 ὢ
409 2159 538 2201 πόσους
561 2161 774 2208 στεναγμούς
793 2160 831 2196 ἐκ
853 2161 992 2209 στέρνων
1011 2162 1150 2210 πικρούς
1175 2161 1212 2197 ἐκ
1233 2160 1365 2205 βάθους

261 2220 401 2270 καρδίας
420 2221 522 2268 ἡμεῖς
543 2221 822 2270 ἀναπέμποντες,
839 2225 1016 2272 κρουνηδόν
1035 2223 1200 2259 ἑκάστοτε
1220 2224 1367 2273 προχέο-

258 2297 323 2330 μεν
342 2283 406 2318 καὶ
427 2284 471 2318 τά
492 2283 628 2331 δάκρυα·
648 2282 803 2332 ἄντικρυς
823 2285 892 2332 γάρ
911 2287 956 2331 τῷ·
974 2284 1122 2332 πλείστῳ
1147 2285 1240 2335 μέρει
1261 2285 1365 2334 ε’σμέν

261 2358 316 2379 σοι
343 2344 624 2390 συντεθνηκότες,
644 2347 702 2382 καὶ
729 2347 820 2395 μετά
840 2347 1007 2383 πλείστων
1031 2350 1091 2383 τῶν
1118 2347 1264 2396 ὀδυρμῶν
1285 2362 1367 2396 τρα·

260 2408 448 2453 γῳδοῦμεν,
475 2407 536 2442 καί
567 2409 627 2442 τῶν
661 2407 806 2455 δακρύων
839 2406 899 2443 οὐκ
931 2405 1011 2443 οἶδα
1040 2406 1092 2449 τίς
1118 2408 1210 2456 ἡμᾶς
1239 2408 1365 2457 χρόνος

259 2465 382 2513 ἐφέξει.

338 2533 394 2565 11.
420 2530 530 2564 ’And
552 2530 619 2578 γάρ
639 2530 746 2579 ἔγωγε
771 2534 816 2580 τῇ
842 2532 933 2567 κατά
953 2532 992 2566 σε’
1014 2530 1150 2579 ἀθυμία
1175 2532 1283 2581 ταύτῃ
1305 2537 1367 2568 και“

259 2593 352 2640 λύπῃ
379 2591 435 2628 τόν
460 2594 532 2627 νοῦν
560 2583 769 2640 συσχεθεὶς,
791 2592 857 2641 οὐχ
883 2593 970 2635 ὅπως
992 2593 1031 2629 οὐ
1053 2595 1136 2642 προ“ς
1160 2594 1243 2636 ἔπος
1269 2598 1366 2631 δυνα-

261 2654 320 2695 τός
344 2653 416 2702 εἶμι
442 2654 574 2702 λέγειν,
598 2654 693 2690 ἀλλά
717 2655 775 2690 καί
803 2654 852 2696 εἷς
879 2654 972 2691 ἅπαν
997 2654 1183 2692 τούναντίον
1209 2655 1364 2701 ἐκβαῖνον

262 2716 324 2763 ὁρῶ
346 2730 406 2763 μοι
431 2716 470 2750 τὸ
496 2714 716 2764 ἐπιχείρημα·
739 2715 843 2751 ὁπότε
868 2716 935 2764 γάρ
956 2716 1104 2764 περιήκει
1126 2718 1186 2753 οὐκ
1210 2717 1244 2753 ἐν
1270 2719 1366 2754 δυνά-

260 2793 317 2825 μει
342 2777 447 2826 λόγου
470 2780 629 2813 τοσοῦτον
651 2775 735 2813 εἶναι
757 2777 882 2826 τούμόν
903 2777 984 2814 ὥστ’
1006 2777 1129 2822 ἐξεῖναι
1156 2780 1363 2824 συλλαβόντ’

261 2839 378 2888 ἀθρόα
397 2839 442 2874 τοὶ
462 2840 511 2874 σά
529 2839 809 2888 πλεονεκτήματα
824 2841 896 2881 τοῖς
917 2839 1065 2876 ἐπιοῦσιν
1087 2840 1268 2889 εὐφημεῖν,
1284 2841 1364 2878 ὅσον

263 2915 294 2936 τι
321 2901 359 2936 τό
386 2901 476 2936 κατά
499 2903 594 2936 ταῦτ’
620 2900 770 2949 ἐργῶδες·
795 2901 856 2937 καί
887 2904 1000 2937 ταῦτα
1025 2902 1113 2950 νέφει
1145 2903 1257 2946 λύπης
1288 2918 1365 2941 συν.

265 2962 440 3010 ισχημένῳ
466 2963 657 3006 τοσαύτης,
676 2961 802 3010 άφίημι
824 2965 973 2999 σκοπεῖν·
993 2963 1086 2999 ἀλλά
1106 2966 1174 3014 γοὶρ
1197 2965 1215 3001 ὅ
1238 2981 1283 3014 με
1308 2981 1365 3014 μι..

265 3026 344 3072 κροῦ
368 3023 561 3072 παρέδραμε
588 3023 863 3072 βεβαπτισμένοι
887 3023 972 3060 οὕτω
992 3025 1057 3061 ὐπὸ
1085 3028 1145 3067 τῆς
1166 3029 1363 3076 συμφορᾶς,

261 3087 332 3127 πῶς
359 3085 377 3120 o‘
402 3085 515 3121 πάντα
538 3085 676 3133 ἀριστος
703 3087 761 3122 καὶ
789 3088 861 3134 φυοῖ
882 3087 974 3122 κατα“
993 3087 1164 3136 Πίνδαρον·
1185 3090 1243 3124 καὶ
1269 3089 1365 3138 παραὶ

261 3146 390 3183 πάντων
417 3146 476 3182 οὐκ
501 3145 564 3182 οἶδ’
587 3147 619 3182 εἴ
645 3161 695 3189 τις
718 3147 829 3195 ἕτερος
848 3148 891 3189 ὥς
913 3147 1112 3197 θυμόσοφος
1137 3150 1365 3199 ἐξεπιστάμε-

244 3201 313 3252 ’νος
339 3209 520 3258 ὅρίζεσθαί
553 3224 589 3245 τε
622 3211 680 3245 καί
713 3209 978 3257 ἀποφαίνεσθαι·
1004 3210 1023 3246 ό
1047 3211 1264 3260 διαφερόντως
1294 3213 1364 3250 ὅσα

260 3271 351 3319 κάμὲ
378 3271 499 3308 εἶδέναι
526 3273 584 3311 την
612 3274 676 3311 ση’ν
701 3270 821 3320 σοφίαν
847 3275 967 3320 τιμῶν,
988 3272 1050 3318 κάν
1075 3276 1152 3315 ταῖς
1180 3276 1364 3323 δημοτελέ-

261 3346 313 3368 σιν
339 3333 492 3382 ἔορταῖς,
518 3333 578 3378 κρίν
604 3336 682 3375 ταῖς
711 3336 851 3375 λοιπαῖς
885 3333 1073 3377 βασιλείοις
1107 3336 1360 3381 συνελεύσεσιν,

259 3394 321 3439 κάν
347 3397 426 3436 ταῖς
451 3394 646 3443 παννυχίσι·
673 3397 730 3431 καὶ
758 3395 843 3431 οἴκοι
871 3397 928 3435 τήν
950 3397 1091 3444 λογικήν
1117 3397 1179 3436 ση“ν
1204 3397 1361 3446 ἐντυχίαν

260 3459 337 3506 περὶ
363 3456 528 3494 πλείστου
553 3458 770 3506 ποιούμενος,
791 3458 833 3499 ὦς
855 3462 930 3494 κατ’
952 3457 1058 3493 ἐκεῖνο
1080 3460 1142 3501 τῆς
1162 3458 1248 3507 ὥρας
1269 3461 1363 3509 πάμ-

259 3532 326 3554 παν
347 3519 544 3567 οἶφεστηκώς
565 3520 791 3568 πραγμάτων,
813 3521 831 3556 o‘
852 3523 924 3561 τοῖς
945 3520 1030 3568 ὑπὲρ
1049 3520 1140 3569 ἡμῶν
1161 3521 1360 3570 πράγμασιν

261 3581 496 3629 συμφερόντως
521 3581 837 3631 περιστιχιζόμενος
862 3583 921 3618 καὶ
946 3583 1257 3632 περικυκλούμενος.

338 3645 395 3678 12.
416 3642 459 3679 ‘O
492 3645 552 3683 τήν
584 3643 790 3692 ἀνθρωπίνην
823 3644 922 3692 φύσιν
955 3644 1179 3692 ύπεραναβάς·
1212 3646 1271 3681 καί
1306 3645 1362 3682 ἵνα

262 3704 353 3739 κατοὶ
376 3705 415 3739 σε’
442 3705 545 3751 φαίην
570 3705 833 3749 ἐπιστέλλοντα,
855 3705 872 3740 ὅ
899 3707 960 3747 τῆς
981 3704 1150 3747 ἀληθείας
1174 3706 1287 3754 μέγας
1308 3709 1362 3742 δο-

255 3764 443 3810 piarum,
467 3767 507 3801 το“
529 3768 650 3816 χαρίεν
675 3768 733 3803 καὶ
759 3765 992 3816 φιλάνθρωπον
1024 3767 1083 3803 καί
1115 3767 1360 3817 εὐπροσήγορον

260 3824 349 3867 ἦθος
372 3827 464 3873 μετά
488 3830 613 3876 σεμνοῦ
637 3829 695 3864 καὶ
722 3827 869 3878 ἀρχικοῦ
889 3831 949 3865 τοῦ
968 3829 1190 3878 φρονήματος·
1212 3829 1298 3878 οἷπερ
1319 3831 1359 3870 δή

259 3884 321 3923 ὦδε
345 3890 435 3923 κατα
456 3889 551 3937 ῥῆμα
574 3890 632 3926 καὶ
659 3889 837 3934 αὐτολεξεὶ
859 3890 919 3936 κάν
946 3893 1023 3932 ταῖς
1049 3889 1259 3934 τελευταιάις
1281 3890 1360 3927 ἀνα-

1438 983 1556 1030 ’σκειν,
1580 986 1670 1033 μετά
1695 988 1835 1034 λογικῆς
1861 988 1922 1028 τῆς
1950 985 2122 1027 συνέσεως·
2149 984 2264 1024 ἐπειδή
2289 985 2347 1021 καὶ
2369 1013 2377 1021 .
2398 1013 2406 1021 .

2431 255 2522 330 421

1444 373 1564 411 πνοαῖς
1589 368 1728 418 διεξῄεις
1750 366 1832 418 μεθ’
1859 367 1943 409 ὅσης
1969 371 2029 410 τῆς
2062 374 2242 418 καρδιακῆς
2269 370 2391 420 ζέσεως
2417 387 2452 407 τε
2478 374 2535 408 καὶ

1445 431 1614 479 σχέσεως,
1633 430 1682 477 μη
1705 430 1791 479 ἔχων
1811 428 1972 478 ἀτενίζειν
1994 430 2051 464 καὶ
2074 430 2152 478 ὁρᾷν
2172 433 2230 474 τήν
2247 435 2380 480 χρυσῆν
2401 434 2458 469 καὶ
2479 437 2539 469 λυ-

1445 492 1578 528 σι’πονον
1603 491 1710 527 αὐτοῦ
1735 491 1826 538 ὄψιν·
1854 489 1950 532 οὗτος
1975 505 2015 538 γε
2046 491 2114 538 μην
2140 494 2206 532 πῶς
2231 493 2297 540 α’ρα
2322 494 2452 538 δέξεται
2479 495 2538 533 τήν

1444 553 1506 592 σὴν
1539 552 1723 599 ἀπόλειψιν
1747 553 1805 588 καὶ
1831 554 1890 592 τήν
1921 552 2099 600 στέρησιν,
2124 551 2147 591 ἢ
2172 551 2299 593 πάντως
2331 553 2537 602 ἀναζητήσει

1442 613 1635 662 περιπαθῶς
1663 615 1752 662 ἄγαν
1779 614 1838 650 καὶ
1866 614 1908 650 σε’
1934 615 1988 649 τὸν
2017 613 2128 662 ἔξοχα
2155 614 2351 662 τιμώμενον,
2377 617 2433 650 καὶ
2462 621 2536 663 μετ’

1443 674 1613 724 εὐμενείας
1648 676 1853 724 φιλούμενον·
1880 676 1990 711 οὐκέτι
2026 679 2053 710 δ’
2081 675 2147 719 ἕξει
2181 676 2242 711 καί
2271 675 2454 711 ἀνιάσεται·
2479 678 2537 712 καὶ

1442 739 1510 779 πῶς
1537 737 1626 783 αὐτῷ
1651 740 1750 773 τοῦτο
1772 738 1856 786 πρὸς
1878 736 1970 772 ἀνίαν
1991 735 2198 779 πεποίηκας,
2220 734 2276 771 ἵνα
2294 736 2354 771 καί
2377 738 2542 773 δικανικώ-

1444 814 1537 848 τερον
1562 799 1673 848 φαίην·
1700 801 1718 836 ὁ
1743 801 1887 848 μηδαμη1
1911 799 2066 847 πρότερον
2097 800 2178 846 πρὸς
2204 799 2304 834 αὐτὸν
2335 802 2433 834 τοῦτο
2459 798 2543 834 ἀπο-

1444 863 1633 911 τολμησας·
1655 862 1690 905 ὅς
1714 878 1754 910 γε
1780 863 1843 910 πρό
1869 863 1993 904 παντὸς
2020 862 2121 911 ἔργου
2147 861 2206 897 καὶ
2230 860 2335 910 λόγου
2357 861 2416 897 καὶ
2436 862 2542 909 πράγ-

1437 928 1553 972 ματος
1580 922 1676 972 εἶχες
1702 923 1957 973 προτεθειμένον
1983 924 2026 958 τοὶ
2057 922 2137 959 καθ’
2163 924 2281 963 ’ἡδονήν
2306 923 2396 969 αὐτῷ
2419 922 2543 970 ἐξευρί-

2429 1013 2436 1021 .
2457 986 2546 1020 κατοὶ

1443 1050 1509 1084 πᾶν
1544 1047 1651 1084 ὁτιοῦν
1678 1048 1770 1084 ἔστιν
1799 1048 1939 1096 ἀριστος
1972 1048 2122 1084 ἁπάντων
2149 1049 2208 1088 τήν
2234 1046 2341 1088 αὐτην
2367 1045 2543 1095 τιθεμένων

1443 1107 1559 1157 ὀρθοῖς
1584 1112 1780 1158 λογισμοῖς·
1807 1110 1846 1145 οὐ
1872 1111 1940 1157 μην
1967 1112 1993 1145 δ’
2021 1109 2114 1145 ἀλλά
2139 1109 2198 1145 καὶ
2226 1109 2335 1151 κοινός
2366 1107 2545 1158 εὐεργέτης

1436 1171 1501 1206 καὶ
1529 1171 1726 1220 προστάτης
1756 1172 1814 1207 καὶ
1840 1171 1938 1220 φίλος
1963 1174 2024 1207 τῶν
2047 1171 2156 1219 λόγων
2182 1171 2240 1207 καὶ
2275 1169 2404 1214 βοηθός
2435 1170 2546 1218 ἀκαμ-

1443 1231 1528 1273 πτός
1555 1246 1590 1266 τε
1616 1233 1677 1268 καί
1701 1231 1881 1280 ἄγρυπνος·
1904 1229 1939 1268 ὃν
1964 1232 2070 1275 αὐτὸς
2094 1232 2155 1278 κᾲν
2182 1232 2286 1279 τούτῳ
2313 1234 2450 1279 συνορῶν
2475 1230 2547 1280 ἄρι-

1441 1307 1523 1329 στον
1544 1294 1603 1329 καὶ
1625 1296 1686 1334 τῆς
1707 1296 1772 1335 σῆς
1793 1293 1947 1342 ψυχικῆς
1969 1293 2137 1342 σωτηρίας
2157 1293 2357 1342 προεστήσω
2378 1292 2547 1340 κηδεμόνα

1442 1356 1502 1391 καὶ
1527 1356 1736 1403 φροντιστνίν·
1758 1353 1795 1397 ὃς
1817 1355 1938 1391 οἰκεῖον
1966 1354 2132 1395 δήπουθεν
2153 1357 2192 1391 τό
2213 1353 2435 1403 συμβεβηκός
2455 1354 2547 1402 νομί·

1442 1416 1520 1464 ζων,
1538 1417 1571 1452 εἴ
1590 1433 1639 1459 τις
1656 1416 1699 1457 ἦν
1716 1419 1859 1467 μηχανή
1876 1411 2055 1462 α’,ναβιοῖναι
2074 1432 2114 1453 σε
2135 1415 2252 1461 αὖθις,
2274 1418 2403 1458 οὐδενός
2422 1415 2463 1452 ἀν
2485 1419 2544 1452 τῶν

1442 1478 1557 1526 τιμίων
1578 1478 1756 1526 ἐφείσατο,
1774 1481 1822 1527 μή
1845 1479 1925 1528 οὐχὶ
1948 1483 2008 1521 τῆς
2028 1481 2094 1521 σῆς
2115 1478 2326 1523 ἀναβιῶσεως
2345 1478 2545 1516 ἀντιδοῦναι.

1519 1544 1574 1577 13.
1601 1542 1700 1588 Ἐμοὶ
1728 1544 1756 1576 δ’
1783 1541 1892 1577 ἔπεισι
1915 1541 2123 1591 θαυμάζειν,
2144 1540 2168 1577 ὦ
2191 1541 2323 1590 ἄνδρες,
2345 1541 2432 1583 ὅπως
2452 1541 2546 1577 πλεί-

1442 1616 1526 1637 στων
1553 1603 1648 1639 ὄντων
1676 1605 1735 1638 τῶν
1758 1603 1789 1638 ἐν
1811 1603 1998 1652 φιλοσοφία
2021 1604 2079 1639 καὶ
2099 1607 2226 1651 λογικῇ
2243 1602 2382 1649 παιδεία
2402 1607 2546 1652 διαλαμ-

1441 1664 1582 1708 πόντων,
1604 1664 1709 1700 οὐδενὶ
1737 1664 1852 1713 θερμή
1876 1680 1927 1707 τις
1954 1664 2063 1713 εἷσηέι
2091 1666 2150 1704 τήν
2176 1665 2213 1700 ἐκ
2235 1667 2294 1706 τῶν
2314 1664 2421 1712 λόγων
2447 1665 2547 1712 εὐφη-

1439 1725 1522 1772 μίαν
1544 1726 1586 1767 ὦς
1609 1727 1719 1775 Ἑρμῇ
1737 1726 1841 1773 λογίῳ
1862 1725 1972 1772 ἐκείνῳ
1994 1723 2196 1773 εἰσενεγκεῖν
2217 1727 2259 1768 ὥς
2282 1725 2433 1762 ἐντεῦθεν
2453 1727 2545 1775 ἡμᾶς

1439 1787 1572 1835 ἀνάγκη
1601 1787 1852 1829 συνελαθέντας
1873 1789 1939 1837 οὐχ
1967 1788 2008 1830 ὦς
2029 1790 2139 1837 χρεών
2161 1790 2220 1828 τήν
2242 1787 2403 1824 ύπόθεσιν
2425 1789 2547 1825 ὑποδύ-

1439 1862 1510 1893 ναι,
1527 1850 1567 1885 τό
1587 1853 1648 1891 τῆς
1670 1849 1808 1897 ὅφειλῆς
1823 1850 1922 1898 μόνον
1938 1849 2172 1898 ἀπαραίτητον
2193 1849 2372 1886 ἐκτιννύναι
2393 1853 2459 1886 δεῖν
2481 1850 2548 1898 κρί-

1439 1926 1574 1955 νοντας,
1595 1912 1653 1946 καὶ
1680 1912 1740 1951 τήν
1762 1915 1822 1947 τῶν
1843 1911 2016 1960 φιλαιτίων
2042 1912 2177 1960 μέμψιν
2199 1912 2420 1955 ε’κκλίνοντας·
2439 1914 2545 1963 μηδὲν

1440 1973 1476 2007 δέ
1497 1987 1528 2007 τι
1549 1972 1633 2020 προ“ς
1654 1971 1736 2014 ἔπος
1757 1973 1867 2022 φέρειν
1888 1973 2033 2021 ἔχοντας
2054 1973 2193 2017 ἐπάξιον
2214 1977 2260 2020 τῷ
2277 1975 2423 2022 κειμένῳ·
2443 1978 2546 2022 θρηνῶ

1437 2036 1500 2084 μὲν
1521 2033 1577 2070 οῦν
1597 2035 1664 2083 ε’γω’
1680 2049 1742 2071 σου
1758 2037 1818 2075 τη“ν
1840 2036 1962 2084 σοφίαν
1982 2039 2114 2072 πολλῶν
2135 2036 2246 2080 ἕνεκα,
2262 2037 2368 2085 πάτερ
2387 2038 2446 2073 καὶ
2466 2052 2548 2074 παι·

1439 2098 1541 2133 δευτά
1565 2099 1622 2132 καὶ
1649 2097 1842 2133 διδάσκαλε·
1864 2099 1922 2132 καὶ
1949 2098 2035 2133 πάνυ
2062 2113 2112 2133 τοι
2142 2100 2197 2133 τόν
2218 2101 2279 2135 σόν
2300 2100 2403 2147 τάφον
2428 2100 2546 2148 λόγοις

1439 2158 1654 2207 ἐπιτυμβίοις
1674 2159 1838 2207 αἱροῦμαι
1860 2161 2020 2206 κοσμεῖν,
2038 2160 2095 2194 καὶ
2117 2160 2188 2201 τοῖς
2209 2146 2298 2196 πᾶσί
2315 2163 2427 2207 τιμᾷν·
2444 2161 2546 2204 βαίνω

1439 2223 1467 2256 δ’
1494 2220 1583 2269 ὅμως
1608 2220 1768 2263 κατόπιν,
1795 2221 1833 2256 τό
1859 2220 2098 2264 βεβουλῆσθαι
2123 2222 2223 2271 μόνον
2249 2223 2375 2267 διδούς,
2400 2227 2459 2259 τοῦ
2483 2225 2545 2270 μέν

1439 2297 1490 2318 τοι
1518 2281 1722 2322 δεδυνῆσθαι
1748 2283 1852 2332 πόρ’ῥω
1873 2297 1939 2319 που
1966 2282 2173 2319 διεκπίπτων·
2194 2282 2357 2333 θρηνοῦσι
2383 2286 2418 2321 δέ
2443 2286 2546 2322 πάλιν

1439 2345 1474 2380 οἱ
1497 2341 1557 2385 την
1583 2345 1647 2385 σήν
1669 2344 1836 2384 δήπουθεν
1859 2346 1956 2393 σορόν
1975 2346 2248 2394 περιΐστάμενοι,
2268 2348 2333 2387 καὶ,
2353 2346 2433 2383 καθ’
2455 2348 2546 2383 ἔται,

1437 2407 1510 2454 ρίαν
1533 2407 1742 2456 ’ἡρμοσμένοι
1764 2409 1823 2444 καὶ
1845 2410 2018 2456 φιλοῦντες
2039 2421 2079 2443 σε
2098 2409 2256 2457 μάλιστα
2276 2409 2335 2444 καί
2355 2410 2546 2458 ἀντιφιλοῦ-

1437 2477 1542 2517 μενοι·
1567 2468 1778 2519 θρηνήσουσι
1801 2473 1828 2504 δ’
1851 2467 1904 2511 οἷς
1929 2484 1960 2504 τι
1986 2473 2119 2517 μᾶλλον
2141 2474 2201 2506 τοῦ
2219 2470 2331 2519 λέγειν
2353 2474 2413 2507 τῶν
2432 2470 2544 2508 ἀλλων

1437 2524 1616 2579 περίεστιν·
1641 2531 1664 2570 ἦ
1683 2532 1752 2579 γάρ
1775 2532 1819 2571 ση“
1847 2531 1930 2575 δόξα
1949 2532 2040 2571 κοινή
2065 2535 2137 2574 τοῖς
2159 2534 2262 2568 πᾶσιν
2283 2533 2469 2581 ἐτύγχανεν
2490 2533 2546 2569 οῦ-

1439 2601 1496 2627 σα·
1518 2591 1631 2641 ὥσπερ
1652 2593 1692 2632 δη“
1719 2593 1780 2628 καιΙ
1799 2594 1844 2627 τοὶ
1863 2596 1926 2634 τῆς
1952 2592 2081 2642 ζημίας
2104 2593 2179 2630 ἔστι
2200 2594 2302 2629 κοινά·
2324 2593 2393 2630 οἷον
2415 2595 2447 2629 εἷ
2464 2597 2540 2644 περὶ

1438 2653 1496 2689 τόν
1521 2654 1614 2693 Ιν’ἰλιον
1639 2657 1756 2693 τοῦτον
1781 2656 1836 2690 τὸν
1863 2657 1923 2697 τῆς
1951 2655 2081 2704 ’ἡμέρας
2114 2655 2295 2704 ὀφθαλμόν
2327 2657 2432 2692 κοινόν
2461 2656 2543 2692 ὄντα

1437 2718 1600 2764 φωστῆρα
1619 2715 1657 2751 ἔκ
1678 2730 1766 2757 τινος
1788 2710 2042 2765 συμπτώματος
2061 2716 2174 2759 πάθος
2195 2717 2228 2752 τί
2246 2719 2304 2753 καὶ
2330 2716 2542 2766 ἐπιπρόσθη-

1439 2790 1494 2818 σις
1521 2776 1647 2819 συνέβη
1675 2780 1736 2812 τῶν
1761 2777 1899 2813 ἀκτίνων
1925 2778 2032 2813 αὐτοῦ
2051 2779 2109 2813 καὶ
2135 2780 2195 2819 τῆς
2215 2779 2442 2826 λαμπηδόνος·
2461 2784 2540 2826 παρ’

1437 2838 1550 2873 οὐδέσι
1575 2838 1643 2886 γάρ
1668 2841 1728 2873 τῶν
1753 2841 1814 2880 τῆς
1839 2837 1920 2874 καθ’
1945 2839 2039 2886 ἡμᾶς
2071 2838 2270 2888 οἰκουμένης
2296 2837 2393 2887 οἶμαι
2419 2840 2454 2875 δέ
2481 2841 2540 2876 καί

1437 2901 1498 2934 τῶν
1524 2899 1574 2940 εἷς
1600 2899 1645 2933 τοὶ
1668 2899 1808 2947 ἔσχατα
1829 2899 1958 2941 ταύτης
1979 2899 2169 2944 οἷκούντων,
2190 2900 2230 2936 οὐ
2255 2903 2420 2943 πλεῖστος
2441 2901 2541 2949 γεγέ-

1437 2975 1534 3000 νηται
1559 2960 1664 3007 λόγος
1689 2962 1765 3009 περὶ
1794 2963 1854 3003 τῆς
1880 2961 1972 2996 κατ-οὶ
1994 2962 2034 2997 σε’
2060 2963 2188 3003 ταύτης
2212 2961 2352 3010 ζημίας.

1514 3025 1572 3059 14.
1596 3022 1665 3057 Καὶ
1693 3022 1736 3057 σύ
1760 3023 1823 3069 μέν
1847 3022 1932 3071 οἴχῃ
1959 3022 2084 3067 θανών,
2107 3024 2201 3070 ’ἡμᾶς
2227 3026 2254 3059 δ’
2280 3023 2538 3072 ἀπαραμυθήτῳ

1437 3082 1552 3120 πένθει
1584 3084 1642 3119 καιι
1672 3082 1836 3130 ἀπαύστῳ
1869 3085 1962 3134 λύπη
1990 3086 2050 3121 καί
2077 3083 2214 3130 ἀθυμία
2242 3085 2452 3134 περιέβαλες·
2478 3085 2536 3123 οὐκ

1436 3146 1530 3182 ἔστιν
1555 3145 1611 3181 ὅτε
1638 3148 1702 3181 σοῦ
1727 3149 1788 3182 τοῦ
1807 3147 2017 3196 παναρίστου
2041 3148 2092 3196 μή
2116 3147 2360 3195 μεμνημένους·
2380 3147 2445 3196 οὐχ
2466 3147 2538 3188 ἥκι-

1438 3223 1507 3245 στα
1528 3212 1555 3244 δ’
1576 3207 1794 3256 ἀνιασόμεθα
1813 3210 1916 3245 ὁπότε
1937 3212 1999 3251 τῆς
2021 3213 2086 3251 σῆς
2106 3210 2260 3257 γλώττης
2279 3209 2396 3257 ἑορτήν
2418 3211 2534 3260 σφόδρ’

1435 3270 1679 3313 ἐπιποθοῦντες
1714 3271 1829 3308 οὐκέθ’
1856 3271 1986 3320 ἕξομεν·
2013 3269 2046 3308 ἓν
2070 3272 2161 3320 ἦμόν
2194 3272 2352 3320 ἐπισχεῖν
2384 3274 2440 3308 τόν
2461 3273 2536 3322 ῥοῦν

1435 3335 1496 3367 τῶν
1523 3332 1666 3381 δακρύων
1695 3334 1886 3378 δεδύνηται,
1909 3334 1949 3369 τό
1977 3332 2061 3369 οὕτω
2087 3347 2127 3369 σε
2157 3334 2286 3373 δηλαδή
2319 3338 2534 3383 μακαριστοῦ

1435 3397 1496 3430 τοῦ
1519 3395 1656 3439 τέλους,
1678 3395 1736 3430 καί
1763 3397 1822 3436 τῆς
1842 3395 2000 3437 ἀποικίας
2019 3396 2062 3437 ὤς
2083 3394 2219 3437 ἐπόθεις
2239 3398 2367 3445 τυχεῖν·
2386 3397 2448 3436 τήν
2471 3397 2533 3445 μὲν

1435 3458 1502 3504 γάρ
1530 3458 1707 3499 τελευτήν,
1735 3456 1819 3506 πρός
1847 3472 1883 3492 τε
1912 3460 1973 3492 τῶν
2006 3456 2101 3493 θείων
2134 3457 2270 3506 ἀνδροῖν,
2298 3458 2382 3507 πρός
2409 3474 2445 3494 τε
2474 3463 2533 3495 τῶν

1435 3516 1576 3562 ἔξωθεν,
1600 3520 1660 3554 καὶ
1693 3520 1778 3567 προ“ς
1811 3521 1874 3555 σοῦ
1905 3519 2065 3567 δόγματα
2093 3521 2155 3556 καί
2185 3521 2326 3563 κανόνας
2357 3520 2535 3571 ε’πικαίρως

1435 3581 1511 3629 περὶ
1539 3583 1599 3622 τῆς
1625 3580 1783 3629 ἐπικήρου
1805 3583 1954 3621 ταυτησὶ
1975 3580 2063 3629 ζωῆς
2085 3580 2281 3631 ὁριζομένου
2302 3583 2339 3618 τέ
2360 3583 2419 3619 καὶ
2439 3588 2535 3631 φιλο-

1435 3645 1619 3690 σοφοῦντος
1640 3643 1820 3688 ε’κάστοτε,
1835 3645 1941 3679 κοινὸν
1955 3643 2030 3691 ὅρον
2047 3644 2251 3694 γινώσκομεν
2267 3645 2349 3693 ἤμῖν
2364 3648 2436 3688 τοῖς
2453 3645 2535 3693 ἔφη·

1433 3704 1560 3753 μέροις·
1581 3704 1620 3740 τό
1641 3706 1674 3740 δέ
1702 3707 1756 3741 τόν
1779 3704 1851 3749 βίον
1876 3706 2091 3754 μεταλλάξαι
2113 3708 2197 3758 προ“ς
2217 3710 2332 3744 πᾶσαν
2352 3708 2475 3757 ἀρετήν
2496 3708 2533 3744 ἐκ

1433 3767 1554 3809 παιδός
1579 3767 1749 3816 τραφέντα
1768 3769 1826 3804 καὶ
1848 3767 2060 3814 αὐξηθέντα,
2081 3773 2180 3806 τοῦτο
2202 3773 2230 3805 δ’
2251 3770 2310 3806 οὐκ
2331 3771 2410 3807 ἄνευ
2436 3754 2533 3812 θείάς

1432 3827 1554 3877 μοίρας
1580 3827 1657 3867 θείη
1684 3829 1736 3870 τίς
1760 3829 1810 3864 α’ν·
1834 3830 1877 3872 ὤς
1903 3829 1951 3872 εἷς
1977 3830 2016 3866 τό
2041 3834 2192 3880 κρεῖττον
2213 3831 2367 3881 ἄντικρυς
2393 3831 2532 3871 εὐκλεῶς

1433 3891 1670 3941 παραπέμπον·
1687 3891 1764 3928 ἀλλ’
1782 3893 1815 3929 εἴ
1835 3907 1885 3936 τις
1900 3893 2082 3940 αἴσθησις,
2097 3894 2163 3942 θεῷ
2182 3896 2250 3944 γάρ
2268 3894 2367 3942 ζῶσιν
2389 3895 2421 3930 οἱ
2443 3894 2532 3930 κατοὶ

2583 1672 2604 1701 5.
2624 1675 2668 1700 87.
2685 1679 2716 1700 a.

2574 3215 2595 3243 f.
2614 3218 2659 3243 87.
2681 3214 2711 3243 b.
