2970 4420
494 278 549 323 16
756 298 759 302 ·
1425 288 1573 324 moins
1605 287 1781 323 Anum

615 374 776 423 Subdit
801 370 1094 425 Pos'sevinus:
1128 378 1177 423 in
1201 376 1534 426 ecclesiastem,
1563 375 1803 421 canticum
1825 375 2117 422 canticorum
2130 413 2140 427 ,
2171 376 2221 422 in
2249 373 2493 424 duodecim
2515 375 2718 442 prophe-

488 465 583 504 tas,
618 453 667 499 in
696 466 902 516 quatuor
933 455 1199 518 evangelia,
1231 454 1281 499 in
1309 465 1420 499 acta
1452 452 1792 515 apostolorum,
1825 451 1875 498 in
1905 452 2126 517 epistolas
2158 454 2325 506 Pauli,
2351 452 2605 505 Iohannis,
2632 456 2718 500 Ia-

486 529 590 575 cobi
613 543 659 576 et
688 532 833 577 Petri.
861 532 956 578 Sed
987 548 1094 578 cum
1121 530 1330 577 eiusdem
1361 540 1492 575 extet
1513 527 1774 592 explicatio
1807 528 1856 575 in
1889 530 1994 581 Iob,
2025 547 2181 578 vereor
2212 531 2326 594 quin
2355 531 2403 576 ei
2428 532 2511 583 sit,
2541 543 2593 578 ut
2611 532 2718 594 sor-

484 607 625 653 tassis
649 608 778 655 aliae
799 609 938 671 salso
962 609 1213 672 ascriptae.
1252 608 1379 654 Nam
1411 617 1457 651 et
1480 605 1531 651 in
1553 606 1710 651 decem
1737 607 2073 671 manuscriptis
2096 608 2281 672 graecis
2312 608 2569 659 codicibus,
2600 625 2716 671 quos

484 685 663 745 Paulus
683 685 949 731 'Comitolus
981 697 1137 730 noster
1167 702 1191 729 e
1225 683 1371 730 variis
1395 681 1687 729 bibliothecis
1713 682 1991 753 conquisivit
2023 684 2081 730 o'b
2107 697 2324 731 catenam
2344 697 2540 749 patrum
2574 701 2716 749 grae-
2752 714 2757 720 -

482 777 642 807 corum
677 761 726 807 in
760 761 846 807 Iob
877 777 910 807 a
940 778 987 807 se
1021 776 1202 807 versam
1216 797 1226 811 ,
1257 760 1414 806 nullus
1444 771 1583 805 extat
1609 759 1658 805 in
1691 759 1786 807 illis
1810 759 2026 812 Nicetas,
2049 773 2243 825 praeter
2265 777 2411 824 quam
2446 762 2496 807 in
2526 762 2708 812 codice,

481 838 565 900 qui
592 850 697 883 erat
728 836 957 884 Iohannis
987 853 1019 883 a
1041 854 1079 883 s.
1110 837 1299 882 Andrea
1326 835 1546 882 canonici
1573 836 1868 900 parisiensis.
1908 837 2031 891 Quin
2064 837 2211 883 etiam
2247 855 2354 884 cum
2382 838 2428 883 ei
2448 837 2628 898 suisset
2664 838 2715 883 in

480 915 650 960 Galliis
680 929 712 959 a
738 915 945 976 quodam
967 912 1201 958 attributa
1217 949 1227 962 ‚
1257 912 1382 957 idem
1412 913 1664 959 Comitolus
1691 904 1741 958 in
1769 907 2113 977 disputatione,
2145 929 2289 975 quam
2315 915 2374 960 de
2395 914 2495 960 eius
2518 926 2715 960 catenae

478 1003 669 1037 auctore
701 1006 816 1037 suae
851 989 1051 1037 versioni
1075 988 1333 1053 praefixit,
1375 988 1539 1035 solidis
1572 989 1741 1036 evincit
1774 989 2094 1054 argumentis,
2133 1007 2239 1037 eam
2271 992 2457 1038 nullam
2486 1007 2603 1041 esse,
2632 991 2717 1037 sed
2770 1043 2773 1046 ,

480 1066 813 1130 Olympiodoro
843 1065 1167 1115 tribuendam.
1199 1065 1285 1127 qui
1313 1082 1336 1110 c
1367 1077 1575 1128 quatuor
1605 1077 1650 1112 et
1683 1066 1857 1129 viginti
1892 1066 2117 1112 Graeciae
2142 1064 2385 1113 doctorum
2407 1067 2714 1131 explanatio-

477 1143 614 1189 nibus
647 1143 781 1189 illam
819 1142 1078 1188 conteoeuit.
1116 1143 1168 1188 In
1210 1143 1425 1188 Bavariae
1461 1143 1592 1189 ducis
1622 1142 1929 1189 bibliothecae
1961 1142 2171 1205 catalogo
2203 1143 2452 1190 adnotatur
2486 1144 2592 1191 cod.
2633 1146 2708 1190 12.

477 1230 523 1267 et
560 1222 634 1266 13.
675 1222 850 1267 Catena
884 1218 1079 1264 Nicetae
1112 1220 1365 1266 Serrarum
1397 1219 1603 1284 episcopi
1636 1219 1687 1266 in
1719 1218 2031 1266 Matthaeum.
2061 1221 2247 1266 Catena
2279 1220 2487 1266 eiusdem
2519 1220 2713 1266 Nicetae

476 1298 526 1342 in
556 1296 852 1360 evangelium
875 1298 925 1342 S.
953 1294 1200 1342 Iohannis.
1237 1297 1294 1343 Et
1318 1298 1366 1342 in
1389 1295 1671 1344 bibliotheca
1697 1304 1946 1359 augustana
1972 1294 2198 1343 habentur
2214 1289 2495 1343 :scarionem
2514 1309 2712 1360 patrum

474 1373 799 1420 enarrationes
829 1372 879 1419 in
909 1358 1206 1437 evangelium
1237 1375 1286 1420 S.
1315 1375 1491 1425 Lucae,
1527 1374 1696 1436 Nc‘ceta
1726 1374 1984 1420 collectore.

598 1452 769 1498 Visitur
797 1453 845 1497 in
872 1452 1077 1498 vaticana
1102 1451 1384 1499 bibliotheca
1418 1452 1563 1499 codex
1591 1454 1637 1498 in
1670 1450 1940 1499 membrana
1971 1453 2273 1498 minutissime
2307 1461 2353 1499 et
2378 1452 2712 1514 elegantissime

471 1531 667 1591 scriptus
706 1544 812 1574 cum
854 1529 941 1574 hac
980 1528 1249 1591 epigraphe.
1287 1516 1578 1594 Συναγωγῆ
1624 1517 1907 1592 ἐξηγήσεων
1945 1519 2015 1580 εἷς
2047 1518 2105 1572 vr&
2149 1518 2278 1572 κατὰ
2317 1519 2519 1573 Λουκὸῖν
2555 1516 2708 1591 ἅγιον

473 1594 789 1669 εὐαγγέλιον
823 1594 877 1648 ἐκ
909 1591 1164 1670 διαφόρων
1198 1597 1503 1669 ἑρμηνέως-ὦν
1533 1595 1686 1669 παρὰ
1717 1594 1917 1652 Νωὶῆτα
1948 1592 2187 1650 διακόνου
2219 1596 2307 1657 τῆς
2339 1596 2434 1649 τοῦ
2463 1595 2598 1650 θεοῧ
2628 1618 2733 1666 με··

470 1671 641 1746 γάλης
675 1671 942 1732 ἐκκλησίας
975 1671 1023 1726 ἐν
1055 1676 1289 1739 βιβλίοις
1323 1669 1376 1724 δ’
1410 1682 1490 1744 (1).
1533 1681 1747 1728 Collectio
1773 1681 2150 1746 explicationum
2180 1681 2231 1726 in
2259 1694 2475 1727 sanctum
2509 1698 2710 1745 evange-

469 1759 595 1806 lium¹
610 1758 863 1806 secundum
897 1759 1096 1808 Lucam,
1126 1774 1189 1803 ea:
1214 1758 1361 1805 variis
1386 1758 1718 1822 interpretibus
1746 1775 1836 1821 per
1859 1758 2076 1804 Nicetam
2102 1758 2355 1804 diaconum
2386 1773 2596 1821 magnae
2618 1758 2711 1804 Dei

469 1836 710 1887 ecclcsiae,
748 1835 884 1881 libris
915 1847 1136 1898 quatuor.
1176 1828 1229 1877 P.
1258 1825 1357 1898 Ἓξ
1393 1825 1557 1898 ἆρχῆς
1590 1823 1682 1896 μὲν
1718 1824 1742 1876 ὅ
1778 1824 1904 1886 θεὸς
1939 1822 2003 1878 δι’
2037 1825 2225 1879 ἑαυτοῦ
2257 1825 2367 1886 τοῖς
2401 1824 2709 1900 ἀνθρώποις

470 1900 753 1975 διελέγετο.
790 1913 843 1958 In
877 1928 968 1974 qua
999 1906 1179 1975 sylloge
1214 1912 1332 1959 illud
1366 1913 1601 1975 singulare
1635 1913 1859 1964 cernitur,
1887 1911 2016 1973 quod
2049 1912 2238 1958 cumin
2269 1911 2568 1969 aliislcatenis
2600 1929 2707 1960 sen-

467 1991 635 2036 tentiae
668 1997 854 2051 patrum
878 1988 1033 2035 verbis
1064 1990 1351 2041 decurtatae,
1380 1997 1424 2035 et
1450 1989 1727 2051 compendio
1752 1988 2028 2042 efferantur,
2054 1989 2156 2035 heic
2186 1990 2424 2050 ipsissimis
2453 1988 2608 2036 verbis
2638 1992 2705 2036 uti

466 2067 614 2113 iacent
648 2074 822 2119 textus,
848 2066 991 2112 nullis
1027 2067 1122 2112 suis
1149 2065 1358 2129 partibus
1390 2066 1619 2111 imminuti
1652 2064 1949 2126 digeruntur,
1977 2072 2029 2111 ut
2061 2079 2157 2111 non
2189 2065 2334 2112 frusta
2364 2067 2706 2128 interpretatio—

466 2159 600 2197 num,
628 2143 710 2189 sed
742 2144 946 2205 integrae
978 2143 1105 2205 ipsae
1134 2143 1556 2206 interpretationeS,
1584 2150 1630 2188 et
1662 2149 1841 2188 tantum
1869 2157 1965 2188 non
1989 2142 2223 2189 orationes
2256 2141 2593 2190 describantur.
2631 2145 2705 2189 In-

462 2228 687 2281 terpretes
719 2228 847 2273 sunt,
875 2235 934 2266 ne
959 2227 1004 2265 te
1034 2234 1222 2281 quoque
1244 2219 1294 2265 id
1318 2220 1481 2272 lateat,
1509 2218 1776 2271 Africanus,
1805 2218 2065 2264 Alexander
2092 2220 2373 2273 monachus,
2401 2218 2699 2275 Ambrosius,

462 2296 838 2358 Amphilochius,
873 2297 1166 2349 Anastasius,
1202 2297 1442 2359 Antipater
1475 2295 1753 2351 bostrensis,
1789 2295 2098 2358 Apollinari5‚
2134 2297 2361 2352 Asterius,
2394 2298 2700 2353 Athanasius,

465 2373 682 2427 Basilius,
710 2373 941 2428 Clemens,
969 2374 1155 2419 Cosmas
1177 2373 1455 2426 monachus,
1481 2372 1759 2434 CyprianuS,
1787 2372 1984 2434 Cyrillus
2000 2372 2355 2427 alexandrinus,
2383 2374 2584 2436 Cyrillus
2605 2374 2704 2421 hie-

462 2450 845 2511 rosolymitanus,
877 2452 1122 2511 Dionysius
1155 2450 1503 2502 alexandrinus,
1541 2449 1786 2510 Dionysius
1819 2451 2104 2511 areopagita,
2131 2450 2415 2504 Dorotheus,
2445 2451 2697 2513 Ephraem,

459 2527 744 2590 Epiphanius
777 2528 987 2589 cyprius,
1018 2526 1263 2580 Eusebius,
1296 2526 1547 2587 Eutychius
1580 2525 1860 2589 patriarcha,
1887 2523 2134 2587 Evagrius‚
2162 2527 2427 2580 Flavianus,
2454 2529 2701 2590 Gregorius

461 2620 708 2666 nyssenus,
736 2606 983 2666 Gregorius
1014 2604 1287 2665 theologus,
1315 2604 1620 2667 Hippolytus,
1648 2604 1897 2666 Hypatius,
1928 2604 2152 2664 Ignafius,
2181 2604 2410 2652 Iohannes
2441 2606 2697 2659 cassianus,

459 2681 685 2728 Iohannes
711 2680 1082 2749 chrysostomus,
1106 2680 1334 2727 Iohannes
1358 2681 1547 2732 climax,
1578 2680 1804 2727 Iohannes
1830 2680 2127 2727 damascenus
2143 2716 2153 2731 .
2181 2679 2409 2728 Iohannes
2433 2691 2696 2744 geometra,

459 2755 702 2820 Iosephus,
734 2759 971 2812 Irenaeus,
1004 2758 1127 2804 Isaac
1159 2758 1437 2810 monachus,
1470 2757 1674 2803 Isidorus
1704 2757 1955 2819 pelusiota,
1989 2759 2211 2810 Iustinus,
2245 2759 2490 2813 Macarius,
2519 2760 2698 2806 Marcus

458 2836 736 2888 monachus,
765 2836 1008 2886 Maximus,
1038 2834 1299 2881 Methodius
1334 2835 1609 2896 patarensis,
1641 2834 1819 2880 Nicetas
1852 2836 1931 2896 qui
1969 2843 2014 2880 et
2047 2835 2220 2887 David,
2257 2835 2412 2889 Nilus,
2450 2836 2693 2897 Origenes,
2757 2853 2760 2857 ’

458 2913 625 2959 Paulus
648 2904 911 2965 emesenus,
940 2913 1094 2966 Philo,
1123 2912 1310 2959 Photius
1332 2912 1613 2974 patriarcha,
1644 2912 1854 2965 Proclus‚
1885 2913 2076 2958 Severus
2103 2913 2423 2966 antiochenus,
2454 2913 2693 2966 Silvester,

458 2992 643 3037 Simeon
666 2989 999 3052 metaphrastes
1014 3024 1025 3042 ,
1055 2991 1268 3052 Synesius
1282 3025 1293 3044 ,
1318 2989 1655 3042 TheodoretuS‚
1677 2989 1946 3035 Theodorus
1967 2999 2318 3051 mopsuestenus
2332 3025 2342 3042 ‚
2368 2990 2690 3051 Theophanes,

456 3070 582 3115 Titus
613 3067 891 3121 bostrensis,
918 3068 1074 3113 Victor
1098 3066 1341 3130 presbyter
1372 3067 1454 3129 (2).
1491 3068 1557 3112 Ex
1590 3066 1661 3112 his
1695 3066 1886 3129 prolixis
1915 3065 2167 3126 admodum
2201 3066 2565 3128 expositionibus
2597 3066 2695 3112 col-

456 3146 597 3190 lectae
621 3153 726 3191 sunt
754 3146 1063 3207 expositiones
1089 3145 1234 3206 magis
1257 3145 1510 3190 succinctae
1544 3159 1569 3190 a
1602 3143 1812 3189 studioso
1840 3138 2045 3204 quodam
2070 3144 2117 3188 in
2144 3142 2268 3189 idem
2293 3142 2607 3204 evangelium,
2636 3159 2694 3189 ne

455 3221 653 3285 lectione
675 3229 768 3267 tam
796 3221 933 3283 longa
964 3221 1161 3268 lectores
1194 3220 1581 3273 absterrerentur,
1608 3236 1726 3282 quae
1758 3221 1803 3265 in
1839 3219 2131 3265 bibliothecis
2163 3219 2325 3265 italicis
2358 3218 2590 3280 leguntur.

582 3296 793 3344 Relatum
833 3300 970 3344 etiam
1004 3299 1119 3358 mihi
1157 3307 1249 3351 est,
1287 3307 1441 3344 extare
1475 3296 1562 3344 sub
1595 3298 1780 3344 nomine
1814 3296 2020 3342 eiusdem
2051 3310 2079 3341 e
2112 3296 2305 3342 diversis
2338 3296 2448 3342 item
2483 3295 2692 3357 patribus

458 3372 506 3416 in
541 3372 776 3418 Matthaei
807 3374 1103 3438 evangelium
1138 3374 1504 3438 expositionem,
1543 3382 1787 3436 patresque
1819 3376 1938 3424 e'sse,
1976 3371 2290 3432 Apollinarem
2314 3406 2325 3423 ,
2360 3372 2686 3425 Athanasium,

455 3447 696 3501 Basssium,
725 3450 945 3510 Cyrillum
979 3451 1350 3504 alexandrinum,
1386 3450 1720 3513 Epiphanium·‚
1753 3448 1998 3495 Eusebium
2031 3448 2381 3500 caesariensem,
2416 3449 2689 3509 Gregorium

456 3526 799 3579 nazianzenum,
827 3528 1095 3589 Gregorium
1121 3544 1392 3591 nyssenum,
1418 3528 1691 3589 Gregorium
1719 3525 2116 3586 thaumaturgum,
2145 3523 2397 3571 Iohannem
2428 3523 2691 3584 chrysosto-

509 3708 513 3713 ,
540 3670 587 3710 (t)
612 3667 665 3702 Ex
689 3667 757 3703 hoc
782 3668 861 3715 ipso
888 3668 1011 3706 codice
1035 3671 1213 3717 plurimas
1239 3673 1472 3720 egregiasque
1496 3672 1533 3709 S.
1561 3670 1687 3719 Cyritli
1712 3670 1802 3707 alex.
1831 3674 1949 3717 partes
1973 3677 2040 3714 nos
2066 3666 2285 3714 protulimus
2310 3666 2349 3702 in
2374 3665 2580 3705 Bibl...nov.
2607 3664 2679 3700 PP.

458 3727 501 3762 T.
530 3726 579 3763 Π.
605 3727 698 3762 Item
723 3727 814 3763 alias
839 3727 996 3765 aliorum
1022 3731 1171 3767 Patrum
1194 3732 1236 3768 in
1258 3727 1392 3779 Script.
1417 3736 1486 3768 vet.
1515 3732 1558 3767 T.
1586 3731 1653 3766 IX.
1680 3732 1724 3765 A.
1752 3730 1804 3767 M.

538 3788 586 3829 (2)
610 3785 724 3822 Paulo
756 3787 1045 3824 numerosiorem
1076 3791 1270 3828 nominum
1295 3790 1455 3827 indicem
1470 3818 1479 3836 ,
1505 3789 1700 3837 adscriptis
1733 3789 1842 3826 etiam
1867 3786 2003 3824 codicis
2027 3786 2139 3830 locis,
2168 3797 2234 3823 nos
2260 3785 2429 3822 dedimus
2454 3785 2497 3820 T.
2525 3785 2591 3820 lx.
2618 3784 2683 3819 cit.

462 3855 498 3892 p.
527 3848 607 3882 723.
635 3847 715 3881 724.
742 3846 786 3881 A.
814 3846 865 3882 Μ.
