2970 4420
1348 262 1451 295 vm
1459 281 1471 294 0
2454 269 2536 303 111

273 353 375 384 cum
406 339 514 383 baec
546 337 756 392 traderet,
788 349 878 380 non
909 338 1084 392 vulgare
1115 342 1439 394 praeceptorum
1474 348 1650 380 suorum
1684 336 1923 392 exemplum
1956 343 2090 392 esset;
2122 351 2202 383 nec
2236 343 2375 385 minus
2411 357 2537 400 quam

199 419 207 433 ¹
278 415 442 454 veteres
467 409 555 463 illi,
579 420 692 463 quos
716 408 829 450 inter
857 408 1201 464 praecipiendum
1229 408 1430 452 laudabat
1456 413 1676 461 auctores,
1699 407 1958 462 imitandus;
1981 421 2124 451 severe
2149 410 2254 453 illud
2283 413 2536 469 observans,

274 495 329 524 ne
356 492 455 524 cum
482 480 597 534 ipse,
629 483 723 522 tum
747 479 902 532 ceteri,
933 479 979 521 in
1006 479 1152 523 schola
1180 479 1263 523 alio
1296 491 1425 534 quam
1453 483 1596 521 vetere
1626 490 1780 534 graeco
1808 491 2004 521 sermone
2034 485 2268 525 uterentur.

393 552 466 594 33.
502 550 741 593 Iustiniauo
759 550 848 592 vita
870 550 1020 593 functo
1034 582 1046 605 ,
1069 553 1233 607 excepit
1257 551 1427 605 collegii
1449 563 1595 594 curam
1618 563 1642 593 e
1666 550 1952 594 cardinalium
1978 564 2157 594 numero
2183 553 2406 608 Maphaeus
2431 556 2537 598 Bar·

278 624 473 676 bei-inus,
505 624 571 665 vir
599 623 741 678 magni
776 634 854 677 per
886 635 936 664 ea
961 626 1156 678 tempora
1187 623 1368 665 nominis
1385 655 1397 677 ,
1414 623 1581 678 -suique
1610 622 1774 666 ordinis
1807 624 2080 676 auctoritate,
2114 624 2250 678 gratia
2278 628 2404 680 atque
2435 638 2540 670 con-

268 696 369 738 silio
402 694 523 737 facile
556 694 780 749 princeps,
813 706 951 749 eoque
984 707 1070 737 non
1102 694 1239 737 multo
1273 698 1421 749 postea
1454 706 1667 736 summum
1697 693 1997 749 pontificatum
2033 693 2227 750 adeptus.
2261 696 2456 750 Spectata
2490 698 2536 740 in

273 779 326 809 eo
349 767 506 809 ceteris
534 765 834 821 anteponendo
862 767 1042 808 maxime
1073 770 1136 808 est
1164 765 1386 819 singularis
1418 765 1499 808 viri
1529 765 1752 820 doctrina,
1786 770 1829 808 et
1854 765 2082 808 mirificum
2114 778 2213 821 erga
2246 779 2369 809 omne
2405 779 2535 822 genus

272 838 511 880 litterarum
541 835 728 878 studium
756 848 806 878 ac
832 837 1056 889 voluntas,
1080 848 1178 878 cum
1200 836 1312 878 inter
1343 838 1648 891 occupationes
1682 837 2028 891 gravissimorum
2056 850 2304 891 munerum,
2328 849 2438 893 quae
2465 851 2537 893 ge-

267 907 422 962 rebat,
446 907 660 961 elegantes
685 907 827 961 lusus,
851 908 1071 963 ipsamque
1094 907 1330 950 carminum
1354 908 1602 950 suavitatem
1626 907 1874 962 admittere,
1899 908 2021 963 gravi
2044 913 2087 950 et
2115 910 2424 964 sapiente‚viro
2447 922 2533 952 non

268 979 457 1022 alienum
485 982 676 1034 putarett
710 982 887 1034 eratque
916 978 1116 1036 frequens
1143 978 1206 1021 illi
1233 982 1277 1021 et
1301 977 1517 1020 familiaris
1545 978 1811 1021 consuetudo
1842 991 1939 1021 cum
1967 979 2204 1022 illustribus
2235 980 2301 1022 sui
2329 981 2536 1037 temporis

243 1065 246 1068 ⁴
270 1048 437 1105 poEtiS,
470 1052 514 1092 et
542 1052 682 1092 cetera
715 1048 884 1093 dicendi
919 1050 1046 1093 laude
1079 1049 1408 1105 praestantibus.
1447 1048 1529 1093 Sed
1563 1050 1790 1105 praecipue
1825 1050 2058 1094 Grecorum
2095 1051 2361 1106 eloquentiae
2396 1051 2536 1094 admi-

269 1123 392 1163 rator
419 1118 524 1175 fuit3
554 1120 675 1176 quod
704 1120 878 1177 quidem
901 1121 1062 1176 ingenii
1092 1125 1423 1175 ornamentum,-
1442 1123 1541 1177 quia
1566 1121 1812 1165 adolescens
1844 1124 1891 1164 in
1926 1123 2150 1166 academiis
2179 1123 2345 1177 latinis,
2376 1122 2451 1166 ubi
2483 1135 2534 1166 ea

271 1204 340 1234 res
367 1203 456 1233 non
487 1203 643 1246 magno
667 1192 711 1234 in
736 1193 874 1248 pretio
904 1196 992 1245 est,
1015 1204 1163 1234 secure
1193 1192 1462 1246 neglexerat3
1495 1205 1594 1235 eum
1624 1192 1776 1236 deinde
1807 1193 1988 1236 Parisios
2018 1195 2130 1236 iussu
2163 1194 2388 1237 Clementis
2410 1194 2527 1237 VIII.

266 1262 469 1315 accessit,
502 1263 753 1319 notavitque
779 1264 990 1306 neminem
1019 1263 1080 1305 ibi
1107 1264 1208 1306 satis
1234 1263 1450 1306 eruditum
1479 1266 1647 1320 putari,
1681 1266 1756 1320 qui
1787 1277 1958 1320 graecas
1987 1266 2148 1309 litteras
2181 1279 2268 1309 non
2298 1266 2528 1320 attigisset,

270 1345 424 1388 magno
456 1346 563 1376 ausu
597 1334 921 1390 cognoscendae
955 1335 1046 1377 eius
1078 1334 1248 1389 linguae
1277 1335 1463 1377 animum
1493 1335 1672 1390 adiecit,
1705 1336 1814 1378 nihil
1844 1336 2092 1379 absterritus
2127 1337 2303 1381 immani
2332 1338 2447 1380 mole
2480 1351 2529 1380 ac

266 1405 613 1460 difficultatibus,
645 1419 754 1462 quas
786 1407 949 1450 homini
983 1405 1257 1450 confirmatae
1289 1407 1374 1448 iam
1411 1404 1581 1460 aetatis,
1615 1412 1658 1450 et
1689 1408 1959 1450 maximarum
1997 1421 2138 1451 rerum
2174 1410 2424 1452 tractatione
2459 1409 2529 1451 di-

246 1481 428 1520 ·stracto
457 1476 722 1520 devorandas
745 1477 969 1532 cernebat,
992 1479 1038 1521 in
1060 1482 1150 1520 tam
1178 1489 1326 1533 aspera
1348 1482 1523 1537 tamque
1546 1478 1626 1521 late
1654 1482 1826 1534 patente
1854 1478 2100 1534 disciplina,
2126 1492 2234 1535 quae
2257 1480 2420 1536 primos
2446 1481 2527 1523 im-

266 1553 392 1603 petus
422 1547 607 1603 ingenii,
640 1552 684 1590 et
714 1560 891 1591 vacuam
923 1549 1113 1591 molestis
1142 1561 1170 1591 a
1201 1549 1316 1591 curis
1350 1553 1537 1591 mentem
1566 1549 1792 1592 desiderat.
1824 1549 1905 1592 Sed
1939 1550 2045 1592 nihil
2076 1554 2165 1593 tam
2197 1550 2377 1593 arduum
2393 1582 2407 1606 ,
2440 1564 2527 1606 quo

267 1631 355 1662 non
388 1619 539 1663 ardens
573 1618 763 1663 studium
798 1624 842 1662 et
877 1619 1036 1662 laboris
1071 1620 1329 1675 improbitas
1364 1620 1530 1663 evadat.
1565 1621 1757 1676 Namque
1792 1619 2047 1664 Barberinns
2081 1621 2246 1664 assidue
2282 1622 2525 1665 meditando

262 1689 601 1746 scribendoque,
632 1703 684 1734 ac
711 1691 863 1734 ceteris
889 1690 1282 1743 exercitationibus,
1316 1690 1472 1746 quibus
1500 1690 1629 1733 horas
1655 1690 1887 1734 subcisivas
1920 1705 2084 1735 summa
2119 1705 2217 1735 cum
2246 1694 2374 1735 animi
2405 1694 2529 1735 volu-

265 1765 384 1816 ptate
415 1761 656 1814 tribuebat,
689 1775 777 1805 non
815 1761 957 1804 solum
987 1753 1203 1805 assecutus
1236 1766 1301 1804 est
1335 1766 1385 1804 ut
1413 1763 1642 1817 scriptores
1675 1774 1850 1817 graecos
1880 1763 2042 1806 solutae
2077 1765 2282 1807 orationis
2315 1764 2450 1820 probe
2485 1769 2528 1807 et

262 1832 460 1888 expedite
490 1834 749 1888 perciperet,
781 1833 857 1875 sed
892 1833 1020 1876 etiam
1052 1832 1173 1888 quod
1205 1833 1408 1875 tullianus
1443 1833 1516 1876 ille
1551 1835 1764 1876 Antonius
1797 1836 1980 1889 ingenue
2017 1836 2151 1878 fassus
2187 1840 2251 1878 est
2280 1837 2446 1891 assequi
2481 1849 2526 1878 se

266 1917 355 1948 non
377 1906 592 1960 potuisse,
614 1908 764 1961 poetas
789 1906 950 1961 optime
979 1908 1167 1958 teneret,
1191 1916 1424 1959 eorumque
1448 1905 1656 1948 suavitate
1679 1906 1857 1948 maxime
1886 1911 2128 1962 caperetur,
2152 1919 2201 1949 ac
2227 1908 2349 1949 etiam
2378 1918 2527 1960 graece

263 1976 355 2031 ipse
382 1978 568 2018 carmina
591 1989 681 2019 non
706 1975 979 2019 incommode
1001 1974 1243 2031 expediret3
1268 1988 1322 2018 ne
1346 1975 1455 2019 illud
1481 1975 1654 2031 quidem
1679 1977 1911 2032 elegantiae
1937 1989 2071 2033 genus
2098 1978 2256 2034 ingenii
2280 1979 2343 2020 sui
2370 1990 2525 2019 monu-

263 2047 418 2089 mentis
446 2046 572 2090 editis
599 2047 878 2090 invidendum
908 2047 1166 2089 existimans.
2451 2043 2454 2047 ’

384 2119 458 2160 34.
489 2119 685 2162 Summus
713 2119 948 2162 Barberino
980 2118 1034 2161 ab
1066 2118 1132 2161 his
1159 2117 1312 2162 studiis
1339 2131 1440 2162 usus
1468 2119 1551 2162 fuit
1581 2132 1677 2162 cum
1707 2121 1923 2164 Matthaeo
1947 2121 2237 2177 Caryophilo,
2260 2122 2353 2163 viro
2383 2120 2525 2174 magni

262 2190 446 2245 ingenii,
480 2195 524 2233 et
551 2202 728 2244 magnae
758 2191 804 2234 in
835 2190 1061 2234 scribendo
1093 2189 1328 2234 venustatis
1355 2203 1405 2233 ac
1433 2190 1689 2246 elegantiae,
1723 2203 1851 2247 quem
1885 2192 2033 2235 audire
2064 2204 2214 2247 graece
2249 2192 2520 2247 loquentem,

259 2262 437 2317 quicum
464 2260 759 2305 meditationes
786 2262 831 2303 in
857 2274 909 2304 ea
937 2261 1084 2316 lingua
1114 2274 1212 2305 suas
1243 2263 1582 2316 communicare,
1613 2266 1656 2305 et
1688 2262 1742 2305 de
1770 2267 1866 2306 toto
1894 2263 1971 2306 illo
2005 2249 2159 2318 genere
2190 2263 2423 2305 litterarum
2453 2261 2520 2304 di—

259 2337 434 2388 sputare
463 2333 712 2389 frequenter
740 2332 971 2376 admodum
995 2337 1038 2376 et
1058 2332 1242 2376 iucunde
1271 2332 1453 2381 solebat.
1486 2334 1528 2376 ls
1549 2333 1706 2377 Allatio
1729 2334 1859 2390 paulo
1880 2335 2067 2391 iniquior
2089 2334 2318 2390 putabatur
2343 2337 2525 2389 propter

261 2403 532 2447 obtrectandi
562 2404 774 2458 studium,
807 2403 929 2460 quod
962 2405 1138 2448 existere
1168 2405 1294 2447 facile
1327 2404 1436 2447 solet
1470 2404 1671 2447 adversus
1709 2410 1916 2448 recentem
1951 2419 2003 2449 eo
2042 2406 2170 2461 longe
2203 2415 2522 2460 progressuram

261 2475 432 2518 laudem
461 2477 506 2519 in
535 2476 811 2530 hominibus,
844 2476 920 2531 qui
946 2476 1027 2518 sibi
1057 2476 1202 2519 eadem
1232 2477 1278 2519 in
1306 2476 1432 2520 laude
1461 2477 1620 2532 primas
1649 2476 1871 2530 deferunt,
1904 2478 2125 2534 famaeque
2153 2489 2253 2520 suae
2285 2477 2371 2519 iam
2399 2488 2520 2519 sene-

261 2548 394 2590 scenti
424 2548 479 2590 ab
509 2548 667 2590 alienae
693 2547 967 2590 incrementis
995 2549 1117 2591 anxie
1146 2549 1320 2601 timent3
1352 2547 1519 2603 fuitque
1549 2549 1594 2590 in
1623 2561 1766 2601 causa,
1798 2562 1851 2591 ne
1882 2550 2062 2592 Allatius
2096 2561 2186 2595 non
2217 2548 2355 2591 solnm
2390 2560 2517 2590 occa-

260 2619 383 2662 sione
411 2619 537 2662 huius
566 2619 753 2661 muneris
771 2619 937 2662 nullum
966 2619 1050 2663 sibi
1071 2624 1240 2676 pararet
1269 2618 1432 2662 aditum
1455 2618 1510 2662 ad
1532 2621 1713 2674 gratiam
1742 2620 1876 2664 futuri
1905 2633 2068 2677 paucos
2093 2625 2194 2676 post
2214 2633 2375 2663 menses
2397 2620 2520 2662 Prin-

262 2690 392 2746 cipis,
414 2690 492 2733 sed
521 2689 638 2745 apud
665 2702 764 2732 eum
793 2702 882 2731 non
910 2688 1185 2733 mediocriter
1215 2689 1469 2732 offenderet.
1503 2691 1610 2734 Cum
1634 2691 1749 2733 enim
1771 2690 1924 2733 diserte
1953 2695 2102 2746 pactus
2132 2694 2240 2733 esset
2269 2702 2366 2732 cum
2389 2688 2518 2730 Iusti-

261 2762 418 2815 niano‚
450 2773 506 2803 ne
534 2761 783 2815 cuiusquam
815 2773 1014 2803 censurae
1045 2766 1119 2804 aut
1147 2761 1324 2804 arbitrio
1356 2765 1495 2803 essent
1525 2761 1734 2804 obnoxiae
1763 2774 1830 2804 res
1857 2762 1903 2804 in
1935 2774 1986 2804 eo
2017 2774 2171 2816 genere
2199 2773 2324 2814 suae,
2354 2761 2517 2814 Caryo-

261 2833 405 2888 philus
441 2831 530 2875 sive
569 2831 877 2875 obtrectatione
894 2862 906 2885 ,
943 2835 992 2874 ut
1027 2831 1209 2874 diximus
1226 2863 1238 2884 ,
1275 2833 1444 2874 virtutis
1480 2831 1622 2874 Allatii
1636 2863 1648 2885 ,
1682 2833 1768 2875 sive
1802 2832 1946 2875 studio
1984 2832 2258 2875 ostentandae
2295 2832 2336 2873 in
2375 2830 2515 2872 animo

261 2905 523 2948 Protectoris
550 2905 790 2960 potentiae,
822 2903 1037 2946 orationes
1069 2915 1174 2958 quas
1203 2904 1316 2945 forte
1349 2904 1395 2946 in
1424 2903 1606 2958 collegio
1637 2903 1805 2958 publice
1836 2903 2080 2947 scribendas
2108 2904 2286 2946 Allatius
2316 2901 2512 2954 dederat,

260 2987 566 3030 recognoscere
595 2980 638 3018 et
667 2975 891 3018 emendare
924 2986 1147 3030 aggressus
1179 2978 1243 3017 est
1257 3005 1268 3027 ,
1300 2986 1389 3016 non
1424 2973 1695 3030 improbante
1728 2974 1987 3029 Barberino,
2020 2975 2213 3030 quamvis
2246 2974 2412 3028 egregie
2442 2972 2514 3014 ille

261 3048 473 3090 rationem
491 3059 517 3089 a
536 3059 583 3090 se
614 3046 826 3097 dictorum
858 3045 1133 3098 reddidisset,
1155 3049 1198 3087 et
1224 3045 1655 3100 locupletissimorum
1676 3056 1725 3087 ex
1746 3046 1995 3100 antiquitate
2021 3049 2245 3088 auctorum
2273 3043 2378 3097 fide,
2404 3054 2516 3098 quae

257 3119 343 3162 sibi
378 3119 661 3175 Caryopbilus
694 3119 910 3162 obiecerat
943 3117 1152 3161 diluisset.
1192 3117 1297 3159 Fato
1333 3120 1471 3159 autem
1506 3116 1651 3157 nescio
1687 3128 1775 3171 quo
1812 3117 1900 3159 eius
1930 3116 2199 3159 incrementis
2234 3115 2410 3158 adverso
2442 3114 2511 3158 fa-

259 3195 374 3234 ctum
406 3196 494 3244 est,
526 3195 576 3234 ut
605 3203 696 3233 rem
723 3190 1003 3244 levissimam,
1037 3202 1086 3231 ac
1114 3187 1447 3231 dissimulatione
1477 3186 1546 3228 vel
1574 3188 1670 3229 ioco
1700 3187 1846 3243 potius
1873 3187 2256 3240 transmittendam,
2281 3187 2395 3229 iusto
2424 3186 2509 3228 im-

261 3263 486 3318 patientius
514 3262 675 3306 tulerit.
708 3263 857 3317 Itaque
878 3271 1169 3317 praepropero
1190 3263 1232 3301 et
1251 3258 1407 3301 infelici
1435 3258 1521 3300 suis
1550 3257 1678 3300 rebus
1699 3271 1799 3301 usus
1819 3259 2021 3312 consilio,
2044 3260 2210 3302 veniam
2236 3259 2302 3301 sui
2324 3257 2512 3301 muneris

260 3346 286 3375 a
316 3332 526 3376 cardinali
554 3333 698 3388 petiit:
733 3345 834 3376 mox
862 3345 916 3375 ne
945 3335 1167 3387 expectato
1198 3329 1370 3386 quidem
1400 3330 1490 3371 eius
1519 3341 1711 3383 assensu,
1744 3342 1767 3371 e
1798 3329 1980 3384 collegio
2009 3329 2223 3383 discessit,
2254 3329 2401 3372 relicta
2430 3329 2510 3372 Ca-

257 3404 463 3461 ryophilo
491 3405 710 3460 provincia
738 3403 994 3448 erudiendae
1022 3404 1068 3446 in
1097 3402 1280 3457 collegio
1309 3401 1562 3455 iuventutis3
1587 3413 1715 3456 quam
1743 3400 1814 3443 ille
1843 3401 1986 3444 studio
2007 3403 2096 3445 eius
2124 3401 2407 3444 contentionis
2435 3413 2510 3444 cn-

257 3475 358 3531 pide
388 3475 561 3532 quidem
589 3480 838 3532 temptatam
864 3475 986 3518 brevi
1016 3474 1196 3527 dimisit,
1219 3477 1397 3529 propter
1424 3471 1689 3514 insolentiam
1712 3472 1822 3514 vitae
1851 3471 2025 3515 minime
2043 3473 2214 3527 ingenio
2236 3483 2315 3515 suo
2337 3483 2509 3515 accom-

259 3547 478 3600 modatae,
511 3546 631 3602 quod
665 3547 720 3590 ad
749 3546 1023 3590 scribendum
1051 3546 1195 3601 potius
1229 3556 1356 3600 quam
1392 3542 1447 3586 ad
1478 3541 1718 3585 docendum
1748 3542 1886 3585 factus
1914 3555 1941 3586 a
1968 3547 2120 3588 natura
2148 3543 2388 3599 videretur,
2419 3556 2508 3586 non

259 3618 348 3660 sine
377 3629 530 3672 magna
551 3617 770 3660 Barberini
801 3617 996 3673 querela,
1019 3616 1095 3672 qui
1123 3619 1223 3671 post
1250 3614 1453 3670 adeptum
1481 3614 1608 3656 etiam
1636 3613 1931 3669 pontificatum
1961 3615 2131 3658 auditus
2159 3620 2225 3659 est
2253 3628 2378 3672 saepe
2409 3627 2507 3658 enm

259 3687 439 3742 diceret,
470 3701 560 3731 non
588 3689 748 3732 stetisse
775 3701 853 3744 per
881 3688 1087 3731 Allatium
1121 3687 1227 3742 quin
1256 3698 1431 3740 graecae
1466 3685 1630 3728 litterae
1658 3685 1704 3727 in
1734 3685 1994 3729 Graecorum
2029 3687 2212 3741 collegio
2246 3688 2499 3730 interissent.

257 3757 523 3815 Quamquam
553 3771 635 3815 ego
666 3759 870 3802 Allatium
898 3771 987 3802 non
1017 3757 1231 3801 eruditum
1260 3756 1391 3799 modo
1422 3755 1621 3810 doctum,
1646 3755 1719 3798 sed
1748 3756 1876 3800 etiam
1907 3768 2077 3812 gravem
2107 3761 2151 3800 et
2178 3759 2405 3814 sapientem
2437 3759 2502 3799 vi-

258 3841 354 3871 rum
379 3820 472 3872 'aese
502 3833 668 3883 statuo,
692 3833 834 3874 tamen
862 3828 1041 3871 inficiari
1070 3838 1157 3870 non
1186 3838 1358 3882 possum
1387 3824 1529 3869 bacin
1552 3838 1598 3869 re
1628 3827 1739 3869 cauti
1767 3826 1811 3870 in
1840 3839 1892 3870 eo
1922 3831 1967 3870 et
1990 3827 2203 3871 moderati
2232 3828 2416 3871 hominis
2438 3828 2504 3870 os·-
