<?xml version="1.0" encoding="UTF-8"?>
<!DOCTYPE html PUBLIC "-//W3C//DTD XHTML 1.0 Transitional//EN"
    "http://www.w3.org/TR/xhtml1/DTD/xhtml1-transitional.dtd">
<html xmlns="http://www.w3.org/1999/xhtml" xml:lang="en" lang="en">
 <head>
  <title>
</title>
<meta http-equiv="Content-Type" content="text/html;charset=utf-8" />
  <meta name='ocr-system' content='tesseract 3.04.00' />
  <meta name='ocr-capabilities' content='ocr_page ocr_carea ocr_par ocr_line ocrx_word'/>
</head>
<body>
  <div class='ocr_page' id='page_1' title='image "./novaepatrumbibli06maiauoft/novaepatrumbibli06maiauoft_0274.png"; bbox 0 0 2970 4420; ppageno 0'>
   <div class='ocr_carea' id='block_1_1' title="bbox 429 267 1812 313">
    <p class='ocr_par' dir='ltr' id='par_1_1' title="bbox 429 267 1812 313">
     <span class='ocr_line' id='line_1_1' title="bbox 429 267 1812 313; baseline 0.001 -3"><span class='ocrx_word' id='word_1_1' title='bbox 429 267 490 310; x_wconf 73' lang='lat'>35</span> <span class='ocrx_word' id='word_1_2' title='bbox 1304 283 1359 312; x_wconf 79' lang='lat' dir='ltr'>DE</span> <span class='ocrx_word' id='word_1_3' title='bbox 1392 282 1548 313; x_wconf 70' lang='lat' dir='ltr'>Nicen</span> <span class='ocrx_word' id='word_1_4' title='bbox 1580 280 1812 312; x_wconf 66' lang='lat' dir='ltr'>muneri.</span> 
     </span>
    </p>
   </div>
   <div class='ocr_carea' id='block_1_2' title="bbox 378 363 2739 2903">
    <p class='ocr_par' dir='ltr' id='par_1_2' title="bbox 378 363 2739 2903">
     <span class='ocr_line' id='line_1_2' title="bbox 430 363 2690 431; baseline 0.004 -23"><span class='ocrx_word' id='word_1_5' title='bbox 430 363 605 410; x_wconf 71' lang='lat' dir='ltr'>clivum</span> <span class='ocrx_word' id='word_1_6' title='bbox 631 363 734 411; x_wconf 81' lang='lat' dir='ltr'>heic</span> <span class='ocrx_word' id='word_1_7' title='bbox 757 377 824 412; x_wconf 81' lang='lat' dir='ltr'>esc</span> <span class='ocrx_word' id='word_1_8' title='bbox 838 386 852 419; x_wconf 91' lang='lat'>,·</span> <span class='ocrx_word' id='word_1_9' title='bbox 885 367 968 413; x_wconf 83' lang='lat' dir='ltr'>sed</span> <span class='ocrx_word' id='word_1_10' title='bbox 993 367 1157 413; x_wconf 87' lang='lat' dir='ltr'>omnia</span> <span class='ocrx_word' id='word_1_11' title='bbox 1177 379 1322 431; x_wconf 83' lang='lat' dir='ltr'>prout</span> <span class='ocrx_word' id='word_1_12' title='bbox 1347 376 1528 429; x_wconf 80' lang='lat' dir='ltr'><em>oportet</em></span> <span class='ocrx_word' id='word_1_13' title='bbox 1553 380 1612 410; x_wconf 83' lang='grc' dir='ltr'>αο</span> <span class='ocrx_word' id='word_1_14' title='bbox 1647 365 1759 411; x_wconf 85' lang='lat' dir='ltr'>bene</span> <span class='ocrx_word' id='word_1_15' title='bbox 1783 366 2104 415; x_wconf 84' lang='lat' dir='ltr'>considerata.</span> <span class='ocrx_word' id='word_1_16' title='bbox 2122 391 2129 395; x_wconf 41' lang='grc'><strong>«</strong></span> <span class='ocrx_word' id='word_1_17' title='bbox 2145 369 2318 416; x_wconf 79' lang='lat' dir='ltr'><em>Gratia</em></span> <span class='ocrx_word' id='word_1_18' title='bbox 2350 382 2511 420; x_wconf 81' lang='lat' dir='ltr'>autem</span> <span class='ocrx_word' id='word_1_19' title='bbox 2536 371 2690 416; x_wconf 86' lang='lat' dir='ltr'>omnis</span> 
     </span>
     <span class='ocr_line' id='line_1_3' title="bbox 428 440 2688 508; baseline 0.004 -23"><span class='ocrx_word' id='word_1_20' title='bbox 428 440 639 503; x_wconf 74' lang='lat' dir='ltr'><em>sapienti</em></span> <span class='ocrx_word' id='word_1_21' title='bbox 666 441 1009 506; x_wconf 77' lang='lat' dir='ltr'>Chrysoscomo.</span> <span class='ocrx_word' id='word_1_22' title='bbox 1049 444 1188 490; x_wconf 87' lang='lat' dir='ltr'>Liber</span> <span class='ocrx_word' id='word_1_23' title='bbox 1203 442 1410 508; x_wconf 77' lang='lat' dir='ltr'><em>plurimi</em></span> <span class='ocrx_word' id='word_1_24' title='bbox 1423 440 1688 503; x_wconf 83' lang='lat' dir='ltr'>faciendus</span> <span class='ocrx_word' id='word_1_25' title='bbox 1711 459 1796 488; x_wconf 84' lang='lat' dir='ltr'>nec</span> <span class='ocrx_word' id='word_1_26' title='bbox 1811 443 1973 504; x_wconf 85' lang='lat' dir='ltr'>facile</span> <span class='ocrx_word' id='word_1_27' title='bbox 1999 443 2176 492; x_wconf 76' lang='lat' dir='ltr'>obvius.</span> <span class='ocrx_word' id='word_1_28' title='bbox 2214 447 2267 493; x_wconf 87' lang='lat' dir='ltr'>In</span> <span class='ocrx_word' id='word_1_29' title='bbox 2291 447 2512 493; x_wconf 87' lang='lat' dir='ltr'>inferiore</span> <span class='ocrx_word' id='word_1_30' title='bbox 2536 455 2688 493; x_wconf 88' lang='lat' dir='ltr'>autem</span> 
     </span>
     <span class='ocr_line' id='line_1_4' title="bbox 431 507 2690 585; baseline 0.001 -22"><span class='ocrx_word' id='word_1_31' title='bbox 431 520 638 580; x_wconf 81' lang='lat' dir='ltr'>margine</span> <span class='ocrx_word' id='word_1_32' title='bbox 682 512 947 567; x_wconf 77' lang='lat' dir='ltr'>neminatur</span> <span class='ocrx_word' id='word_1_33' title='bbox 988 521 1096 567; x_wconf 85' lang='lat' dir='ltr'>libri</span> <span class='ocrx_word' id='word_1_34' title='bbox 1139 521 1372 568; x_wconf 87' lang='lat' dir='ltr'>dominus.</span> <span class='ocrx_word' id='word_1_35' title='bbox 1408 509 1472 560; x_wconf 80' lang='lat' dir='ltr'>‘O</span> <span class='ocrx_word' id='word_1_36' title='bbox 1512 507 1794 578; x_wconf 71' lang='grc' dir='ltr'>ἐλάχιστος</span> <span class='ocrx_word' id='word_1_37' title='bbox 1839 510 2288 583; x_wconf 78' lang='grc' dir='ltr'>ἔνὶερομονοῖχοις</span> <span class='ocrx_word' id='word_1_38' title='bbox 2325 512 2598 585; x_wconf 71' lang='grc' dir='ltr'>Ἰγνάτιος.</span> <span class='ocrx_word' id='word_1_39' title='bbox 2634 525 2690 569; x_wconf 87' lang='lat' dir='ltr'>Et</span> 
     </span>
     <span class='ocr_line' id='line_1_5' title="bbox 431 585 2739 662; baseline 0.003 -23"><span class='ocrx_word' id='word_1_40' title='bbox 431 611 607 641; x_wconf 88' lang='lat' dir='ltr'>rursus.</span> <span class='ocrx_word' id='word_1_41' title='bbox 634 586 706 639; x_wconf 85' lang='grc' dir='ltr'><em>Ὃ</em></span> <span class='ocrx_word' id='word_1_42' title='bbox 737 588 968 649; x_wconf 76' lang='grc' dir='ltr'>ταπεινὸς</span> <span class='ocrx_word' id='word_1_43' title='bbox 1002 591 1378 661; x_wconf 72' lang='grc' dir='ltr'>μκτροπολίτκς</span> <span class='ocrx_word' id='word_1_44' title='bbox 1410 589 1710 659; x_wconf 75' lang='grc' dir='ltr'>Σηλυβριάς</span> <span class='ocrx_word' id='word_1_45' title='bbox 1739 585 2010 660; x_wconf 74' lang='grc' dir='ltr'>Ἰγνάτιος.</span> <span class='ocrx_word' id='word_1_46' title='bbox 2047 599 2179 646; x_wconf 83' lang='lat' dir='ltr'>Unde</span> <span class='ocrx_word' id='word_1_47' title='bbox 2205 601 2526 661; x_wconf 85' lang='lat' dir='ltr'>cognoscimus</span> <span class='ocrx_word' id='word_1_48' title='bbox 2550 601 2686 662; x_wconf 86' lang='lat' dir='ltr'>Igna-</span> <span class='ocrx_word' id='word_1_49' title='bbox 2736 609 2739 611; x_wconf 76' lang='grc'><em>’</em></span> 
     </span>
     <span class='ocr_line' id='line_1_6' title="bbox 431 663 2688 748; baseline 0.003 -32"><span class='ocrx_word' id='word_1_50' title='bbox 431 673 545 717; x_wconf 87' lang='lat' dir='ltr'>tium</span> <span class='ocrx_word' id='word_1_51' title='bbox 581 673 705 720; x_wconf 85' lang='lat' dir='ltr'>hunc</span> <span class='ocrx_word' id='word_1_52' title='bbox 730 690 1043 736; x_wconf 82' lang='lat' dir='ltr'>possessorem</span> <span class='ocrx_word' id='word_1_53' title='bbox 1060 711 1071 728; x_wconf 94' lang='lat'>‚</span> <span class='ocrx_word' id='word_1_54' title='bbox 1101 673 1389 737; x_wconf 82' lang='lat' dir='ltr'>professione</span> <span class='ocrx_word' id='word_1_55' title='bbox 1423 673 1563 719; x_wconf 87' lang='lat' dir='ltr'>fuisse</span> <span class='ocrx_word' id='word_1_56' title='bbox 1584 674 1892 728; x_wconf 90' lang='lat' dir='ltr'>monachum,</span> <span class='ocrx_word' id='word_1_57' title='bbox 1919 682 1964 720; x_wconf 86' lang='lat' dir='ltr'>et</span> <span class='ocrx_word' id='word_1_58' title='bbox 1984 663 2158 721; x_wconf 44' lang='lat' dir='ltr'>&#39;deinde</span> <span class='ocrx_word' id='word_1_59' title='bbox 2182 668 2417 738; x_wconf 81' lang='lat' dir='ltr'>Selybriae</span> <span class='ocrx_word' id='word_1_60' title='bbox 2447 685 2688 748; x_wconf 77' lang='lat' dir='ltr'>metropo-</span> 
     </span>
     <span class='ocr_line' id='line_1_7' title="bbox 430 747 2688 812; baseline 0.002 -19"><span class='ocrx_word' id='word_1_61' title='bbox 430 749 577 794; x_wconf 86' lang='lat' dir='ltr'>litam.</span> <span class='ocrx_word' id='word_1_62' title='bbox 616 752 682 796; x_wconf 88' lang='lat' dir='ltr'>De</span> <span class='ocrx_word' id='word_1_63' title='bbox 717 751 806 797; x_wconf 91' lang='lat' dir='ltr'>hoc</span> <span class='ocrx_word' id='word_1_64' title='bbox 840 752 1028 797; x_wconf 87' lang='lat' dir='ltr'>homine</span> <span class='ocrx_word' id='word_1_65' title='bbox 1062 753 1125 804; x_wconf 87' lang='lat' dir='ltr'>sic</span> <span class='ocrx_word' id='word_1_66' title='bbox 1155 751 1402 812; x_wconf 90' lang='lat' dir='ltr'>Lequinius</span> <span class='ocrx_word' id='word_1_67' title='bbox 1435 751 1517 796; x_wconf 89' lang='lat' dir='ltr'>Or.</span> <span class='ocrx_word' id='word_1_68' title='bbox 1545 750 1619 796; x_wconf 89' lang='lat' dir='ltr'>ch.</span> <span class='ocrx_word' id='word_1_69' title='bbox 1648 752 1698 796; x_wconf 88' lang='lat' dir='ltr'>T.</span> <span class='ocrx_word' id='word_1_70' title='bbox 1727 747 1778 796; x_wconf 60' lang='lat' dir='ltr'>Is</span> <span class='ocrx_word' id='word_1_71' title='bbox 1793 751 1884 796; x_wconf 90' lang='lat' dir='ltr'>col.</span> <span class='ocrx_word' id='word_1_72' title='bbox 1919 752 2057 798; x_wconf 86' lang='grc'><strong>1139.</strong></span> <span class='ocrx_word' id='word_1_73' title='bbox 2098 771 2119 795; x_wconf 90' lang='lat'>«</span> <span class='ocrx_word' id='word_1_74' title='bbox 2155 754 2206 799; x_wconf 85' lang='lat' dir='ltr'>In</span> <span class='ocrx_word' id='word_1_75' title='bbox 2242 754 2401 800; x_wconf 83' lang='lat' dir='ltr'>codice.</span> <span class='ocrx_word' id='word_1_76' title='bbox 2438 755 2511 799; x_wconf 92' lang='lat'>19.</span> <span class='ocrx_word' id='word_1_77' title='bbox 2545 769 2601 800; x_wconf 84' lang='lat' dir='ltr'>ex</span> <span class='ocrx_word' id='word_1_78' title='bbox 2633 754 2688 800; x_wconf 91' lang='lat' dir='ltr'>iis</span> 
     </span>
     <span class='ocr_line' id='line_1_8' title="bbox 434 827 2688 887; baseline 0.002 -16"><span class='ocrx_word' id='word_1_79' title='bbox 434 844 455 868; x_wconf 90' lang='lat'>»</span> <span class='ocrx_word' id='word_1_80' title='bbox 494 828 572 887; x_wconf 87' lang='lat' dir='ltr'>qui</span> <span class='ocrx_word' id='word_1_81' title='bbox 599 827 657 873; x_wconf 92' lang='lat' dir='ltr'>de</span> <span class='ocrx_word' id='word_1_82' title='bbox 680 827 963 874; x_wconf 82' lang='lat' dir='ltr'>bibliothec-a</span> <span class='ocrx_word' id='word_1_83' title='bbox 988 829 1052 873; x_wconf 93' lang='lat' dir='ltr'>Pii</span> <span class='ocrx_word' id='word_1_84' title='bbox 1077 831 1157 874; x_wconf 73' lang='lat' dir='ltr'><strong>PP&#39;.</strong></span> <span class='ocrx_word' id='word_1_85' title='bbox 1188 829 1245 873; x_wconf 88' lang='grc' dir='ltr'>Π.</span> <span class='ocrx_word' id='word_1_86' title='bbox 1285 828 1330 872; x_wconf 94' lang='lat' dir='ltr'>in</span> <span class='ocrx_word' id='word_1_87' title='bbox 1366 828 1624 874; x_wconf 82' lang='lat' dir='ltr'>vaticanam</span> <span class='ocrx_word' id='word_1_88' title='bbox 1650 830 1952 882; x_wconf 86' lang='lat' dir='ltr'>transierunt,</span> <span class='ocrx_word' id='word_1_89' title='bbox 1980 837 2103 875; x_wconf 86' lang='lat' dir='ltr'>extat</span> <span class='ocrx_word' id='word_1_90' title='bbox 2127 831 2220 875; x_wconf 89' lang='lat' dir='ltr'>vita</span> <span class='ocrx_word' id='word_1_91' title='bbox 2245 830 2616 886; x_wconf 75' lang='lat' dir='ltr'>ConstantiniM.</span> <span class='ocrx_word' id='word_1_92' title='bbox 2643 838 2688 875; x_wconf 88' lang='lat' dir='ltr'>et</span> 
     </span>
     <span class='ocr_line' id='line_1_9' title="bbox 435 897 2684 968; baseline 0.002 -22"><span class='ocrx_word' id='word_1_93' title='bbox 435 922 455 944; x_wconf 94' lang='lat'>»</span> <span class='ocrx_word' id='word_1_94' title='bbox 496 904 698 951; x_wconf 83' lang='lat' dir='ltr'>Helenae</span> <span class='ocrx_word' id='word_1_95' title='bbox 723 921 806 966; x_wconf 88' lang='lat' dir='ltr'>per</span> <span class='ocrx_word' id='word_1_96' title='bbox 832 907 1061 967; x_wconf 87' lang='lat' dir='ltr'>Ignatium</span> <span class='ocrx_word' id='word_1_97' title='bbox 1084 905 1435 966; x_wconf 84' lang='lat' dir='ltr'>metropolitam</span> <span class='ocrx_word' id='word_1_98' title='bbox 1458 904 1721 966; x_wconf 85' lang='lat' dir='ltr'>Selybriae3</span> <span class='ocrx_word' id='word_1_99' title='bbox 1751 921 1891 967; x_wconf 88' lang='lat' dir='ltr'>quem</span> <span class='ocrx_word' id='word_1_100' title='bbox 1915 897 2100 952; x_wconf 87' lang='lat' dir='ltr'>saeculo</span> <span class='ocrx_word' id='word_1_101' title='bbox 2124 906 2322 968; x_wconf 82' lang='lat' dir='ltr'>proinde</span> <span class='ocrx_word' id='word_1_102' title='bbox 2344 909 2462 954; x_wconf 90' lang='lat' dir='ltr'>XIV.</span> <span class='ocrx_word' id='word_1_103' title='bbox 2490 906 2563 953; x_wconf 90' lang='lat' dir='ltr'>vel</span> <span class='ocrx_word' id='word_1_104' title='bbox 2587 908 2684 954; x_wconf 90' lang='lat' dir='ltr'>XV.</span> 
     </span>
     <span class='ocr_line' id='line_1_10' title="bbox 435 970 2686 1045; baseline 0 -20"><span class='ocrx_word' id='word_1_105' title='bbox 435 997 455 1021; x_wconf 75' lang='lat' dir='ltr'>n</span> <span class='ocrx_word' id='word_1_106' title='bbox 494 981 656 1026; x_wconf 87' lang='lat' dir='ltr'>adulto</span> <span class='ocrx_word' id='word_1_107' title='bbox 682 982 850 1028; x_wconf 88' lang='lat' dir='ltr'>sedisse</span> <span class='ocrx_word' id='word_1_108' title='bbox 881 992 1082 1045; x_wconf 86' lang='lat' dir='ltr'>oportet.</span> <span class='ocrx_word' id='word_1_109' title='bbox 1117 1003 1138 1026; x_wconf 87' lang='lat'>»</span> <span class='ocrx_word' id='word_1_110' title='bbox 1168 982 1346 1028; x_wconf 86' lang='lat' dir='ltr'>Deinde</span> <span class='ocrx_word' id='word_1_111' title='bbox 1370 983 1431 1027; x_wconf 70' lang='lat' dir='ltr'>inu</span> <span class='ocrx_word' id='word_1_112' title='bbox 1444 983 1598 1044; x_wconf 84' lang='lat' dir='ltr'>operis</span> <span class='ocrx_word' id='word_1_113' title='bbox 1635 983 1788 1028; x_wconf 84' lang='lat' dir='ltr'>fronte</span> <span class='ocrx_word' id='word_1_114' title='bbox 1815 982 1848 1028; x_wconf 92' lang='lat' dir='ltr'>f.</span> <span class='ocrx_word' id='word_1_115' title='bbox 1879 985 1925 1028; x_wconf 76' lang='lat'>2.</span> <span class='ocrx_word' id='word_1_116' title='bbox 1960 971 2243 1044; x_wconf 65' lang='grc' dir='ltr'>Ἐξήγκσις</span> <span class='ocrx_word' id='word_1_117' title='bbox 2275 970 2686 1045; x_wconf 64' lang='grc' dir='ltr'>θαυμασιωτάτη</span> 
     </span>
     <span class='ocr_line' id='line_1_11' title="bbox 430 1046 2686 1123; baseline 0.001 -24"><span class='ocrx_word' id='word_1_118' title='bbox 430 1046 514 1100; x_wconf 81' lang='grc' dir='ltr'>καὶ</span> <span class='ocrx_word' id='word_1_119' title='bbox 555 1054 778 1101; x_wconf 85' lang='grc' dir='ltr'>πλουσία</span> <span class='ocrx_word' id='word_1_120' title='bbox 814 1049 896 1102; x_wconf 78' lang='grc' dir='ltr'>καὶ</span> <span class='ocrx_word' id='word_1_121' title='bbox 938 1055 1168 1123; x_wconf 75' lang='grc' dir='ltr'>κρείττων</span> <span class='ocrx_word' id='word_1_122' title='bbox 1206 1046 1233 1107; x_wconf 65' lang='grc' dir='ltr'>ἢ</span> <span class='ocrx_word' id='word_1_123' title='bbox 1270 1046 1400 1102; x_wconf 75' lang='grc' dir='ltr'>κατοὶ</span> <span class='ocrx_word' id='word_1_124' title='bbox 1435 1049 1519 1106; x_wconf 67' lang='grc' dir='ltr'>τὴν</span> <span class='ocrx_word' id='word_1_125' title='bbox 1554 1049 1651 1102; x_wconf 70' lang='grc' dir='ltr'>τοῦ</span> <span class='ocrx_word' id='word_1_126' title='bbox 1685 1053 2030 1123; x_wconf 71' lang='grc' dir='ltr'>Βουλγαριάς·</span> <span class='ocrx_word' id='word_1_127' title='bbox 2070 1047 2177 1102; x_wconf 73' lang='grc' dir='ltr'>ἔστι</span> <span class='ocrx_word' id='word_1_128' title='bbox 2221 1047 2274 1103; x_wconf 70' lang='grc' dir='ltr'>δὲ</span> <span class='ocrx_word' id='word_1_129' title='bbox 2313 1056 2526 1116; x_wconf 79' lang='grc' dir='ltr'>βιβλίον</span> <span class='ocrx_word' id='word_1_130' title='bbox 2561 1046 2686 1105; x_wconf 83' lang='grc' dir='ltr'>ποίνυ</span> 
     </span>
     <span class='ocr_line' id='line_1_12' title="bbox 433 1123 2692 1201; baseline 0.003 -26"><span class='ocrx_word' id='word_1_131' title='bbox 433 1123 746 1194; x_wconf 66' lang='grc' dir='ltr'>όρθώτατον.</span> <span class='ocrx_word' id='word_1_132' title='bbox 783 1135 1084 1199; x_wconf 73' lang='lat' dir='ltr'>Explanacio</span> <span class='ocrx_word' id='word_1_133' title='bbox 1119 1135 1336 1200; x_wconf 89' lang='lat' dir='ltr'>apprime</span> <span class='ocrx_word' id='word_1_134' title='bbox 1367 1135 1676 1182; x_wconf 83' lang='lat' dir='ltr'>admirabilis</span> <span class='ocrx_word' id='word_1_135' title='bbox 1708 1148 1754 1182; x_wconf 79' lang='lat' dir='ltr'>ec</span> <span class='ocrx_word' id='word_1_136' title='bbox 1787 1136 2003 1200; x_wconf 80' lang='lat' dir='ltr'>eopiosa,</span> <span class='ocrx_word' id='word_1_137' title='bbox 2034 1136 2291 1199; x_wconf 81' lang='lat' dir='ltr'>meliorque</span> <span class='ocrx_word' id='word_1_138' title='bbox 2325 1136 2412 1201; x_wconf 68' lang='lat' dir='ltr'>illa</span> <span class='ocrx_word' id='word_1_139' title='bbox 2449 1135 2692 1200; x_wconf 76' lang='lat' dir='ltr'>Theophy-</span> 
     </span>
     <span class='ocr_line' id='line_1_13' title="bbox 431 1211 2686 1277; baseline 0.003 -22"><span class='ocrx_word' id='word_1_140' title='bbox 431 1211 548 1255; x_wconf 79' lang='lat' dir='ltr'>laeti</span> <span class='ocrx_word' id='word_1_141' title='bbox 572 1211 854 1274; x_wconf 76' lang='lat' dir='ltr'>Balgariae.</span> <span class='ocrx_word' id='word_1_142' title='bbox 894 1214 978 1258; x_wconf 83' lang='lat' dir='ltr'>Est</span> <span class='ocrx_word' id='word_1_143' title='bbox 1005 1229 1110 1259; x_wconf 72' lang='lat' dir='ltr'>vero</span> <span class='ocrx_word' id='word_1_144' title='bbox 1136 1230 1253 1277; x_wconf 83' lang='lat' dir='ltr'>opus</span> <span class='ocrx_word' id='word_1_145' title='bbox 1275 1213 1467 1259; x_wconf 87' lang='lat' dir='ltr'>omnino</span> <span class='ocrx_word' id='word_1_146' title='bbox 1492 1212 1822 1259; x_wconf 80' lang='lat' dir='ltr'>rectissimum.</span> <span class='ocrx_word' id='word_1_147' title='bbox 1861 1215 2076 1276; x_wconf 85' lang='lat' dir='ltr'>Sequitur</span> <span class='ocrx_word' id='word_1_148' title='bbox 2106 1214 2408 1276; x_wconf 75' lang='lat' dir='ltr'>principalior</span> <span class='ocrx_word' id='word_1_149' title='bbox 2429 1215 2686 1276; x_wconf 82' lang='lat' dir='ltr'>inscriptio.</span> 
     </span>
     <span class='ocr_line' id='line_1_14' title="bbox 433 1277 2688 1354; baseline 0.003 -27"><span class='ocrx_word' id='word_1_150' title='bbox 433 1277 633 1334; x_wconf 65' lang='lat' dir='ltr'>Naun&#39;roc</span> <span class='ocrx_word' id='word_1_151' title='bbox 672 1278 958 1332; x_wconf 59' lang='grc' dir='ltr'>ἐπισκόπου</span> <span class='ocrx_word' id='word_1_152' title='bbox 994 1280 1082 1341; x_wconf 48' lang='lat' dir='ltr'>‘ric</span> <span class='ocrx_word' id='word_1_153' title='bbox 1117 1280 1476 1354; x_wconf 63' lang='grc' dir='ltr'>μητροπόλεως</span> <span class='ocrx_word' id='word_1_154' title='bbox 1508 1279 1835 1335; x_wconf 60' lang='grc' dir='ltr'>Ναυπάκτου</span> <span class='ocrx_word' id='word_1_155' title='bbox 1875 1280 2147 1352; x_wconf 73' lang='grc' dir='ltr'>σύνταγμα</span> <span class='ocrx_word' id='word_1_156' title='bbox 2184 1281 2255 1342; x_wconf 77' lang='grc' dir='ltr'>εἷς</span> <span class='ocrx_word' id='word_1_157' title='bbox 2290 1277 2349 1334; x_wconf 70' lang='grc' dir='ltr'>το</span> <span class='ocrx_word' id='word_1_158' title='bbox 2375 1278 2513 1335; x_wconf 73' lang='grc' dir='ltr'>κατοῖ</span> <span class='ocrx_word' id='word_1_159' title='bbox 2543 1286 2688 1336; x_wconf 83' lang='grc' dir='ltr'>Ματ-</span> 
     </span>
     <span class='ocr_line' id='line_1_15' title="bbox 430 1353 2688 1433; baseline 0.003 -28"><span class='ocrx_word' id='word_1_160' title='bbox 430 1354 592 1409; x_wconf 58' lang='lat' dir='ltr'>&amp;aior</span> <span class='ocrx_word' id='word_1_161' title='bbox 630 1353 777 1422; x_wconf 71' lang='grc' dir='ltr'>ἅγιον</span> <span class='ocrx_word' id='word_1_162' title='bbox 813 1355 1164 1430; x_wconf 66' lang='grc' dir='ltr'>εὐαγγέλιον,</span> <span class='ocrx_word' id='word_1_163' title='bbox 1192 1356 1428 1429; x_wconf 68' lang='grc' dir='ltr'>μάλιστα</span> <span class='ocrx_word' id='word_1_164' title='bbox 1461 1354 1550 1429; x_wconf 62' lang='grc' dir='ltr'>μὲν</span> <span class='ocrx_word' id='word_1_165' title='bbox 1589 1357 1643 1411; x_wconf 78' lang='grc' dir='ltr'>ἐκ</span> <span class='ocrx_word' id='word_1_166' title='bbox 1676 1358 1774 1412; x_wconf 72' lang='grc' dir='ltr'>τῶν</span> <span class='ocrx_word' id='word_1_167' title='bbox 1813 1357 2103 1431; x_wconf 63' lang='grc' dir='ltr'>ἐξηγήσεων</span> <span class='ocrx_word' id='word_1_168' title='bbox 2138 1359 2233 1411; x_wconf 77' lang='grc' dir='ltr'>τοῦ</span> <span class='ocrx_word' id='word_1_169' title='bbox 2265 1358 2423 1433; x_wconf 69' lang='grc' dir='ltr'>ἁγίου</span> <span class='ocrx_word' id='word_1_170' title='bbox 2453 1355 2688 1413; x_wconf 82' lang='grc' dir='ltr'>Ἰωοίννου</span> 
     </span>
     <span class='ocr_line' id='line_1_16' title="bbox 430 1431 2693 1508; baseline 0.004 -27"><span class='ocrx_word' id='word_1_171' title='bbox 430 1431 524 1482; x_wconf 72' lang='grc' dir='ltr'>τοῦ</span> <span class='ocrx_word' id='word_1_172' title='bbox 556 1432 948 1505; x_wconf 75' lang='grc' dir='ltr'>χρυσοστόμου,</span> <span class='ocrx_word' id='word_1_173' title='bbox 982 1431 1206 1488; x_wconf 69' lang='grc' dir='ltr'>εἷτακαὶ</span> <span class='ocrx_word' id='word_1_174' title='bbox 1248 1432 1347 1488; x_wconf 61' lang='lat' dir='ltr'>oin-d</span> <span class='ocrx_word' id='word_1_175' title='bbox 1385 1434 1564 1508; x_wconf 75' lang='grc' dir='ltr'>ἑτέρων</span> <span class='ocrx_word' id='word_1_176' title='bbox 1603 1432 1886 1508; x_wconf 68' lang='grc' dir='ltr'>διαφόρωντ</span> <span class='ocrx_word' id='word_1_177' title='bbox 1921 1445 2119 1490; x_wconf 79' lang='lat' dir='ltr'>Nicetae</span> <span class='ocrx_word' id='word_1_178' title='bbox 2149 1444 2358 1508; x_wconf 82' lang='lat' dir='ltr'>episcopi</span> <span class='ocrx_word' id='word_1_179' title='bbox 2388 1446 2693 1508; x_wconf 81' lang='lat' dir='ltr'>metropoleos</span> 
     </span>
     <span class='ocr_line' id='line_1_17' title="bbox 429 1516 2694 1585; baseline 0.003 -25"><span class='ocrx_word' id='word_1_180' title='bbox 429 1516 676 1580; x_wconf 73' lang='lat' dir='ltr'>Naupacti</span> <span class='ocrx_word' id='word_1_181' title='bbox 707 1521 984 1583; x_wconf 80' lang='lat' dir='ltr'>composicio</span> <span class='ocrx_word' id='word_1_182' title='bbox 1010 1522 1060 1567; x_wconf 85' lang='lat' dir='ltr'>in</span> <span class='ocrx_word' id='word_1_183' title='bbox 1095 1534 1315 1568; x_wconf 71' lang='lat' dir='ltr'>sanetum</span> <span class='ocrx_word' id='word_1_184' title='bbox 1339 1522 1639 1585; x_wconf 65' lang='lat' dir='ltr'>evangelium</span> <span class='ocrx_word' id='word_1_185' title='bbox 1673 1522 1930 1567; x_wconf 82' lang='lat' dir='ltr'>seeundum</span> <span class='ocrx_word' id='word_1_186' title='bbox 1959 1520 2283 1572; x_wconf 79' lang='lat' dir='ltr'>Matthaeum,</span> <span class='ocrx_word' id='word_1_187' title='bbox 2306 1521 2566 1585; x_wconf 80' lang='lat' dir='ltr'>praecipue</span> <span class='ocrx_word' id='word_1_188' title='bbox 2590 1522 2694 1583; x_wconf 81' lang='lat' dir='ltr'>qui-</span> 
     </span>
     <span class='ocr_line' id='line_1_18' title="bbox 430 1587 2713 1661; baseline 0.003 -24"><span class='ocrx_word' id='word_1_189' title='bbox 430 1593 536 1639; x_wconf 83' lang='lat' dir='ltr'>dem</span> <span class='ocrx_word' id='word_1_190' title='bbox 570 1587 640 1640; x_wconf 62' lang='lat' dir='ltr'>ea)&gt;</span> <span class='ocrx_word' id='word_1_191' title='bbox 659 1598 1085 1661; x_wconf 67' lang='lat' dir='ltr'>explanationibus</span> <span class='ocrx_word' id='word_1_192' title='bbox 1108 1600 1266 1645; x_wconf 76' lang='lat' dir='ltr'>saneti</span> <span class='ocrx_word' id='word_1_193' title='bbox 1289 1598 1521 1646; x_wconf 78' lang='lat' dir='ltr'>Iohannis</span> <span class='ocrx_word' id='word_1_194' title='bbox 1554 1597 1888 1661; x_wconf 77' lang='lat' dir='ltr'>chrysostomi,</span> <span class='ocrx_word' id='word_1_195' title='bbox 1918 1599 2002 1644; x_wconf 86' lang='lat' dir='ltr'>sed</span> <span class='ocrx_word' id='word_1_196' title='bbox 2035 1611 2195 1645; x_wconf 83' lang='lat' dir='ltr'>tamen</span> <span class='ocrx_word' id='word_1_197' title='bbox 2225 1598 2374 1644; x_wconf 82' lang='lat' dir='ltr'>etiam</span> <span class='ocrx_word' id='word_1_198' title='bbox 2405 1616 2469 1644; x_wconf 75' lang='lat' dir='ltr'>ex</span> <span class='ocrx_word' id='word_1_199' title='bbox 2498 1597 2713 1644; x_wconf 71' lang='lat' dir='ltr'>diversis</span> 
     </span>
     <span class='ocr_line' id='line_1_19' title="bbox 430 1670 2690 1739; baseline 0.003 -24"><span class='ocrx_word' id='word_1_200' title='bbox 430 1670 557 1718; x_wconf 82' lang='lat' dir='ltr'>aliis.</span> <span class='ocrx_word' id='word_1_201' title='bbox 587 1675 798 1721; x_wconf 88' lang='lat' dir='ltr'>Iamvero</span> <span class='ocrx_word' id='word_1_202' title='bbox 824 1675 1000 1725; x_wconf 84' lang='lat' dir='ltr'>ibidem</span> <span class='ocrx_word' id='word_1_203' title='bbox 1028 1678 1075 1723; x_wconf 91' lang='lat' dir='ltr'>in</span> <span class='ocrx_word' id='word_1_204' title='bbox 1098 1679 1329 1739; x_wconf 86' lang='lat' dir='ltr'>margine,</span> <span class='ocrx_word' id='word_1_205' title='bbox 1357 1693 1383 1724; x_wconf 88' lang='lat' dir='ltr'>e</span> <span class='ocrx_word' id='word_1_206' title='bbox 1418 1679 1606 1739; x_wconf 79' lang='lat' dir='ltr'>regione</span> <span class='ocrx_word' id='word_1_207' title='bbox 1630 1677 1831 1723; x_wconf 88' lang='lat' dir='ltr'>nominis</span> <span class='ocrx_word' id='word_1_208' title='bbox 1853 1678 2060 1729; x_wconf 88' lang='lat' dir='ltr'>Nicetae‚</span> <span class='ocrx_word' id='word_1_209' title='bbox 2091 1675 2309 1722; x_wconf 80' lang='lat' dir='ltr'>scribitur</span> <span class='ocrx_word' id='word_1_210' title='bbox 2332 1674 2543 1722; x_wconf 88' lang='lat' dir='ltr'>scholion</span> <span class='ocrx_word' id='word_1_211' title='bbox 2577 1676 2690 1723; x_wconf 89' lang='lat' dir='ltr'>hoc:</span> 
     </span>
     <span class='ocr_line' id='line_1_20' title="bbox 430 1739 2695 1817; baseline 0.002 -25"><span class='ocrx_word' id='word_1_212' title='bbox 430 1739 523 1791; x_wconf 74' lang='grc' dir='ltr'>τοῦ</span> <span class='ocrx_word' id='word_1_213' title='bbox 551 1741 842 1801; x_wconf 75' lang='grc' dir='ltr'>Μουντοὶνκ.</span> <span class='ocrx_word' id='word_1_214' title='bbox 881 1739 1046 1805; x_wconf 73' lang='grc' dir='ltr'>Οὗτος</span> <span class='ocrx_word' id='word_1_215' title='bbox 1082 1742 1135 1797; x_wconf 70' lang='grc' dir='ltr'>δὲ</span> <span class='ocrx_word' id='word_1_216' title='bbox 1172 1744 1253 1798; x_wconf 74' lang='grc' dir='ltr'>καὶ</span> <span class='ocrx_word' id='word_1_217' title='bbox 1290 1744 1346 1797; x_wconf 60' lang='lat' dir='ltr'>‘rox</span> <span class='ocrx_word' id='word_1_218' title='bbox 1379 1742 1672 1817; x_wconf 52' lang='grc' dir='ltr'>ψαλτήριον</span> <span class='ocrx_word' id='word_1_219' title='bbox 1705 1742 2026 1816; x_wconf 67' lang='grc' dir='ltr'>ἐξηγήσατο,</span> <span class='ocrx_word' id='word_1_220' title='bbox 2055 1743 2138 1797; x_wconf 77' lang='grc' dir='ltr'>καὶ</span> <span class='ocrx_word' id='word_1_221' title='bbox 2171 1742 2263 1804; x_wconf 81' lang='grc' dir='ltr'>τοὶς</span> <span class='ocrx_word' id='word_1_222' title='bbox 2295 1742 2569 1804; x_wconf 77' lang='grc' dir='ltr'>ἐπιστολὰς</span> <span class='ocrx_word' id='word_1_223' title='bbox 2598 1743 2695 1796; x_wconf 69' lang='lat' dir='ltr'>‘rofi&#39;</span> 
     </span>
     <span class='ocr_line' id='line_1_21' title="bbox 432 1816 2700 1894; baseline 0.001 -24"><span class='ocrx_word' id='word_1_224' title='bbox 432 1817 584 1883; x_wconf 73' lang='grc' dir='ltr'>ἁγίου</span> <span class='ocrx_word' id='word_1_225' title='bbox 614 1817 827 1873; x_wconf 75' lang='grc' dir='ltr'>Παύλου</span> <span class='ocrx_word' id='word_1_226' title='bbox 846 1863 858 1883; x_wconf 88' lang='grc'><strong>,</strong></span> <span class='ocrx_word' id='word_1_227' title='bbox 888 1820 970 1875; x_wconf 77' lang='grc' dir='ltr'>καὶ</span> <span class='ocrx_word' id='word_1_228' title='bbox 1010 1821 1102 1883; x_wconf 81' lang='grc' dir='ltr'>τὰς</span> <span class='ocrx_word' id='word_1_229' title='bbox 1131 1821 1344 1894; x_wconf 71' lang='grc' dir='ltr'>προέξεις</span> <span class='ocrx_word' id='word_1_230' title='bbox 1371 1822 1469 1876; x_wconf 69' lang='grc' dir='ltr'>τῶν</span> <span class='ocrx_word' id='word_1_231' title='bbox 1500 1819 1829 1883; x_wconf 76' lang='grc' dir='ltr'>ἀποστόλων,</span> <span class='ocrx_word' id='word_1_232' title='bbox 1859 1817 1950 1874; x_wconf 66' lang='grc' dir='ltr'>καί·</span> <span class='ocrx_word' id='word_1_233' title='bbox 1974 1819 2065 1882; x_wconf 80' lang='grc' dir='ltr'>τοὶς</span> <span class='ocrx_word' id='word_1_234' title='bbox 2095 1818 2407 1881; x_wconf 36' lang='grc' dir='ltr'>καθολικοίςῖ</span> <span class='ocrx_word' id='word_1_235' title='bbox 2437 1820 2481 1874; x_wconf 81' lang='grc' dir='ltr'>εἷ</span> <span class='ocrx_word' id='word_1_236' title='bbox 2510 1816 2579 1873; x_wconf 50' lang='lat'>‘32‘</span> <span class='ocrx_word' id='word_1_237' title='bbox 2609 1824 2700 1874; x_wconf 87' lang='grc' dir='ltr'>καί</span> 
     </span>
     <span class='ocr_line' id='line_1_22' title="bbox 430 1892 2694 1972; baseline 0.002 -26"><span class='ocrx_word' id='word_1_238' title='bbox 430 1917 543 1949; x_wconf 87' lang='grc' dir='ltr'>τινα</span> <span class='ocrx_word' id='word_1_239' title='bbox 577 1892 752 1969; x_wconf 77' lang='grc' dir='ltr'>ἕτερα,</span> <span class='ocrx_word' id='word_1_240' title='bbox 783 1897 840 1950; x_wconf 78' lang='grc' dir='ltr'>οὐ</span> <span class='ocrx_word' id='word_1_241' title='bbox 878 1896 1129 1970; x_wconf 74' lang='grc' dir='ltr'>γινώσκω·</span> <span class='ocrx_word' id='word_1_242' title='bbox 1157 1900 1327 1953; x_wconf 72' lang='grc' dir='ltr'>ταῦτα</span> <span class='ocrx_word' id='word_1_243' title='bbox 1360 1898 1465 1972; x_wconf 68' lang='grc' dir='ltr'>γὰρ</span> <span class='ocrx_word' id='word_1_244' title='bbox 1504 1898 1586 1952; x_wconf 75' lang='grc' dir='ltr'>καὶ</span> <span class='ocrx_word' id='word_1_245' title='bbox 1619 1896 1754 1970; x_wconf 88' lang='grc' dir='ltr'>μόνα</span> <span class='ocrx_word' id='word_1_246' title='bbox 1790 1894 1959 1955; x_wconf 60' lang='grc' dir='ltr'>ἦλθον</span> <span class='ocrx_word' id='word_1_247' title='bbox 1991 1898 2062 1958; x_wconf 81' lang='grc' dir='ltr'>εἷς</span> <span class='ocrx_word' id='word_1_248' title='bbox 2097 1898 2280 1971; x_wconf 75' lang='grc' dir='ltr'>χεῖρας</span> <span class='ocrx_word' id='word_1_249' title='bbox 2319 1895 2460 1967; x_wconf 72' lang='grc' dir='ltr'>ἐμοῖς.</span> <span class='ocrx_word' id='word_1_250' title='bbox 2497 1906 2694 1952; x_wconf 78' lang='lat' dir='ltr'>Nicetae</span> 
     </span>
     <span class='ocr_line' id='line_1_23' title="bbox 432 1981 2698 2050; baseline 0.002 -25"><span class='ocrx_word' id='word_1_251' title='bbox 432 1981 610 2028; x_wconf 81' lang='lat' dir='ltr'>scilicet</span> <span class='ocrx_word' id='word_1_252' title='bbox 635 1985 876 2031; x_wconf 70' lang='lat' dir='ltr'>Musicani.</span> <span class='ocrx_word' id='word_1_253' title='bbox 906 1986 1001 2032; x_wconf 84' lang='lat' dir='ltr'>Hic</span> <span class='ocrx_word' id='word_1_254' title='bbox 1025 1998 1187 2032; x_wconf 79' lang='lat' dir='ltr'>autem</span> <span class='ocrx_word' id='word_1_255' title='bbox 1206 1985 1495 2050; x_wconf 81' lang='lat' dir='ltr'>psalterium</span> <span class='ocrx_word' id='word_1_256' title='bbox 1527 2002 1710 2048; x_wconf 81' lang='lat' dir='ltr'>quoque</span> <span class='ocrx_word' id='word_1_257' title='bbox 1730 1985 2034 2049; x_wconf 74' lang='lat' dir='ltr'>explanavit,</span> <span class='ocrx_word' id='word_1_258' title='bbox 2062 2001 2147 2030; x_wconf 83' lang='lat' dir='ltr'>nee</span> <span class='ocrx_word' id='word_1_259' title='bbox 2168 2001 2263 2030; x_wconf 85' lang='lat' dir='ltr'>non</span> <span class='ocrx_word' id='word_1_260' title='bbox 2293 1983 2519 2048; x_wconf 62' lang='lat' dir='ltr'>epistolas&lt;</span> <span class='ocrx_word' id='word_1_261' title='bbox 2540 1983 2698 2030; x_wconf 85' lang='lat' dir='ltr'>saneti</span> 
     </span>
     <span class='ocr_line' id='line_1_24' title="bbox 432 2060 2692 2126; baseline 0.001 -22"><span class='ocrx_word' id='word_1_262' title='bbox 432 2060 599 2110; x_wconf 81' lang='lat' dir='ltr'>Pauli,</span> <span class='ocrx_word' id='word_1_263' title='bbox 634 2073 679 2106; x_wconf 82' lang='lat' dir='ltr'>ec</span> <span class='ocrx_word' id='word_1_264' title='bbox 713 2074 826 2107; x_wconf 82' lang='lat' dir='ltr'>acca</span> <span class='ocrx_word' id='word_1_265' title='bbox 860 2065 1207 2126; x_wconf 78' lang='lat' dir='ltr'>apostolorum,</span> <span class='ocrx_word' id='word_1_266' title='bbox 1237 2076 1282 2109; x_wconf 84' lang='lat' dir='ltr'>et</span> <span class='ocrx_word' id='word_1_267' title='bbox 1315 2062 1594 2110; x_wconf 73' lang='lat' dir='ltr'>catholicas.</span> <span class='ocrx_word' id='word_1_268' title='bbox 1632 2064 1761 2109; x_wconf 84' lang='lat' dir='ltr'>Num</span> <span class='ocrx_word' id='word_1_269' title='bbox 1795 2079 1900 2109; x_wconf 72' lang='lat' dir='ltr'>vero</span> <span class='ocrx_word' id='word_1_270' title='bbox 1929 2074 1974 2108; x_wconf 82' lang='lat' dir='ltr'>et</span> <span class='ocrx_word' id='word_1_271' title='bbox 2006 2062 2110 2108; x_wconf 85' lang='lat' dir='ltr'>alia</span> <span class='ocrx_word' id='word_1_272' title='bbox 2137 2061 2399 2124; x_wconf 80' lang='lat' dir='ltr'>quaedam,</span> <span class='ocrx_word' id='word_1_273' title='bbox 2427 2077 2522 2107; x_wconf 86' lang='lat' dir='ltr'>non</span> <span class='ocrx_word' id='word_1_274' title='bbox 2554 2061 2692 2113; x_wconf 74' lang='lat' dir='ltr'>novi,-</span> 
     </span>
     <span class='ocr_line' id='line_1_25' title="bbox 433 2137 2697 2202; baseline 0.003 -23"><span class='ocrx_word' id='word_1_275' title='bbox 433 2137 605 2182; x_wconf 78' lang='lat' dir='ltr'>etenim</span> <span class='ocrx_word' id='word_1_276' title='bbox 639 2137 758 2184; x_wconf 79' lang='lat' dir='ltr'>lzaee</span> <span class='ocrx_word' id='word_1_277' title='bbox 790 2141 1120 2187; x_wconf 76' lang='lat' dir='ltr'>tantummodo</span> <span class='ocrx_word' id='word_1_278' title='bbox 1157 2142 1207 2187; x_wconf 88' lang='lat' dir='ltr'>in</span> <span class='ocrx_word' id='word_1_279' title='bbox 1243 2157 1414 2187; x_wconf 84' lang='lat' dir='ltr'>manus</span> <span class='ocrx_word' id='word_1_280' title='bbox 1437 2157 1570 2186; x_wconf 87' lang='lat' dir='ltr'>meas</span> <span class='ocrx_word' id='word_1_281' title='bbox 1594 2141 1893 2188; x_wconf 75' lang='lat' dir='ltr'>devenerunt.</span> <span class='ocrx_word' id='word_1_282' title='bbox 1932 2141 2033 2186; x_wconf 84' lang='lat' dir='ltr'>Dixi</span> <span class='ocrx_word' id='word_1_283' title='bbox 2065 2141 2159 2186; x_wconf 88' lang='lat' dir='ltr'>iam</span> <span class='ocrx_word' id='word_1_284' title='bbox 2183 2154 2324 2202; x_wconf 88' lang='lat' dir='ltr'>supra</span> <span class='ocrx_word' id='word_1_285' title='bbox 2359 2155 2406 2201; x_wconf 88' lang='lat' dir='ltr'>p.</span> <span class='ocrx_word' id='word_1_286' title='bbox 2435 2140 2482 2185; x_wconf 90' lang='grc'>9.</span> <span class='ocrx_word' id='word_1_287' title='bbox 2513 2137 2697 2185; x_wconf 88' lang='lat' dir='ltr'>deside-</span> 
     </span>
     <span class='ocr_line' id='line_1_26' title="bbox 434 2216 2698 2290; baseline 0.001 -31"><span class='ocrx_word' id='word_1_288' title='bbox 434 2217 527 2290; x_wconf 56' lang='lat' dir='ltr'>rafi</span> <span class='ocrx_word' id='word_1_289' title='bbox 561 2216 685 2263; x_wconf 92' lang='lat' dir='ltr'>hunc</span> <span class='ocrx_word' id='word_1_290' title='bbox 718 2220 925 2269; x_wconf 88' lang='lat' dir='ltr'>Nicetam</span> <span class='ocrx_word' id='word_1_291' title='bbox 959 2221 1084 2266; x_wconf 86' lang='lat' dir='ltr'>inter</span> <span class='ocrx_word' id='word_1_292' title='bbox 1114 2221 1374 2282; x_wconf 79' lang='lat' dir='ltr'>paucorum</span> <span class='ocrx_word' id='word_1_293' title='bbox 1409 2220 1636 2282; x_wconf 89' lang='lat' dir='ltr'>Naupacti</span> <span class='ocrx_word' id='word_1_294' title='bbox 1671 2219 1999 2281; x_wconf 89' lang='lat' dir='ltr'>episcoporum</span> <span class='ocrx_word' id='word_1_295' title='bbox 2038 2218 2255 2271; x_wconf 88' lang='lat' dir='ltr'>nomina,</span> <span class='ocrx_word' id='word_1_296' title='bbox 2293 2231 2414 2279; x_wconf 89' lang='lat' dir='ltr'>quae</span> <span class='ocrx_word' id='word_1_297' title='bbox 2448 2216 2698 2278; x_wconf 87' lang='lat' dir='ltr'>Lequinius</span> 
     </span>
     <span class='ocr_line' id='line_1_27' title="bbox 434 2293 2694 2359; baseline 0 -21"><span class='ocrx_word' id='word_1_298' title='bbox 434 2293 571 2340; x_wconf 84' lang='lat' dir='ltr'>nobis</span> <span class='ocrx_word' id='word_1_299' title='bbox 604 2296 831 2343; x_wconf 87' lang='lat' dir='ltr'>exhibuit.</span> <span class='ocrx_word' id='word_1_300' title='bbox 869 2299 1002 2344; x_wconf 90' lang='lat' dir='ltr'>Nunc</span> <span class='ocrx_word' id='word_1_301' title='bbox 1036 2313 1150 2344; x_wconf 90' lang='lat' dir='ltr'>vero</span> <span class='ocrx_word' id='word_1_302' title='bbox 1192 2312 1452 2359; x_wconf 84' lang='lat' dir='ltr'>cognomen</span> <span class='ocrx_word' id='word_1_303' title='bbox 1490 2298 1589 2343; x_wconf 89' lang='lat' dir='ltr'>eius</span> <span class='ocrx_word' id='word_1_304' title='bbox 1629 2297 1916 2347; x_wconf 67' lang='lat' dir='ltr'>Mattianum.</span> <span class='ocrx_word' id='word_1_305' title='bbox 1951 2312 2033 2342; x_wconf 80' lang='lat' dir='ltr'>seu</span> <span class='ocrx_word' id='word_1_306' title='bbox 2063 2296 2350 2341; x_wconf 68' lang='lat' dir='ltr'>&#39;Mantanem</span> <span class='ocrx_word' id='word_1_307' title='bbox 2383 2294 2694 2355; x_wconf 86' lang='lat' dir='ltr'>agnoscimus.</span> 
     </span>
     <span class='ocr_line' id='line_1_28' title="bbox 437 2370 2729 2436; baseline -0.001 -18"><span class='ocrx_word' id='word_1_308' title='bbox 437 2374 552 2419; x_wconf 87' lang='lat' dir='ltr'>Sane</span> <span class='ocrx_word' id='word_1_309' title='bbox 576 2374 770 2420; x_wconf 82' lang='lat' dir='ltr'>Nicetas</span> <span class='ocrx_word' id='word_1_310' title='bbox 794 2376 1055 2420; x_wconf 80' lang='lat' dir='ltr'>Mantanus</span> <span class='ocrx_word' id='word_1_311' title='bbox 1079 2374 1167 2421; x_wconf 90' lang='lat' dir='ltr'>sub</span> <span class='ocrx_word' id='word_1_312' title='bbox 1193 2376 1364 2422; x_wconf 89' lang='lat' dir='ltr'>Isaacio</span> <span class='ocrx_word' id='word_1_313' title='bbox 1388 2373 1569 2436; x_wconf 84' lang='lat' dir='ltr'>Angelo</span> <span class='ocrx_word' id='word_1_314' title='bbox 1594 2375 1709 2435; x_wconf 87' lang='lat' dir='ltr'>imp.</span> <span class='ocrx_word' id='word_1_315' title='bbox 1739 2373 1940 2419; x_wconf 84' lang='lat' dir='ltr'>triennio</span> <span class='ocrx_word' id='word_1_316' title='bbox 1975 2371 2062 2418; x_wconf 83' lang='lat' dir='ltr'>fuit</span> <span class='ocrx_word' id='word_1_317' title='bbox 2095 2370 2357 2434; x_wconf 89' lang='lat' dir='ltr'>patriarcha</span> <span class='ocrx_word' id='word_1_318' title='bbox 2380 2370 2698 2416; x_wconf 83' lang='lat' dir='ltr'>constantino-</span> <span class='ocrx_word' id='word_1_319' title='bbox 2727 2395 2729 2398; x_wconf 60' lang='lat'>&gt;</span> 
     </span>
     <span class='ocr_line' id='line_1_29' title="bbox 435 2446 2698 2512; baseline -0.002 -16"><span class='ocrx_word' id='word_1_320' title='bbox 435 2451 693 2512; x_wconf 81' lang='lat' dir='ltr'>politanus,</span> <span class='ocrx_word' id='word_1_321' title='bbox 723 2460 934 2498; x_wconf 84' lang='lat' dir='ltr'>extremo</span> <span class='ocrx_word' id='word_1_322' title='bbox 968 2453 1124 2505; x_wconf 89' lang='lat' dir='ltr'>senio,</span> <span class='ocrx_word' id='word_1_323' title='bbox 1153 2451 1212 2497; x_wconf 91' lang='lat' dir='ltr'>ab</span> <span class='ocrx_word' id='word_1_324' title='bbox 1247 2467 1370 2498; x_wconf 90' lang='lat' dir='ltr'>anno</span> <span class='ocrx_word' id='word_1_325' title='bbox 1401 2453 1540 2498; x_wconf 89' lang='grc'><strong>1186.</strong></span> <span class='ocrx_word' id='word_1_326' title='bbox 1571 2450 1629 2497; x_wconf 87' lang='lat' dir='ltr'>ad</span> <span class='ocrx_word' id='word_1_327' title='bbox 1669 2451 1810 2497; x_wconf 84' lang='lat'><strong>1189.</strong></span> <span class='ocrx_word' id='word_1_328' title='bbox 1846 2457 1899 2495; x_wconf 85' lang='lat' dir='ltr'>ut</span> <span class='ocrx_word' id='word_1_329' title='bbox 1930 2448 2088 2495; x_wconf 88' lang='lat' dir='ltr'>videre</span> <span class='ocrx_word' id='word_1_330' title='bbox 2122 2456 2190 2494; x_wconf 91' lang='lat' dir='ltr'>est</span> <span class='ocrx_word' id='word_1_331' title='bbox 2223 2446 2347 2510; x_wconf 89' lang='lat' dir='ltr'>apud</span> <span class='ocrx_word' id='word_1_332' title='bbox 2382 2446 2616 2508; x_wconf 86' lang='lat' dir='ltr'>Cuperum</span> <span class='ocrx_word' id='word_1_333' title='bbox 2649 2448 2698 2492; x_wconf 90' lang='lat' dir='ltr'>in</span> 
     </span>
     <span class='ocr_line' id='line_1_30' title="bbox 439 2520 2693 2593; baseline -0.002 -18"><span class='ocrx_word' id='word_1_334' title='bbox 439 2531 804 2591; x_wconf 86' lang='lat' dir='ltr'>patriarcharum</span> <span class='ocrx_word' id='word_1_335' title='bbox 847 2539 995 2576; x_wconf 88' lang='lat' dir='ltr'>const.</span> <span class='ocrx_word' id='word_1_336' title='bbox 1041 2530 1254 2592; x_wconf 84' lang='lat' dir='ltr'>catalogo</span> <span class='ocrx_word' id='word_1_337' title='bbox 1296 2547 1342 2593; x_wconf 94' lang='lat' dir='ltr'>p.</span> <span class='ocrx_word' id='word_1_338' title='bbox 1395 2531 1502 2576; x_wconf 64' lang='lat'><strong>143.</strong></span> <span class='ocrx_word' id='word_1_339' title='bbox 1541 2531 1654 2575; x_wconf 84' lang='lat' dir='ltr'>Rem</span> <span class='ocrx_word' id='word_1_340' title='bbox 1689 2536 1847 2574; x_wconf 87' lang='lat' dir='ltr'>narrat</span> <span class='ocrx_word' id='word_1_341' title='bbox 1880 2528 2017 2573; x_wconf 85' lang='lat' dir='ltr'>etiam</span> <span class='ocrx_word' id='word_1_342' title='bbox 2059 2520 2488 2572; x_wconf 50' lang='lat' dir='ltr'>Nicetas&#39;choniata</span> <span class='ocrx_word' id='word_1_343' title='bbox 2529 2525 2693 2571; x_wconf 84' lang='lat' dir='ltr'>histor.</span> 
     </span>
     <span class='ocr_line' id='line_1_31' title="bbox 436 2597 2695 2673; baseline -0.005 -17"><span class='ocrx_word' id='word_1_344' title='bbox 436 2610 519 2658; x_wconf 90' lang='lat' dir='ltr'>lib.</span> <span class='ocrx_word' id='word_1_345' title='bbox 548 2612 606 2655; x_wconf 93' lang='lat' dir='ltr'>ll.</span> <span class='ocrx_word' id='word_1_346' title='bbox 637 2612 683 2656; x_wconf 68' lang='grc' dir='ltr'>[ι.</span> <span class='ocrx_word' id='word_1_347' title='bbox 713 2627 760 2673; x_wconf 86' lang='lat' dir='ltr'>p.</span> <span class='ocrx_word' id='word_1_348' title='bbox 789 2612 902 2657; x_wconf 76' lang='lat'><strong>259.</strong></span> <span class='ocrx_word' id='word_1_349' title='bbox 930 2609 1044 2653; x_wconf 85' lang='lat' dir='ltr'>Item</span> <span class='ocrx_word' id='word_1_350' title='bbox 1069 2607 1376 2669; x_wconf 87' lang='lat' dir='ltr'>Ephraemius</span> <span class='ocrx_word' id='word_1_351' title='bbox 1398 2604 1812 2667; x_wconf 83' lang='lat' dir='ltr'>chronographus,</span> <span class='ocrx_word' id='word_1_352' title='bbox 1841 2619 1866 2650; x_wconf 89' lang='lat' dir='ltr'>a</span> <span class='ocrx_word' id='word_1_353' title='bbox 1891 2603 2026 2650; x_wconf 90' lang='lat' dir='ltr'>nobis</span> <span class='ocrx_word' id='word_1_354' title='bbox 2051 2602 2201 2649; x_wconf 89' lang='lat' dir='ltr'>editus</span> <span class='ocrx_word' id='word_1_355' title='bbox 2223 2597 2388 2663; x_wconf 87' lang='lat' dir='ltr'>Script.</span> <span class='ocrx_word' id='word_1_356' title='bbox 2416 2608 2509 2647; x_wconf 88' lang='lat' dir='ltr'>vet.</span> <span class='ocrx_word' id='word_1_357' title='bbox 2536 2602 2586 2646; x_wconf 82' lang='lat' dir='ltr'>T.</span> <span class='ocrx_word' id='word_1_358' title='bbox 2613 2601 2695 2646; x_wconf 83' lang='grc' dir='ltr'><strong>ΙΙΙ.</strong></span> 
     </span>
     <span class='ocr_line' id='line_1_32' title="bbox 436 2664 2699 2752; baseline -0.008 -16"><span class='ocrx_word' id='word_1_359' title='bbox 436 2706 483 2752; x_wconf 91' lang='lat' dir='ltr'>p.</span> <span class='ocrx_word' id='word_1_360' title='bbox 510 2686 625 2736; x_wconf 63' lang='lat'><strong>³240.</strong></span> <span class='ocrx_word' id='word_1_361' title='bbox 656 2677 1035 2751; x_wconf 75' lang='grc' dir='ltr'>Σακελλοῖριον,</span> <span class='ocrx_word' id='word_1_362' title='bbox 1059 2679 1260 2731; x_wconf 75' lang='grc' dir='ltr'>λευίτκν</span> <span class='ocrx_word' id='word_1_363' title='bbox 1289 2672 1335 2726; x_wconf 74' lang='grc' dir='ltr'>δ’</span> <span class='ocrx_word' id='word_1_364' title='bbox 1364 2674 1633 2734; x_wconf 73' lang='grc' dir='ltr'>ἐκκλησίας</span> <span class='ocrx_word' id='word_1_365' title='bbox 1658 2710 1689 2718; x_wconf 94' lang='grc'>-</span> <span class='ocrx_word' id='word_1_366' title='bbox 1715 2672 1912 2728; x_wconf 53' lang='lat' dir='ltr'>Rhion»</span> <span class='ocrx_word' id='word_1_367' title='bbox 1939 2669 2162 2727; x_wconf 69' lang='grc' dir='ltr'>Νικῆταν</span> <span class='ocrx_word' id='word_1_368' title='bbox 2187 2666 2480 2728; x_wconf 73' lang='grc' dir='ltr'>ΜουνὙοῖνην</span> <span class='ocrx_word' id='word_1_369' title='bbox 2506 2664 2558 2720; x_wconf 67' lang='grc' dir='ltr'>δὲ</span> <span class='ocrx_word' id='word_1_370' title='bbox 2586 2667 2699 2720; x_wconf 77' lang='grc' dir='ltr'>τοῦ-</span> 
     </span>
     <span class='ocr_line' id='line_1_33' title="bbox 437 2742 2699 2828; baseline -0.006 -17"><span class='ocrx_word' id='word_1_371' title='bbox 437 2761 633 2820; x_wconf 69' lang='grc' dir='ltr'>ωίκλκν</span> <span class='ocrx_word' id='word_1_372' title='bbox 671 2794 700 2801; x_wconf 89' lang='grc'><strong>-</strong></span> <span class='ocrx_word' id='word_1_373' title='bbox 735 2753 1056 2828; x_wconf 71' lang='grc' dir='ltr'>Παλαίτερόν</span> <span class='ocrx_word' id='word_1_374' title='bbox 1096 2773 1155 2818; x_wconf 80' lang='grc' dir='ltr'>’γε</span> <span class='ocrx_word' id='word_1_375' title='bbox 1199 2751 1444 2805; x_wconf 67' lang='grc' dir='ltr'>Τιθωνοῦ</span> <span class='ocrx_word' id='word_1_376' title='bbox 1483 2751 1566 2803; x_wconf 74' lang='grc' dir='ltr'>καὶ</span> <span class='ocrx_word' id='word_1_377' title='bbox 1615 2753 1902 2821; x_wconf 82' lang='grc' dir='ltr'>Θουκρίτου</span> <span class='ocrx_word' id='word_1_378' title='bbox 1939 2785 1968 2792; x_wconf 92' lang='grc'><strong>-</strong></span> <span class='ocrx_word' id='word_1_379' title='bbox 1997 2745 2318 2822; x_wconf 68' lang='grc' dir='ltr'>Ἀρχιθύτκν</span> <span class='ocrx_word' id='word_1_380' title='bbox 2356 2742 2699 2804; x_wconf 48' lang='lat' dir='ltr'>Salmaces&amp;</span> 
     </span>
     <span class='ocr_line' id='line_1_34' title="bbox 378 2821 2692 2903; baseline -0.005 -18"><span class='ocrx_word' id='word_1_381' title='bbox 378 2848 383 2858; x_wconf 63' lang='lat'>⁹</span> <span class='ocrx_word' id='word_1_382' title='bbox 438 2838 830 2889; x_wconf 81' lang='grc' dir='ltr'>Κωνσταντίνου.</span> <span class='ocrx_word' id='word_1_383' title='bbox 867 2871 898 2878; x_wconf 92' lang='grc'>-</span> <span class='ocrx_word' id='word_1_384' title='bbox 935 2831 1085 2885; x_wconf 71' lang='grc' dir='ltr'>Μετὰ</span> <span class='ocrx_word' id='word_1_385' title='bbox 1121 2826 1298 2903; x_wconf 69' lang='grc' dir='ltr'>μικρὸν</span> <span class='ocrx_word' id='word_1_386' title='bbox 1337 2825 1394 2881; x_wconf 66' lang='grc' dir='ltr'>δὲ</span> <span class='ocrx_word' id='word_1_387' title='bbox 1427 2829 1522 2881; x_wconf 72' lang='grc' dir='ltr'>τοῦ</span> <span class='ocrx_word' id='word_1_388' title='bbox 1557 2825 1750 2901; x_wconf 68' lang='grc' dir='ltr'>θρόνου</span> <span class='ocrx_word' id='word_1_389' title='bbox 1789 2822 2118 2885; x_wconf 76' lang='grc' dir='ltr'>κατασπάσας</span> <span class='ocrx_word' id='word_1_390' title='bbox 2152 2861 2183 2868; x_wconf 96' lang='grc'>-</span> <span class='ocrx_word' id='word_1_391' title='bbox 2217 2824 2281 2884; x_wconf 77' lang='grc' dir='ltr'>ὥς</span> <span class='ocrx_word' id='word_1_392' title='bbox 2319 2821 2490 2887; x_wconf 58' lang='lat' dir='ltr'>dcem?</span> <span class='ocrx_word' id='word_1_393' title='bbox 2521 2843 2573 2874; x_wconf 74' lang='grc' dir='ltr'>τε</span> <span class='ocrx_word' id='word_1_394' title='bbox 2610 2821 2692 2874; x_wconf 71' lang='grc' dir='ltr'>καὶ</span> 
     </span>
    </p>
   </div>
   <div class='ocr_carea' id='block_1_3' title="bbox 437 2908 2845 2985">
    <p class='ocr_par' dir='ltr' id='par_1_3' title="bbox 437 2908 2845 2985">
     <span class='ocr_line' id='line_1_35' title="bbox 437 2908 2845 2985; baseline -0.007 -17"><span class='ocrx_word' id='word_1_395' title='bbox 437 2910 606 2985; x_wconf 80' lang='grc' dir='ltr'>χρόνῳ</span> <span class='ocrx_word' id='word_1_396' title='bbox 638 2908 950 2985; x_wconf 73' lang='grc' dir='ltr'>παρειμένον.</span> <span class='ocrx_word' id='word_1_397' title='bbox 987 2920 1197 2974; x_wconf 84' lang='lat' dir='ltr'>Quorum</span> <span class='ocrx_word' id='word_1_398' title='bbox 1224 2917 1564 2964; x_wconf 84' lang='lat' dir='ltr'>versiculorum</span> <span class='ocrx_word' id='word_1_399' title='bbox 1587 2930 1748 2961; x_wconf 83' lang='lat' dir='ltr'>sensus</span> <span class='ocrx_word' id='word_1_400' title='bbox 1773 2923 1868 2966; x_wconf 77' lang='lat' dir='ltr'>est,</span> <span class='ocrx_word' id='word_1_401' title='bbox 1897 2921 1949 2959; x_wconf 90' lang='lat' dir='ltr'>ut</span> <span class='ocrx_word' id='word_1_402' title='bbox 1972 2914 2063 2958; x_wconf 86' lang='lat' dir='ltr'>iam</span> <span class='ocrx_word' id='word_1_403' title='bbox 2090 2912 2266 2958; x_wconf 85' lang='lat' dir='ltr'>dictum</span> <span class='ocrx_word' id='word_1_404' title='bbox 2293 2909 2402 2963; x_wconf 86' lang='lat' dir='ltr'>fuit,</span> <span class='ocrx_word' id='word_1_405' title='bbox 2429 2910 2701 2955; x_wconf 84' lang='lat' dir='ltr'>Muntanum</span> <span class='ocrx_word' id='word_1_406' title='bbox 2773 2961 2781 2966; x_wconf 46' lang='grc'>,</span> <span class='ocrx_word' id='word_1_407' title='bbox 2839 2919 2845 2926; x_wconf 92' lang='grc'><em>·</em></span> 
     </span>
    </p>
   </div>
   <div class='ocr_carea' id='block_1_4' title="bbox 437 2980 2731 3908">
    <p class='ocr_par' dir='ltr' id='par_1_4' title="bbox 437 2980 2731 3212">
     <span class='ocr_line' id='line_1_36' title="bbox 437 2980 2731 3056; baseline -0.007 -12"><span class='ocrx_word' id='word_1_408' title='bbox 437 2998 560 3044; x_wconf 90' lang='lat' dir='ltr'>hunc</span> <span class='ocrx_word' id='word_1_409' title='bbox 593 2999 801 3045; x_wconf 89' lang='lat' dir='ltr'>Nicetam</span> <span class='ocrx_word' id='word_1_410' title='bbox 835 3014 891 3044; x_wconf 80' lang='lat' dir='ltr'>ex</span> <span class='ocrx_word' id='word_1_411' title='bbox 925 2997 1166 3043; x_wconf 89' lang='lat' dir='ltr'>sacellario</span> <span class='ocrx_word' id='word_1_412' title='bbox 1201 2995 1373 3041; x_wconf 87' lang='lat' dir='ltr'>factum</span> <span class='ocrx_word' id='word_1_413' title='bbox 1405 2992 1747 3056; x_wconf 86' lang='lat' dir='ltr'>patriarcham,</span> <span class='ocrx_word' id='word_1_414' title='bbox 1785 2989 1867 3036; x_wconf 90' lang='lat' dir='ltr'>sed</span> <span class='ocrx_word' id='word_1_415' title='bbox 1882 2990 2044 3052; x_wconf 74' lang='lat' dir='ltr'>‚paulo</span> <span class='ocrx_word' id='word_1_416' title='bbox 2078 2998 2185 3051; x_wconf 88' lang='lat' dir='ltr'>post</span> <span class='ocrx_word' id='word_1_417' title='bbox 2217 2987 2282 3034; x_wconf 89' lang='lat' dir='ltr'>ob</span> <span class='ocrx_word' id='word_1_418' title='bbox 2314 2986 2529 3034; x_wconf 81' lang='lat' dir='ltr'>effoetam</span> <span class='ocrx_word' id='word_1_419' title='bbox 2569 2980 2731 3031; x_wconf 72' lang='lat' dir='ltr'>sene··‘</span> 
     </span>
     <span class='ocr_line' id='line_1_37' title="bbox 438 3060 2705 3137; baseline -0.007 -16"><span class='ocrx_word' id='word_1_420' title='bbox 438 3084 607 3121; x_wconf 88' lang='lat' dir='ltr'>ctutem</span> <span class='ocrx_word' id='word_1_421' title='bbox 635 3076 916 3137; x_wconf 88' lang='lat' dir='ltr'>depositum.</span> <span class='ocrx_word' id='word_1_422' title='bbox 948 3075 1076 3121; x_wconf 86' lang='lat' dir='ltr'>Idem</span> <span class='ocrx_word' id='word_1_423' title='bbox 1102 3082 1261 3120; x_wconf 89' lang='lat' dir='ltr'>narrat</span> <span class='ocrx_word' id='word_1_424' title='bbox 1283 3074 1424 3119; x_wconf 82' lang='lat' dir='ltr'>etiam</span> <span class='ocrx_word' id='word_1_425' title='bbox 1457 3060 1720 3118; x_wconf 68' lang='lat' dir='ltr'>Methodifis</span> <span class='ocrx_word' id='word_1_426' title='bbox 1744 3068 2001 3116; x_wconf 90' lang='lat' dir='ltr'>monachus</span> <span class='ocrx_word' id='word_1_427' title='bbox 2026 3068 2074 3112; x_wconf 87' lang='lat' dir='ltr'>in</span> <span class='ocrx_word' id='word_1_428' title='bbox 2096 3064 2324 3128; x_wconf 92' lang='lat' dir='ltr'>opusculo</span> <span class='ocrx_word' id='word_1_429' title='bbox 2350 3080 2374 3109; x_wconf 87' lang='grc'><strong>3</strong></span> <span class='ocrx_word' id='word_1_430' title='bbox 2398 3061 2535 3108; x_wconf 87' lang='lat' dir='ltr'>nobis</span> <span class='ocrx_word' id='word_1_431' title='bbox 2558 3076 2705 3122; x_wconf 85' lang='lat' dir='ltr'>aeque</span> 
     </span>
     <span class='ocr_line' id='line_1_38' title="bbox 439 3149 1827 3212; baseline -0.004 -15"><span class='ocrx_word' id='word_1_432' title='bbox 439 3154 564 3199; x_wconf 78' lang='lat' dir='ltr'>edito</span> <span class='ocrx_word' id='word_1_433' title='bbox 599 3154 657 3199; x_wconf 80' lang='lat' dir='ltr'>de</span> <span class='ocrx_word' id='word_1_434' title='bbox 692 3154 883 3199; x_wconf 77' lang='lat' dir='ltr'>vitando</span> <span class='ocrx_word' id='word_1_435' title='bbox 916 3153 1161 3199; x_wconf 86' lang='lat' dir='ltr'>schismate</span> <span class='ocrx_word' id='word_1_436' title='bbox 1196 3168 1243 3198; x_wconf 88' lang='lat' dir='ltr'>n.</span> <span class='ocrx_word' id='word_1_437' title='bbox 1279 3153 1353 3197; x_wconf 82' lang='lat'>16.</span> <span class='ocrx_word' id='word_1_438' title='bbox 1382 3159 1497 3196; x_wconf 90' lang='lat' dir='ltr'>tom.</span> <span class='ocrx_word' id='word_1_439' title='bbox 1528 3151 1605 3195; x_wconf 88' lang='lat' dir='ltr'>cit.</span> <span class='ocrx_word' id='word_1_440' title='bbox 1637 3164 1684 3210; x_wconf 87' lang='lat' dir='ltr'>p.</span> <span class='ocrx_word' id='word_1_441' title='bbox 1714 3149 1827 3212; x_wconf 77' lang='lat'><strong>260.</strong></span> 
     </span>
    </p>

    <p class='ocr_par' dir='ltr' id='par_1_5' title="bbox 439 3216 2721 3908">
     <span class='ocr_line' id='line_1_39' title="bbox 567 3216 2721 3293; baseline -0.005 -19"><span class='ocrx_word' id='word_1_442' title='bbox 567 3231 802 3277; x_wconf 85' lang='lat' dir='ltr'>Habemus</span> <span class='ocrx_word' id='word_1_443' title='bbox 836 3233 977 3293; x_wconf 88' lang='lat' dir='ltr'>igitur</span> <span class='ocrx_word' id='word_1_444' title='bbox 1009 3232 1220 3276; x_wconf 89' lang='lat' dir='ltr'>Nicetam</span> <span class='ocrx_word' id='word_1_445' title='bbox 1244 3230 1518 3275; x_wconf 86' lang='lat' dir='ltr'>Muntanum</span> <span class='ocrx_word' id='word_1_446' title='bbox 1543 3225 1768 3288; x_wconf 73' lang='lat' dir='ltr'>Naupacti</span> <span class='ocrx_word' id='word_1_447' title='bbox 1801 3224 2097 3286; x_wconf 89' lang='lat' dir='ltr'>episcopum,</span> <span class='ocrx_word' id='word_1_448' title='bbox 2125 3229 2170 3267; x_wconf 87' lang='lat' dir='ltr'>et</span> <span class='ocrx_word' id='word_1_449' title='bbox 2192 3221 2398 3266; x_wconf 87' lang='lat' dir='ltr'>Nicetam</span> <span class='ocrx_word' id='word_1_450' title='bbox 2432 3219 2544 3264; x_wconf 85' lang='lat' dir='ltr'>item</span> <span class='ocrx_word' id='word_1_451' title='bbox 2569 3216 2721 3267; x_wconf 46' lang='lat' dir='ltr'>Mutis</span> 
     </span>
     <span class='ocr_line' id='line_1_40' title="bbox 439 3292 2704 3369; baseline -0.006 -17"><span class='ocrx_word' id='word_1_452' title='bbox 439 3316 598 3353; x_wconf 87' lang='lat' dir='ltr'>tanum</span> <span class='ocrx_word' id='word_1_453' title='bbox 623 3309 932 3369; x_wconf 83' lang='lat' dir='ltr'>patriarcham</span> <span class='ocrx_word' id='word_1_454' title='bbox 957 3306 1533 3368; x_wconf 64' lang='lat' dir='ltr'>constantinopolitanum.</span> <span class='ocrx_word' id='word_1_455' title='bbox 1573 3294 1701 3348; x_wconf 84' lang='lat' dir='ltr'>Idem</span> <span class='ocrx_word' id='word_1_456' title='bbox 1731 3317 1790 3348; x_wconf 89' lang='lat' dir='ltr'>ne</span> <span class='ocrx_word' id='word_1_457' title='bbox 1823 3300 2080 3352; x_wconf 83' lang='lat' dir='ltr'>homo‚·an</span> <span class='ocrx_word' id='word_1_458' title='bbox 2112 3298 2268 3360; x_wconf 91' lang='lat' dir='ltr'>potius</span> <span class='ocrx_word' id='word_1_459' title='bbox 2300 3292 2431 3342; x_wconf 78' lang='lat' dir='ltr'>duo?</span> <span class='ocrx_word' id='word_1_460' title='bbox 2464 3295 2596 3340; x_wconf 83' lang='lat' dir='ltr'>Certe</span> <span class='ocrx_word' id='word_1_461' title='bbox 2621 3310 2704 3340; x_wconf 86' lang='lat' dir='ltr'>au-</span> 
     </span>
     <span class='ocr_line' id='line_1_41' title="bbox 440 3371 2703 3446; baseline -0.006 -17"><span class='ocrx_word' id='word_1_462' title='bbox 440 3394 539 3430; x_wconf 83' lang='lat' dir='ltr'>ctor</span> <span class='ocrx_word' id='word_1_463' title='bbox 564 3385 755 3437; x_wconf 87' lang='lat' dir='ltr'>scholii,</span> <span class='ocrx_word' id='word_1_464' title='bbox 783 3387 989 3431; x_wconf 84' lang='lat' dir='ltr'>Nicetam</span> <span class='ocrx_word' id='word_1_465' title='bbox 1015 3384 1240 3446; x_wconf 76' lang='lat' dir='ltr'>Naupacti</span> <span class='ocrx_word' id='word_1_466' title='bbox 1263 3381 1480 3430; x_wconf 85' lang='lat' dir='ltr'>adfirmat</span> <span class='ocrx_word' id='word_1_467' title='bbox 1514 3382 1659 3443; x_wconf 83' lang='lat' dir='ltr'>(vere</span> <span class='ocrx_word' id='word_1_468' title='bbox 1685 3395 1743 3425; x_wconf 88' lang='lat' dir='ltr'>ne</span> <span class='ocrx_word' id='word_1_469' title='bbox 1771 3394 1829 3425; x_wconf 88' lang='lat' dir='ltr'>an</span> <span class='ocrx_word' id='word_1_470' title='bbox 1853 3376 2044 3438; x_wconf 80' lang='lat' dir='ltr'>secus?)</span> <span class='ocrx_word' id='word_1_471' title='bbox 2080 3389 2178 3421; x_wconf 89' lang='lat' dir='ltr'>esse</span> <span class='ocrx_word' id='word_1_472' title='bbox 2200 3375 2498 3423; x_wconf 86' lang='lat' dir='ltr'>Muntanum;</span> <span class='ocrx_word' id='word_1_473' title='bbox 2525 3371 2606 3418; x_wconf 86' lang='lat' dir='ltr'>sed</span> <span class='ocrx_word' id='word_1_474' title='bbox 2638 3380 2703 3417; x_wconf 85' lang='lat' dir='ltr'>ta-</span> 
     </span>
     <span class='ocr_line' id='line_1_42' title="bbox 440 3447 2705 3524; baseline -0.006 -18"><span class='ocrx_word' id='word_1_475' title='bbox 440 3447 545 3507; x_wconf 80' lang='lat' dir='ltr'>men</span> <span class='ocrx_word' id='word_1_476' title='bbox 581 3462 825 3514; x_wconf 86' lang='lat' dir='ltr'>Choniata,</span> <span class='ocrx_word' id='word_1_477' title='bbox 854 3463 1184 3524; x_wconf 84' lang='lat' dir='ltr'>Ephraemius,</span> <span class='ocrx_word' id='word_1_478' title='bbox 1214 3476 1266 3507; x_wconf 90' lang='lat' dir='ltr'>ac</span> <span class='ocrx_word' id='word_1_479' title='bbox 1287 3458 1580 3510; x_wconf 83' lang='lat' dir='ltr'>Methodius.</span> <span class='ocrx_word' id='word_1_480' title='bbox 1610 3457 1740 3503; x_wconf 84' lang='lat' dir='ltr'>aiunt</span> <span class='ocrx_word' id='word_1_481' title='bbox 1774 3455 1899 3501; x_wconf 85' lang='lat' dir='ltr'>hunc</span> <span class='ocrx_word' id='word_1_482' title='bbox 1923 3469 2016 3500; x_wconf 88' lang='lat' dir='ltr'>non</span> <span class='ocrx_word' id='word_1_483' title='bbox 2044 3467 2097 3498; x_wconf 86' lang='lat' dir='ltr'>ex</span> <span class='ocrx_word' id='word_1_484' title='bbox 2135 3450 2244 3497; x_wconf 90' lang='lat' dir='ltr'>sede</span> <span class='ocrx_word' id='word_1_485' title='bbox 2266 3450 2516 3512; x_wconf 80' lang='lat' dir='ltr'>Naupacti,</span> <span class='ocrx_word' id='word_1_486' title='bbox 2545 3448 2624 3494; x_wconf 86' lang='lat' dir='ltr'>sed</span> <span class='ocrx_word' id='word_1_487' title='bbox 2649 3464 2705 3494; x_wconf 76' lang='lat' dir='ltr'>ex</span> 
     </span>
     <span class='ocr_line' id='line_1_43' title="bbox 440 3525 2705 3601; baseline -0.007 -16"><span class='ocrx_word' id='word_1_488' title='bbox 440 3539 596 3585; x_wconf 84' lang='lat' dir='ltr'>officio</span> <span class='ocrx_word' id='word_1_489' title='bbox 630 3539 852 3600; x_wconf 85' lang='lat' dir='ltr'>sacellarii</span> <span class='ocrx_word' id='word_1_490' title='bbox 890 3540 948 3586; x_wconf 91' lang='lat' dir='ltr'>ad</span> <span class='ocrx_word' id='word_1_491' title='bbox 982 3540 1207 3585; x_wconf 85' lang='lat' dir='ltr'>thronum</span> <span class='ocrx_word' id='word_1_492' title='bbox 1243 3530 1602 3601; x_wconf 85' lang='lat' dir='ltr'>patriarchalem</span> <span class='ocrx_word' id='word_1_493' title='bbox 1637 3542 1873 3586; x_wconf 81' lang='lat' dir='ltr'>evectum,</span> <span class='ocrx_word' id='word_1_494' title='bbox 1901 3530 2030 3577; x_wconf 91' lang='lat' dir='ltr'>nulla</span> <span class='ocrx_word' id='word_1_495' title='bbox 2064 3529 2235 3591; x_wconf 86' lang='lat' dir='ltr'>prioris</span> <span class='ocrx_word' id='word_1_496' title='bbox 2262 3528 2554 3590; x_wconf 80' lang='lat' dir='ltr'>episcopatus</span> <span class='ocrx_word' id='word_1_497' title='bbox 2589 3525 2705 3572; x_wconf 87' lang='lat' dir='ltr'>facta</span> 
     </span>
     <span class='ocr_line' id='line_1_44' title="bbox 441 3603 2701 3678; baseline -0.006 -17"><span class='ocrx_word' id='word_1_498' title='bbox 441 3617 693 3663; x_wconf 87' lang='lat' dir='ltr'>mentione.</span> <span class='ocrx_word' id='word_1_499' title='bbox 732 3616 874 3661; x_wconf 83' lang='lat' dir='ltr'>Addit</span> <span class='ocrx_word' id='word_1_500' title='bbox 912 3616 1216 3678; x_wconf 86' lang='lat' dir='ltr'>Ephraemius</span> <span class='ocrx_word' id='word_1_501' title='bbox 1250 3612 1390 3663; x_wconf 83' lang='lat' dir='ltr'>etiam</span> <span class='ocrx_word' id='word_1_502' title='bbox 1424 3613 1614 3661; x_wconf 87' lang='lat' dir='ltr'>titulum</span> <span class='ocrx_word' id='word_1_503' title='bbox 1648 3610 1839 3661; x_wconf 77' lang='lat' dir='ltr'>levitae,</span> <span class='ocrx_word' id='word_1_504' title='bbox 1869 3610 1950 3671; x_wconf 84' lang='lat' dir='ltr'>qui</span> <span class='ocrx_word' id='word_1_505' title='bbox 1984 3608 2043 3653; x_wconf 90' lang='lat' dir='ltr'>de</span> <span class='ocrx_word' id='word_1_506' title='bbox 2078 3607 2300 3668; x_wconf 90' lang='lat' dir='ltr'>episcopo</span> <span class='ocrx_word' id='word_1_507' title='bbox 2327 3619 2423 3650; x_wconf 91' lang='lat' dir='ltr'>non</span> <span class='ocrx_word' id='word_1_508' title='bbox 2451 3603 2701 3662; x_wconf 87' lang='lat' dir='ltr'>diceretur.</span> 
     </span>
     <span class='ocr_line' id='line_1_45' title="bbox 441 3682 2703 3755; baseline -0.007 -15"><span class='ocrx_word' id='word_1_509' title='bbox 441 3694 651 3755; x_wconf 79' lang='lat' dir='ltr'>Namque</span> <span class='ocrx_word' id='word_1_510' title='bbox 685 3702 738 3739; x_wconf 86' lang='lat' dir='ltr'>ut</span> <span class='ocrx_word' id='word_1_511' title='bbox 772 3692 989 3739; x_wconf 84' lang='lat' dir='ltr'>observat</span> <span class='ocrx_word' id='word_1_512' title='bbox 1023 3695 1236 3740; x_wconf 86' lang='lat' dir='ltr'>Suicerus</span> <span class='ocrx_word' id='word_1_513' title='bbox 1269 3695 1318 3739; x_wconf 90' lang='lat' dir='ltr'>in</span> <span class='ocrx_word' id='word_1_514' title='bbox 1352 3693 1555 3739; x_wconf 83' lang='lat' dir='ltr'>thesaur.</span> <span class='ocrx_word' id='word_1_515' title='bbox 1584 3690 1698 3736; x_wconf 88' lang='lat' dir='ltr'>eccl.</span> <span class='ocrx_word' id='word_1_516' title='bbox 1735 3704 1792 3735; x_wconf 83' lang='lat' dir='ltr'>ex</span> <span class='ocrx_word' id='word_1_517' title='bbox 1826 3686 2042 3749; x_wconf 80' lang='lat' dir='ltr'>Synesio‚</span> <span class='ocrx_word' id='word_1_518' title='bbox 2069 3698 2235 3730; x_wconf 91' lang='lat' dir='ltr'>canon.</span> <span class='ocrx_word' id='word_1_519' title='bbox 2273 3682 2361 3728; x_wconf 87' lang='lat' dir='ltr'>afr.</span> <span class='ocrx_word' id='word_1_520' title='bbox 2381 3715 2393 3735; x_wconf 88' lang='lat'>,</span> <span class='ocrx_word' id='word_1_521' title='bbox 2419 3689 2465 3727; x_wconf 85' lang='lat' dir='ltr'>et</span> <span class='ocrx_word' id='word_1_522' title='bbox 2499 3682 2703 3730; x_wconf 73' lang='lat' dir='ltr'>Zonara.</span> 
     </span>
     <span class='ocr_line' id='line_1_46' title="bbox 443 3759 2704 3819; baseline -0.007 -3"><span class='ocrx_word' id='word_1_523' title='bbox 443 3772 581 3817; x_wconf 75' lang='lat' dir='ltr'>levita</span> <span class='ocrx_word' id='word_1_524' title='bbox 606 3768 847 3816; x_wconf 85' lang='lat' dir='ltr'>dicebatur</span> <span class='ocrx_word' id='word_1_525' title='bbox 870 3768 1125 3815; x_wconf 69' lang='lat' dir='ltr'>diaconus..</span> <span class='ocrx_word' id='word_1_526' title='bbox 1138 3772 1354 3816; x_wconf 84' lang='lat' dir='ltr'>Attamen</span> <span class='ocrx_word' id='word_1_527' title='bbox 1375 3770 1607 3819; x_wconf 82' lang='lat' dir='ltr'>Nicetam.</span> <span class='ocrx_word' id='word_1_528' title='bbox 1634 3767 1806 3813; x_wconf 89' lang='lat' dir='ltr'>horum</span> <span class='ocrx_word' id='word_1_529' title='bbox 1832 3763 1891 3811; x_wconf 89' lang='lat' dir='ltr'>ad</span> <span class='ocrx_word' id='word_1_530' title='bbox 1914 3775 2069 3809; x_wconf 89' lang='lat' dir='ltr'>sacros</span> <span class='ocrx_word' id='word_1_531' title='bbox 2093 3759 2242 3806; x_wconf 89' lang='lat' dir='ltr'>libros</span> <span class='ocrx_word' id='word_1_532' title='bbox 2265 3765 2679 3806; x_wconf 83' lang='lat' dir='ltr'>commentatorem</span> <span class='ocrx_word' id='word_1_533' title='bbox 2693 3789 2704 3806; x_wconf 83' lang='lat'><strong>.</strong></span> 
     </span>
     <span class='ocr_line' id='line_1_47' title="bbox 442 3831 2703 3908; baseline -0.008 -15"><span class='ocrx_word' id='word_1_534' title='bbox 442 3862 601 3895; x_wconf 85' lang='lat' dir='ltr'>revera</span> <span class='ocrx_word' id='word_1_535' title='bbox 628 3846 768 3894; x_wconf 87' lang='lat' dir='ltr'>fuisse</span> <span class='ocrx_word' id='word_1_536' title='bbox 790 3847 1015 3908; x_wconf 83' lang='lat' dir='ltr'>Naupacti</span> <span class='ocrx_word' id='word_1_537' title='bbox 1040 3847 1335 3908; x_wconf 89' lang='lat' dir='ltr'>episcopum,</span> <span class='ocrx_word' id='word_1_538' title='bbox 1356 3844 1670 3893; x_wconf 66' lang='lat' dir='ltr'>confirmatur</span> <span class='ocrx_word' id='word_1_539' title='bbox 1695 3859 1719 3889; x_wconf 86' lang='lat' dir='ltr'>a</span> <span class='ocrx_word' id='word_1_540' title='bbox 1744 3840 1905 3888; x_wconf 87' lang='lat' dir='ltr'>codice</span> <span class='ocrx_word' id='word_1_541' title='bbox 1929 3845 2097 3885; x_wconf 77' lang='lat' dir='ltr'>veneto</span> <span class='ocrx_word' id='word_1_542' title='bbox 2122 3837 2247 3900; x_wconf 90' lang='lat' dir='ltr'>apud</span> <span class='ocrx_word' id='word_1_543' title='bbox 2275 3835 2539 3884; x_wconf 85' lang='lat' dir='ltr'>Morellium</span> <span class='ocrx_word' id='word_1_544' title='bbox 2568 3831 2703 3880; x_wconf 82' lang='lat' dir='ltr'>catal.</span> 
     </span>
    </p>
   </div>
  </div>
 </body>
</html>
