2970 4420
1213 268 1270 298 »Β
1302 262 1574 298 rmtomnus.
2460 247 2520 292 45

278 358 344 405 lio
375 355 669 405 Mamercino·
706 355 988 401 Memoratur
1023 367 1048 398 a
1077 353 1232 406 Livio,
1259 351 1558 404 Cassiodoro,
1585 346 1805 396 chronico
1836 344 2164 397 alexandrino,
2191 344 2316 391 fastis
2341 346 2521 399 siculiS,

279 443 331 482 ut
354 432 545 497 quidam
567 431 808 493 legerunt;
836 429 976 476 hodie
999 431 1153 476 excusi
1178 429 1351 476 habent
1383 416 1704 490 ΜαμερἺίνου
1722 455 1735 477 ,
1763 412 1847 467 καὶ
1881 415 2121 473 Σίλωνος.
2156 422 2222 467 De
2246 423 2416 468 Latinis
2438 422 2526 470 do-

278 513 402 559 mitis
426 508 744 571 triumphavit.
781 509 889 554 Tres
912 507 1037 568 leges
1062 506 1188 570 plebi
1212 507 1514 569 gratissimas,
1543 502 1772 553 nobilitati
1797 500 2034 553 adversas,
2060 499 2183 551 tulit.
2220 500 2258 544 Ι.
2287 498 2526 546 Plebiscita

277 603 440 636 omnes
474 587 672 642 Quirites
705 593 906 632 teneant.
944 585 1001 630 11.
1036 586 1240 646 Legum,
1277 598 1395 645 quae
1431 581 1698 634 centuriatis
1737 578 1933 641 comitiis
1969 575 2183 622 feruntur
2223 583 2329 622 ante
2363 577 2527 621 initum

278 663 547 726 suffragium
574 670 728 725 patres
753 670 962 707 auctores
986 659 1115 707 fiant.
1145 648 1224 706 111.
1252 660 1382 706 Alter
1404 674 1460 706 ex
1480 657 1618 721 plebe
1634 650 1800 703 consul
1829 661 2026 701 creetur.
2054 654 2276 699 Decretus
2301 651 2368 697 illi
2391 653 2528 698 etiam

280 739 572 802 triumphus,
601 738 790 784 domitis
823 736 1066 784 obsidione
1089 736 1457 798 Palaepolitanis.
1494 737 1550 781 Et
1585 748 1708 782 anno
1735 731 2053 779 CCCCXXVII.
2091 730 2247 776 Livius
2277 737 2322 774 et
2355 728 2531 774 Cassio-

278 817 424 863 dorus
445 817 497 862 L.
525 815 793 862 Cornelium
816 814 1087 867 Lentulum,
1115 821 1162 859 et
1185 813 1241 868 Q.
1264 811 1515 858 Publilium
1540 811 1780 858 Philonem
1804 815 2187 855 commemorant.
2216 805 2306 852 Alii
2330 805 2380 850 id
2407 804 2531 850 idem

279 892 421 940 fastos
449 891 630 958 siculos
668 891 899 938 affirmare
939 898 1196 937 autumant.
1231 890 1289 935 Et
1327 904 1451 935 anno
1489 887 1826 934 CCCCXXXIV.
1868 884 2069 931 eundem
2109 898 2216 929 cum
2255 883 2306 928 L.
2347 882 2532 943 Papirio

227 1008 241 1026 f„
278 971 478 1017 Cursore
514 969 751 1016 consulem
790 968 1020 1031 produnt,
1059 969 1175 1014 sicut
1208 975 1254 1013 et
1288 981 1411 1012 anno
1447 966 1786 1012 CCCCXXXIX.
1819 964 1989 1025 legitur
2021 961 2146 1023 apud
2178 959 2528 1011 Cassiodorum‚

277 1056 325 1094 et
347 1048 395 1093 in
421 1045 590 1093 tabulis
617 1046 897 1109 capitolinis,
919 1054 965 1092 et
989 1047 1037 1091 in
1064 1044 1188 1091 libro
1211 1044 1493 1106 Cuspiniani.
1520 1045 1586 1089 Ita
1608 1052 1662 1089 ut
1683 1041 1933 1088 Publilium
1958 1039 2083 1086 hunc
2100 1037 2343 1084 Philonem
2366 1045 2534 1099 quarto

279 1123 521 1170 consulem
547 1123 709 1177 fuisse,
737 1139 791 1170 ex
816 1121 1135 1185 superioribus
1157 1119 1473 1167 consulatibus
1497 1127 1637 1166 certu
1629 1135 1672 1166 m
1696 1120 1770 1165 sit.
1798 1120 1864 1165 De
1882 1125 2051 1179 quarto
2076 1115 2317 1162 consulatu
2343 1113 2446 1160 fasti
2473 1114 2533 1158 si-

276 1200 372 1247 culi
396 1215 455 1246 ne
479 1198 678 1245 verbum
700 1197 914 1260 quidem,
937 1199 1054 1244 sicut
1070 1213 1155 1243 nec
1177 1196 1430 1242 chronicon
1450 1195 1823 1247 alexandrinum;
1840 1193 2014 1239 habent
2030 1194 2204 1255 quippe
2230 1178 2530 1253 Κούρσωρος

276 1289 336 1320 το
370 1263 422 1318 δ’
449 1289 532 1319 και
567 1264 795 1320 Λενάτου
823 1265 880 1318 τὸ
914 1263 975 1332 β’.
1012 1276 1066 1320 In
1100 1273 1304 1320 secundo
1326 1281 1375 1319 et
1398 1274 1534 1319 tertio
1560 1274 1805 1319 consulatu
1834 1271 1999 1325 ambo,
2028 1278 2078 1316 ut
2103 1271 2153 1315 in
2177 1268 2312 1315 editis
2337 1268 2531 1329 legitur,

277 1348 506 1405 Σίλωνος
540 1367 637 1398 non
670 1346 929 1405 Φίλωνος,
963 1353 1049 1398 etsi
1073 1367 1099 1398 a
1130 1351 1368 1398 nonnullis
1390 1350 1618 1398 scribatur
1649 1338 1883 1400 Φίλωνος
1916 1347 2095 1395 haberi.
2132 1348 2284 1399 Toties
2307 1345 2536 1407 repetitus

280 1429 545 1476 consulatus
578 1429 826 1475 maximam
860 1429 1060 1475 hominis
1094 1428 1215 1474 inter
1242 1429 1476 1474 Romanos
1512 1427 1829 1473 excellentiam
1864 1426 2030 1487 arguit.
2067 1425 2222 1470 Livius
2255 1422 2339 1468 lib.
2374 1423 2452 1467 IX.
2481 1422 2530 1465 7.

280 1507 331 1551 Is
355 1506 563 1552 consules
596 1505 774 1552 creavit
802 1507 857 1563 Q.
885 1504 1161 1552 Publilium
1171 1503 1441 1556 Philonem,
1471 1515 1515 1549 et
1543 1504 1597 1549 L.
1630 1501 1880 1566 Papirium
1907 1503 2148 1547 Cursorem
2174 1500 2367 1549 iterum,
2401 1496 2536 1542 baud

279 1582 424 1629 dubio
456 1599 681 1629 consensu
707 1582 941 1634 civitatis,
971 1577 1101 1644 quod
1123 1581 1248 1628 nulli
1268 1597 1326 1627 ea
1353 1592 1628 1645 tempestate
1653 1580 1791 1625 duces
1813 1578 2039 1624 clariores
2065 1589 2231 1624 essent.
2260 1577 2361 1631 Ouo
2385 1573 2538 1621 creati

279 1671 391 1706 sunt
426 1659 528 1710 die,
567 1675 620 1704 eo
655 1662 674 1720 (
686 1659 755 1704 sic·
787 1659 913 1705 enim
939 1661 1195 1723 placuerat
1220 1658 1470 1724 patribus)
1503 1657 1847 1721 magistratum
1889 1655 2118 1705 inierunt,
2149 1651 2540 1713 sollemnibusque

279 1748 472 1783 senatus
504 1735 731 1782 consultis
759 1736 1011 1799 perfectis,
1043 1736 1101 1781 de
1124 1751 1247 1800 pace
1280 1734 1492 1782 caudina
1526 1735 1804 1781 retulerunt.
1838 1733 1953 1780 Vide
1989 1732 2113 1795 apud
2145 1731 2347 1778 eundem
2377 1737 2428 1775 ut
2450 1730 2540 1774 Pu-

280 1815 405 1861 blius
431 1814 507 1860 hic
528 1813 662 1860 Philo
691 1815 915 1860 Samnites
947 1804 1105 1861 hostes
1130 1814 1326 1869 fuderit,
1351 1815 1551 1860 maxima
1582 1814 1631 1859 in
1663 1814 1758 1859 acie
1790 1813 2041 1873 castrisque
2071 1817 2260 1856 cruenta
2288 1806 2426 1855 caede
2457 1820 2540 1868 pa-

280 1900 423 1946 trata;
455 1890 751 1954 populosque
785 1891 962 1953 aliquot
995 1891 1191 1954 Apuliae
1223 1900 1302 1938 aut
1332 1893 1378 1938 vi
1412 1890 1670 1953 subegerit,
1700 1898 1779 1936 aut
1812 1887 2158 1936 conditionibus
2190 1888 2239 1933 in
2271 1886 2538 1932 societatem

281 1969 524 2031 acceperit.
551 1967 848 2030 Tandemque
877 1969 998 2015 inter
1031 1984 1112 2015 eos
1137 1970 1372 2032 principes
1406 1968 1647 2016 Philonem
1674 1975 1910 2020 numerat,
1937 1965 2217 2028 quibuscum
2243 1963 2405 2009 fuisset
2433 1961 2541 2007 Ale-
2568 1994 2572 1997 -

281 2045 461 2093 xandro
484 2060 654 2106 magno
679 2043 951 2092 bellandum
979 2045 1087 2108 (lib.
1111 2046 1190 2092 IX.
1218 2046 1319 2108 17.)
1345 2047 1411 2092 De
1436 2046 1526 2092 hoc
1548 2045 1742 2091 Philone
1766 2045 1944 2091 notavit
1969 2042 2220 2102 Sabellicus
2243 2038 2438 2087 ennead.
2461 2039 2536 2084 IV.

283 2123 370 2170 lib.
399 2124 446 2169 lt.
485 2123 605 2169 duos
637 2122 705 2168 illi
740 2138 888 2170 novos
921 2123 1126 2170 honores
1157 2124 1424 2186 contigisse,
1452 2132 1498 2170 et
1530 2123 1660 2186 quod
1693 2124 1736 2169 ei
1772 2121 2015 2171 consulatu
2044 2119 2266 2166 defuncto
2293 2117 2541 2179 imperium

280 2209 349 2247 est
376 2208 683 2263 prorogatum
698 2234 710 2254 ,
738 2208 783 2245 et
806 2199 937 2262 quod
969 2200 1061 2246 iam
1084 2208 1186 2247 acto
1219 2199 1399 2247 honore
1422 2200 1749 2263 triumphavit,
1778 2198 1897 2245 nulli
1922 2200 2242 2245 Romanorum
2264 2194 2324 2241 ad
2347 2193 2397 2239 id
2426 2201 2541 2238 tem-

245 2288 250 2290 ’
282 2294 372 2340 pus
397 2292 653 2324 concessos.
691 2278 845 2323 Liceat
870 2292 995 2324 nunc
1018 2293 1124 2324 cum
1147 2278 1233 2324 illo
1261 2278 1541 2324 exclamare:
1571 2294 1598 2323 ο
1622 2275 1812 2324 virtutis
1836 2291 1990 2321 comes
2018 2273 2226 2324 invidia,
2257 2286 2379 2335 quae
2402 2269 2543 2315 bonos

284 2353 542 2418 insequeris
573 2355 878 2418 plerumque,
918 2366 1061 2418 atque
1101 2355 1221 2401 adeo
1262 2354 1544 2402 insectaris!
1586 2353 1733 2402 Labes
1771 2355 1943 2400 etenim
1986 2353 2100 2398 haec
2139 2360 2186 2398 et
2225 2347 2407 2396 macula
2448 2361 2544 2391 non
2588 2397 2592 2399 .

285 2433 448 2486 unius,
473 2430 558 2478 sed
592 2431 801 2477 omnium
833 2432 1153 2491 saeculorum3
1188 2433 1349 2479 virtuti
1384 2432 1558 2479 invidia
1594 2432 1830 2495 dignitatis
1862 2446 1918 2476 ex
1949 2430 2122 2475 virtute
2147 2428 2312 2474 florem
2349 2430 2544 2470 conatur

283 2507 828 2570 infringere.Publi'l1us
860 2520 1009 2554 ettam
1032 2508 1209 2566 Plato,
1245 2505 1406 2556 scribit
1438 2511 1593 2556 Livius
1626 2508 1711 2555 lib.
1749 2510 1828 2555 IX.
1864 2510 1943 2554 26.
1977 2503 2312 2570 multiplicatis
2346 2515 2542 2547 summzs

283 2584 566 2635 honoerbus
601 2597 711 2648 post
745 2602 817 2631 res
852 2597 920 2631 tot
953 2585 1086 2632 domz
1117 2585 1385 2650 belloque&
1363 2598 1543 2637 vestas,
1583 2598 1789 2633 ceterum
1825 2601 2002 2633 znvzsus
2035 2581 2306 2631 nobzlisstatc
2345 2591 2542 2624 eausam

284 2661 416 2707 di‘xzc
452 2661 786 2724 absolutusque
819 2674 904 2708 est.

413 2739 577 2784 XXIII.
614 2739 666 2783 L.
694 2739 911 2784 Veturius
943 2741 995 2785 L.
1022 2741 1074 2785 F.
1102 2739 1236 2786 Philo
1271 2756 1394 2788 anno
1420 2742 1662 2788 DXXXIV.
1700 2740 1858 2786 consul
1895 2755 2002 2786 cum
2036 2739 2084 2784 C.
2112 2736 2319 2785 Lutatio,
2348 2740 2399 2777 ut
2433 2730 2541 2774 Cas-

284 2814 500 2862 siodorus
533 2822 580 2859 et
602 2815 802 2860 Zonaras
828 2814 1062 2870 scribunt;
1090 2832 1196 2862 cum
1219 2818 1407 2870 Catulo,
1437 2826 1491 2863 ut
1515 2818 1618 2864 fasti
1644 2816 1799 2871 siculi3
1827 2831 1933 2862 cum
1966 2813 2211 2871 Scaevola,
2239 2819 2290 2857 ut
2312 2806 2430 2854 liber
2453 2805 2541 2849 Cu-

285 2892 499 2955 spiniani.
535 2891 752 2937 Triennio
786 2900 917 2953 post,
943 2893 1024 2953 qui
1060 2892 1146 2939 fuit
1176 2891 1289 2939 belli
1323 2895 1480 2955 punici
1512 2894 1700 2940 secundi
1730 2891 1876 2938 annus
1906 2890 2159 2942 secundm,
2187 2888 2384 2933 dictator
2411 2896 2537 2930 crea-

286 2979 360 3015 tus
393 2976 463 3014 est
493 2967 788 3014 comitiorum
823 2983 981 3014 causa.
1020 2969 1193 3015 Censor
1231 2985 1338 3015 cum
1370 2971 1420 3015 P.
1447 2971 1622 3016 Licinio
1655 2969 1819 3016 Crasso
1852 2970 1899 3014 in
1934 2967 2100 3014 eodem
2132 2966 2312 3012 honore
2346 2965 2541 3012 decessit

283 3060 410 3092 anno
442 3045 553 3091 V.C.
583 3045 780 3090 DXLIII.
809 3045 964 3091 Livius
997 3044 1082 3091 lib.
1110 3047 1251 3092 XXII.
1281 3054 1326 3091 et
1349 3047 1532 3092 XXVII.

418 3123 579 3168 XXIV.
615 3123 668 3169 L.
697 3123 911 3168 Veturius
939 3123 991 3167 L.
1026 3123 1078 3168 F.
1106 3123 1158 3168 L.
1187 3124 1244 3169 N.
1277 3122 1409 3168 Philo
1444 3122 1607 3169 aedilis
1641 3137 1739 3168 cur.
1769 3136 1891 3167 anno
1920 3121 2031 3166 V.C.
2060 3121 2256 3165 DXLIII.
2290 3128 2340 3165 ut
2373 3119 2542 3181 Iohan-

285 3215 369 3245 nes
401 3199 713 3261 Glandorpius
741 3199 940 3260 colligit,
970 3207 1157 3262 praetor
1179 3201 1474 3262 peregrinus,
1504 3200 1697 3246 Galliam
1722 3198 1952 3251 obtinuit,
1979 3198 2027 3243 in
2053 3213 2145 3258 qua
2167 3198 2405 3259 provincia
2429 3212 2541 3258 pro-

286 3284 502 3338 rogatum
524 3277 593 3322 illi
621 3277 871 3338 imperium
898 3284 983 3323 est.
1021 3278 1216 3338 Legatus
1242 3278 1409 3323 missus
1433 3292 1458 3323 a
1483 3278 1544 3323 M.
1573 3277 1740 3330 Lucio,
1768 3283 1814 3322 et
1839 3271 1887 3320 C.
1916 3274 2109 3320 Claudio
2133 3289 2251 3320 coss.
2281 3275 2329 3319 in
2349 3272 2537 3326 urbem,

288 3352 500 3415 patribus
537 3353 806 3416 populoque
832 3362 1013 3416 partam
1037 3354 1096 3400 de
1130 3353 1422 3401 Hasdrubale
1448 3354 1690 3400 victoriam
1720 3353 1967 3398 nunciavit.
2005 3351 2173 3398 Consul
2207 3359 2386 3397 creatus
2419 3366 2444 3397 a
2476 3352 2537 3396 M.

288 3431 430 3476 Lucio
454 3429 679 3477 dictatore
703 3428 816 3476 belli
843 3431 1001 3492 punici
1024 3430 1214 3476 secundi
1240 3445 1362 3477 anno
1386 3431 1490 3476 Xlll
1506 3465 1517 3484 ,
1546 3437 1706 3476 contra
1727 3426 2038 3474 Hannibalem
2060 3429 2296 3474 inBrutiis
2319 3443 2419 3474 rem
2445 3442 2542 3488 ges-

289 3508 348 3552 sit
372 3522 478 3553 cum
503 3506 680 3569 collega
712 3507 768 3562 Q.
802 3507 1012 3561 Metello,
1039 3508 1112 3553 cui
1137 3515 1240 3568 post
1263 3495 1478 3553 dictatori
1506 3514 1660 3552 creato
1684 3506 1979 3552 comitiorum
2007 3506 2174 3567 gratia,
2202 3506 2300 3567 ipse
2326 3506 2542 3566 magister

290 3583 498 3644 equitum
524 3583 626 3630 fuit.
664 3585 827 3630 Lectus
860 3592 927 3631 est
953 3591 997 3630 et
1027 3583 1196 3629 flamen
1221 3583 1461 3630 martialis.
1499 3585 1738 3629 Postremo
1762 3597 1870 3628 cum
1895 3583 2107 3644 Scipione
2133 3583 2182 3628 in
2206 3582 2407 3628 Africam
2432 3595 2542 3643 pro-

289 3657 436 3704 fectus
469 3668 563 3713 est,
601 3675 624 3706 a
657 3675 753 3722 quo
787 3661 1005 3707 remissus
1041 3660 1260 3713 domum,
1300 3662 1550 3722 pugnatam
1584 3674 1692 3705 cum
1723 3658 1980 3705 Hannibale
2011 3674 2215 3721 pugnam
2249 3673 2538 3720 supremam,

292 3732 525 3796 finemque
549 3737 746 3783 tandem·
761 3737 950 3799 lugubri
975 3736 1104 3784 bello
1132 3737 1425 3799 impositum,
1452 3737 1627 3798 ingenti
1651 3742 1836 3799 patr-um
1856 3736 2027 3799 laetitia
2050 3737 2285 3799 exposuit3
2313 3751 2368 3782 ex
2390 3736 2537 3781 Livio.

290 3811 360 3857 De
387 3811 472 3859 illo
494 3813 819 3870 CassiodoruS,
847 3815 954 3864 fasti
977 3814 1241 3878 capitolini,
1269 3813 1370 3863 fasti
1397 3814 1552 3871 siculi,
1579 3814 1761 3870 Cicero,
1789 3814 2018 3871 Valerius,
2045 3814 2316 3862 Plutarchus
2340 3814 2388 3860 in
2419 3812 2542 3858 Afri-
