2970 4420
268 980 293 1009 f.
313 984 358 1009 66.
379 980 410 1010 b.

275 1728 295 1756 s.
313 1731 358 1757 67.
380 1734 408 1757 ἃ.

271 3211 291 3238 1”.
313 3215 356 3240 68.
377 3219 404 3239 a.

198 3335 273 3364 ''‹Is,
295 3334 359 3364 vu.
381 3336 406 3361 i.

464 265 559 311 434

452 358 532 396 λων,
550 354 609 388 καὶ
626 353 741 395 παίσας
758 354 821 396 τοὶς
840 356 1021 404 μηχανάς,
1036 355 1097 392 καὶ
1114 359 1180 393 ποῖν
1200 357 1377 405 ἀφετήριον
1395 356 1554 406 ὄργανον,

452 415 537 464 οἵπερ
563 414 652 456 ἦσαν
672 414 811 453 ἅπαντα
831 417 883 466 ἐφ’
905 419 1042 467 ἁμαξῶν
1061 420 1100 454 τέ
1125 416 1344 466 κομίσαντες,
1370 417 1394 458 ἢ
1420 421 1478 455 καὶ
1505 419 1555 455 ε’ν-

452 476 566 513 ταῦθα
597 478 936 523 κατασκευάσαντες,
964 482 1113 528 πυρσούς
1145 484 1185 515 δι’
1218 479 1298 516 ὅλου
1331 483 1392 516 τοῦ
1415 479 1553 528 τείχους

452 539 671 586 ποιήσαντες,
693 542 902 590 κατέφλεξαν
924 543 956 578 οἱ
977 541 1179 589 κατοῖρατοι,
1202 541 1314 578 εἶκόνα
1334 544 1394 577 τοῦ
1411 542 1553 590 μέλλον-

453 615 509 642 τος
529 600 652 643 αὐτούς
670 602 904 647 ὐποδέξασθαι
923 606 1026 652 πυρός
1043 602 1217 646 ἀσβέστου
1231 602 1384 638 ἐντεῦθεν
1400 603 1552 650 οἶνοίψαν-

450 671 515 704 τες·
543 661 628 698 ὥστε
657 667 697 700 δι’
720 663 802 706 ὅλης
827 666 889 712 μὲν
914 668 974 706 τῆς
1000 664 1117 706 νυκτός
1143 663 1281 700 ἅπαντα
1306 666 1361 700 τὸν
1386 664 1473 714 οἰέρα
1497 667 1551 701 τὸν

451 726 534 774 πρὸς
564 726 655 761 δυ’σιν
685 729 746 768 τῆς
775 727 900 767 πόλεως
930 729 973 774 τῇ
1000 728 1088 774 πυρᾷ
1115 725 1420 774 καταλαμπεσθαι·
1449 731 1492 773 τῷ
1516 729 1550 762 δὲ

451 788 598 834 πλείστῳ
619 788 714 837 με’ρει
733 791 793 829 τῆς
814 787 976 828 ἐπιούσης
991 788 1119 835 η’μέρας
1139 790 1267 823 καπνοῦ
1281 789 1392 836 πλήρη
1415 788 1553 836 γενόμε-

451 862 519 892 νον,
536 849 622 897 μηδὲ
641 851 698 889 τήν
715 849 811 884 πόλιν
829 849 924 897 ὀροῖν,
939 849 1029 896 μηδὲ
1044 848 1147 888 αὐτην
1164 849 1245 897 ἡμῖν
1263 853 1454 899 συγχωρεῖν
1472 850 1550 886 τότε

453 912 508 950 τήν
531 911 728 948 θοίλασσαν.
745 912 787 947 ‘O
806 912 839 945 δὲ
862 910 1028 960 ἷεροίρχης
1047 911 1104 946 καὶ
1127 912 1144 947 ὁ
1166 913 1363 960 στρατηγός
1385 913 1442 961 καὶ
1465 915 1553 952 πλῆ-

450 972 511 1015 θος
529 975 588 1015 τῆς
606 974 731 1015 πόλεως
749 972 930 1021 ἀξιόλογον
948 974 1092 1014 ἑστῶτες
1110 973 1173 1022 πρὸ
1191 975 1251 1015 τῆς
1267 974 1395 1018 πύλης,
1412 971 1451 1014 ἢν
1465 988 1552 1023 χρυ-

450 1038 511 1074 σῆν
541 1038 706 1084 καλοῦμεν
735 1034 806 1070 α’πό
833 1038 894 1070 τοῦ
920 1035 1142 1084 πράγματος,
1166 1035 1224 1071 καὶ
1253 1036 1308 1071 τὸν
1336 1037 1461 1085 καπνόν
1490 1038 1551 1072 τῶν

448 1096 658 1146 βαρβαρικῶν
685 1097 828 1145 ὀργάνων
860 1095 1037 1145 θεώμενοι,
1063 1098 1125 1138 ταὶς
1153 1100 1279 1147 χεῖρας
1313 1097 1362 1139 εἷς
1392 1097 1551 1147 ου’ρανοιὶς

447 1157 696 1201 α’νατείναντες,
715 1157 814 1201 ἐβόων
831 1158 959 1207 δάκρυα
972 1159 1175 1207 προχεόντες
1188 1159 1410 1209 χαριστήρια·
1427 1162 1445 1176 “
1462 1160 1485 1198 ἦ
1501 1163 1551 1195 δε-

447 1248 466 1263 ,,
493 1216 631 1263 ξιοῖσου
658 1219 747 1268 κύριε
773 1220 974 1263 δεδόξασται
1003 1220 1035 1255 ἐν
1063 1219 1176 1269 ι’σχύῖ·
1201 1221 1222 1260 ἦ
1250 1221 1344 1264 δεξιοί
1370 1235 1432 1257 σου
1459 1220 1550 1269 κιίριε

445 1309 465 1324 „
491 1280 657 1329 ἔθραυσεν
681 1279 850 1329 ἐχθρούς,
870 1282 927 1316 καὶ
955 1284 998 1328 τῷ
1024 1281 1150 1321 πλήθει
1177 1285 1237 1325 τῆς
1264 1283 1363 1327 δόξης
1391 1296 1452 1318 σου
1476 1296 1552 1318 συν-

443 1370 463 1386 ,,
491 1342 610 1391 ε’τριψε
638 1344 715 1384 τούς
740 1343 967 1386 ὑπεναντίους.
988 1372 1006 1387 ,,

517 1404 578 1449 ’‘i-⁹²¹·
604 1407 671 1442 Καὶ
695 1405 779 1442 οὕτω
800 1406 902 1454 μὲν-δ
923 1406 1002 1443 κύων
1026 1406 1043 1442 ὁ
1065 1405 1205 1448 ἀναιδής
1226 1407 1283 1441 τόν
1305 1409 1365 1448 τῆς
1387 1405 1477 1448 ι’διάς
1498 1407 1552 1442 αι’-

440 1468 571 1516 σχιίνης
590 1468 718 1517 μισθὸν
733 1468 978 1518 κομισάμενος,
998 1468 1054 1504 ε’πί
1077 1471 1135 1508 τήν
1154 1469 1257 1511 αὐτὸς
1279 1469 1388 1505 αὑτοῦ
1406 1472 1469 1517 γῆν
1491 1470 1552 1504 ὑπ-

446 1531 615 1579 έχωρησε,
637 1533 771 1580 πολλαὶς
796 1534 938 1580 λογικῶν
961 1534 998 1567 τε
1024 1533 1082 1567 καὶ
1109 1531 1239 1580 ἀλόγων
1256 1532 1425 1580 »χιλιάδας
1453 1531 1490 1575 ἐξ
1510 1530 1551 1568 ῶν

444 1592 643 1642 ἐπηγάγετο
669 1581 801 1643 νεκρούς
828 1593 1058 1642 θεασάμενος,
1079 1595 1139 1629 καιΙ
1165 1593 1378 1643 τραυματίας
1399 1594 1552 1642 ἐπιφερό-

452 1670 552 1704 μενος
579 1655 756 1699 πλείονας,
777 1654 832 1697 οὒς
857 1661 931 1691 κατ’
959 1656 1073 1704 ὀλίγον
1101 1656 1215 1692 θανεῖν
1241 1655 1445 1704 ἐξήγγειλαν
1469 1657 1552 1703 ἡμῖν

444 1719 478 1753 οἶ
502 1717 699 1766 αὐτόμολοι·
725 1718 810 1766 ἔργῳ
832 1723 1007 1767 τοιγαροῦν
1033 1717 1233 1766 μεμάθηκεν
1260 1718 1278 1753 o‘
1305 1717 1550 1766 ε’μβρόντητος,

443 1780 484 1821 ὦς
511 1779 620 1822 οὐδεὶς
645 1779 723 1821 θεὸς
749 1780 860 1828 με’γας
882 1780 924 1821 ῶς
947 1780 963 1815 ὁ
986 1779 1064 1821 θεὸς
1085 1780 1195 1827 ἡμῶν,
1215 1778 1290 1816 ου’δὲ
1313 1779 1389 1814 ἔστι
1412 1780 1550 1828 δύναμις

445 1845 487 1891 τῇ
511 1843 665 1890 παναγιά
690 1843 844 1892 παρθένῳ
870 1843 1065 1886 ἀντωπῆσαι
1095 1842 1280 1891 ι’σχιίουσα·
1303 1843 1360 1881 καὶ
1384 1841 1468 1878 οὕτω
1489 1844 1550 1891 μὲν

447 1906 465 1941 o‘
491 1906 622 1947 δυτικός
649 1905 779 1954 ἐχθρός
801 1906 817 1941 o‘
841 1908 899 1940 τοῦ
926 1905 1068 1946 σκότους
1091 1906 1163 1947 υἱὸς
1187 1909 1262 1953 μετ’
1285 1904 1457 1958 αἰσχύνης
1479 1904 1552 1939 οἰνέ-

445 1968 589 2015 στρεψεν
616 1968 799 2015 ἄπρακτος·
826 1957 953 2010 πολλοὶ,
978 1966 1135 2016 καθάπερ
1161 1969 1265 2014 φασί,
1284 1969 1359 2008 τοῖς
1382 1967 1431 2008 εἷς
1452 1969 1550 2002 τοῦτο

447 2030 598 2079 θράσους
613 2030 715 2066 αὐτὸν
731 2030 971 2078 παρορμησασι
986 2029 1118 2071 δικαίως
1136 2028 1429 2078 ἐπιμεμψάμενος·
1446 2027 1477 2063 εἶ
1491 2031 1548 2065 καὶ

445 2093 566 2138 μηδεὶς
592 2095 652 2134 τῆς
678 2092 802 2128 ἐκείνου
829 2091 948 2133 κακίας
974 2092 1178 2133 διδασκαλος
1204 2092 1352 2139 γέγονεν.

519 2143 579 2203 κγ’.
603 2156 642 2191 ‘O
666 2157 699 2190 δὲ
721 2155 829 2196 ἄλλος
852 2155 993 2204 ε’χθρός,
1012 2155 1031 2189 0‘
1053 2154 1262 2198 βαβυλῶνιος
1284 2154 1453 2204 τύραννος,
1472 2154 1488 2189 ὅ
1510 2155 1551 2202 τῇ

445 2217 567 2264 γείτονι
586 2218 783 2266 Καλχηδόνι
805 2216 1108 2276 παρακαθήμενος,
1126 2218 1181 2252 τὸν
1203 2219 1327 2252 καπνὸν
1349 2219 1409 2252 τοῦ
1429 2218 1549 2265 πυρὸς,

445 2280 487 2321 ὥς
507 2278 629 2327 λόγος,
647 2279 811 2326 θεώμενος
833 2277 866 2313 ὃν
885 2279 917 2313 οἱ
931 2279 969 2314 ε’κ
987 2277 1118 2326 δυσμῶν
1140 2278 1306 2327 βάρβαροι
1324 2278 1361 2313 ἐκ
1381 2280 1440 2313 τῶν
1463 2278 1549 2314 ι’δίων

426 2371 428 2374 .
447 2340 765 2388 ὅπλωνοὶνήγαγον,
788 2341 846 2379 τη“ν
868 2340 964 2376 πόλιν
992 2338 1098 2389 (ὅπερ
1119 2340 1168 2387 μή
1190 2340 1345 2375 δέσποτα
1367 2339 1445 2381 θεὸς
1468 2355 1552 2388 συγ-

445 2401 878 2456 χωρήσειελφαντασθεὶς
911 2401 1181 2451 ἐμπυρίζεσθαι,
1206 2403 1343 2451 ἔχαιρεν
1371 2403 1458 2451 ὁμοῦ
1488 2398 1547 2438 καί

399 2492 406 2498 .
446 2465 632 2513 κατηφείας
658 2465 867 2504 ἐπέπληστο·
889 2466 1022 2513 ἔχαιρεν
1048 2466 1108 2512 μὲν
1129 2467 1195 2513 γάρ
1222 2465 1258 2501 ἐκ
1280 2466 1411 2506 πλοίνης
1438 2465 1550 2514 οἷόμε-

448 2544 499 2570 νος
518 2528 782 2571 καταλαβέσθαι
801 2529 919 2563 λοιπὸν
937 2528 981 2562 τοὶ
995 2527 1163 2575 Ῥωμαίων
1187 2526 1366 2570 βασίλεια,
1382 2528 1495 2563 ἔστενε
1511 2532 1547 2564 δὲ

444 2594 503 2626 καί
529 2591 688 2638 ὠδύρετο,
710 2591 791 2626 διότι
817 2591 865 2638 μὴ
892 2588 994 2630 αὐτὸς
1022 2589 1100 2624 ἀλλ’
1123 2589 1233 2636 ἕτερος
1253 2589 1297 2630 ὦς
1323 2588 1403 2635 ᾤετο
1431 2589 1550 2638 τύραν-

443 2668 495 2695 νος
518 2655 575 2692 τη“ν
590 2653 686 2688 πόλιν
702 2652 899 2701 ἐπόρθησεν·
917 2651 999 2686 οὕτω
1016 2653 1083 2700 γάρ
1099 2649 1138 2690 ἦν
1157 2651 1392 2699 ὑποσχόμενος
1410 2651 1430 2686 ὁ
1449 2651 1550 2687 Ὀλο-

443 2716 564 2765 φέρνης
585 2714 681 2756 οὗτος
700 2714 1010 2763 Ναβουχοδονόσωρ
1027 2716 1069 2759 τῷ
1091 2713 1232 2756 βασιλεῖ
1251 2713 1372 2756 ath-06,
1386 2714 1431 2755 ὥς
1451 2712 1473 2752 ἦ
1489 2729 1549 2750 πο-

443 2778 533 2824 λέμῳ
554 2777 575 2815 ἢ
599 2776 715 2823 oznaim
739 2778 909 2823 κυριεῦσαι
926 2774 1175 2822 παρασκευάζει
1197 2776 1252 2810 το“ν
1274 2774 1447 2824 ἀλιτήριον
1469 2774 1549 2811 ταύ-

443 2855 503 2881 της
531 2843 591 2880 τῆς
618 2839 755 2880 πόλεως·
782 2839 831 2874 διὸ
858 2838 916 2873 καὶ
943 2836 1098 2878 πλειόνας
1125 2837 1256 2886 ἦμέρας
1282 2840 1325 2886 τῇ
1350 2839 1545 2886 Καλχηδόνι

443 2902 729 2952 ’παρακαθήμενος
745 2904 808 2938 ’καί
834 2902 925 2949 μετοὶ
946 2904 1003 2941 τη“ν
1023 2903 1084 2952 τῶν
1107 2903 1242 2936 δυτικῶν
1263 2900 1395 2951 ἐχθρῶν
1416 2901 1549 2951 ἀναχώ-

445 2980 558 3014 ρησιν,
575 2955 715 3006 ἐλπίδας
733 2965 841 3011 ἑαυτῷ
858 2967 916 3005 τῆς
937 2964 1183 3012 ματαιόφρονος
1204 2963 1310 2999 αὐτοῦ
1331 2964 1459 3007 βουλῆς
1476 2965 1548 3001 ἀνε-

446 3028 549 3063 τόπου
578 3029 592 3063 ὁ
621 3027 777 3068 δείλαιος·
799 3028 877 3062 ἀλλ’
901 3026 958 3062 ὅτε
978 3027 1100 3061 «λοιπόν
1128 3026 1146 3062 ὅ
1172 3025 1252 3067 θεὸς
1276 3027 1315 3061 τὲ
1341 3028 1398 3062 καῖ
1419 3028 1442 3066 ἦ
1462 3041 1547 3076 παρ-

444 3089 539 3131 θένος
567 3089 615 3130 εἷς
643 3090 755 3124 τέλεον
782 3088 932 3134 κρίκείνου
959 3090 1020 3129 τοὶς
1040 3086 1187 3128 ,ἐλπίδας
1213 3087 1448 3135 κατῄσχυναν,
1470 3090 1545 3125 τότε

446 3153 484 3190 δή
512 3152 568 3186 καί
596 3152 698 3192 αὐτός
725 3151 957 3199 ὑπεχώρησεν,
979 3149 1148 3197 αἰσχύνην
1175 3144 1461 3197 περιβαλλόμενος
1487 3154 1545 3185 καιΙ

445 3214 599 3260 ἐντροπην
627 3212 726 3257 ἀξίως
752 3212 1030 3260 ἀμφιασάμενος,
1053 3211 1148 3248 καθοὶ
1170 3213 1226 3247 καὶ
1245 3212 1266 3247 ὁ
1287 3212 1406 3248 τούτου
1435 3227 1547 3260 συνερ-

443 3275 552 3322 γοίτης
580 3277 637 3310 καὶ
664 3278 723 3315 τῆς
751 3275 870 3315 κακίας
897 3273 1081 3321 συνέριθος.

520 3339 574 3375 κδ’.
601 3339 646 3374 Οἱ
674 3339 728 3374 δυό
758 3338 863 3373 τοίνυν
895 3339 991 3373 δαλοὶ
1023 3338 1111 3372 κατοὶ
1140 3338 1197 3387 τόν·
1225 3339 1327 3384 σοφὸν
1354 3336 1503 3374 Ἡσαΐαν
1529 3339 1545 3356 ³¹

448 3400 609 3447 ὤφθησαν
634 3401 888 3449 καπνιζόμενοι,
905 3402 1056 3436 Ῥαασών
1078 3401 1101 3435 ὁ
1126 3400 1290 3443 βασιλεύς
1317 3403 1376 3442 τῆς
1397 3400 1544 3450 Συρίας,

450 3465 507 3498 καὶ
535 3464 553 3498 o‘
579 3467 637 3499 τοῦ
661 3466 764 3501 Φακεέ
792 3468 874 3506 παῖς
897 3465 913 3500 0‘
936 3463 1131 3512 Σαμαρείας
1156 3462 1354 3511 ἡγούμενος*
1375 3464 1393 3499 ὁ
1416 3465 1478 3511 μὲν
1505 3466 1547 3512 τῇ

448 3527 550 3572 φλογὶ
573 3524 597 3573 ᾗ
617 3519 777 3570 ἐξέκαυσε
799 3529 858 3562 καί
879 3530 921 3573 τῷ
943 3529 1052 3572 καπνῷ
1074 3529 1132 3561 τοῦ
1151 3527 1254 3574 πυρός
1275 3526 1390 3562 αὐτοῦ·
1404 3527 1431 3561 ὁ
1451 3528 1486 3561 δέ
1502 3525 1546 3573 τῷ

446 3588 557 3622 σκότει
584 3589 641 3623 καὶ
668 3592 707 3636 τῇ
736 3589 907 3635 κατηφείᾳ
929 3591 989 3630 τῆς
1011 3591 1157 3636 πονηρᾶς
1177 3588 1284 3624 αὐτοῦ
1309 3589 1544 3633 συνειδήσεως,

445 3649 530 3695 μηδὲ
554 3650 611 3687 τήν
627 3650 855 3696 Ἰερουσαλήμ
875 3650 1012 3694 βλάψαι
1036 3650 1047 3685 ι’
1053 3650 1265 3698 σχόσαντες,
1280 3651 1366 3697 μηδὲ
1384 3651 1422 3686 ‘ria'
1444 3652 1546 3700 σπέρ-

445 3725 496 3757 μα
516 3711 625 3745 Δαυὶδ
646 3712 705 3750 τῆς
728 3710 907 3752 βασιλείας
930 3712 1131 3755 ἐξώσαντες,
1149 3713 1235 3760 μηδὲ
1258 3714 1313 3748 τόν
1334 3713 1404 3748 υἱὸν
1424 3712 1547 3756 Ταβήλ

447 3770 847 3814 βασιλεύσαντες,’καθοὲ
872 3772 1049 3807 συνέθεντο
1074 3775 1130 3808 καί
1159 3772 1455 3821 καθωμολόγησαν
1481 3788 1548 3809 τοι-

446 3834 534 3868 αῦτα
556 3832 719 3880 σύμφωνα
741 3831 892 3880 θέμενοι,
914 3832 990 3867 ἀλλ’
1014 3833 1181 3881 αι’σχύνην
1202 3834 1330 3870 αἰώνιον
1351 3836 1409 3870 καὶ
1434 3834 1547 3870 ὀνειδι-

440 3896 533 3941 Υσμὸν
560 3894 807 3940 κληρωσαμενοι
828 3894 863 3927 ’ἐν
886 3896 972 3928 πᾶσι
1000 3896 1098 3935 λαοῖς
1126 3896 1161 3929 τέ
1179 3893 1245 3931 ‘xxi'
1271 3895 1393 3932 ἔθνεσι·
1415 3897 1471 3932 καὶ
1495 3896 1547 3932 δέ·

1158 283 1214 315 nn
1248 268 1477 315 onsrmorm
1509 283 2023 320 cousnx'rmorommua

1627 356 1887 396 iaculatorium
1913 370 2023 398 omne
2043 361 2361 410 instrumentum,
2384 374 2479 411 quae
2499 368 2632 400 cuncta
2657 363 2730 401 huc

1626 416 1796 454 curribus
1825 416 2077 463 adduxerant,
2103 420 2158 458 vel
2189 422 2302 459 etiam
2328 422 2409 459 heic
2434 422 2727 467 fabricaverant,

1625 485 1735 522 rogos
1768 475 1866 512 circa
1897 478 2110 515 universum
2145 480 2519 527 murumjacientes,
2552 481 2728 519 combus-

1625 541 1757 572 serunt
1778 535 1816 572 hi
1844 535 2048 582 maledicti,
2070 537 2270 586 imaginem
2288 541 2475 588 excepturi
2499 541 2584 577 illos
2610 545 2729 577 aeter-

1625 594 1665 630 ni
1685 594 1805 642 ignis,
1826 595 1897 632 hoe
1922 595 2096 633 incendio
2114 597 2349 644 ‘exhibentes3
2376 600 2424 636 ita
2453 604 2496 635 ut
2521 605 2596 635 tota
2623 604 2731 636 nocte

1624 653 1821 692 universus
1854 654 1902 692 ad
1931 655 2035 693 urbis
2066 656 2296 695 occidentem
2333 659 2396 697 aet
2428 661 2525 707 rogis
2556 658 2728 707 splende-

1625 719 1768 759 sceret3
1794 720 1831 751 et
1862 714 2037 762 pleraque
2056 715 2150 759 >diei
2169 718 2359 764 sequentis
2384 725 2486 766 parte
2519 720 2623 756 fumo
2652 718 2729 755 suf·

1625 772 1758 819 fusus,
1793 785 1914 822 neque
1947 775 2051 813 urbis
2094 787 2212 824 neque
2248 777 2359 814 maris
2398 771 2586 826 aspectum
2621 779 2729 816 nobis

1625 832 1855 871 concederet.
1883 835 2084 871 Hierarcha
2106 828 2188 872 vero
2203 840 2250 872 ¹et
2276 835 2500 882 praefectus,
2523 844 2559 875 et
2581 837 2730 885 dignior

1625 892 1759 929 civium
1787 903 1891 940 pars,
1915 899 2002 931 ante
2028 899 2193 941 portam,
2216 906 2326 942 quam
2354 906 2395 932 ex
2421 903 2550 934 eventu
2577 908 2727 934 auream

1623 961 1820 997 vocamus,
1840 953 2103 998 consistentes,
2121 960 2158 990 et
2175 954 2451 992 barbaricarum
2472 957 2728 997 machinarum

1626 1010 1774 1048 fumum
1799 1018 2014 1057 cernentes,
2036 1013 2208 1050 manibus
2227 1014 2266 1051 in
2284 1014 2427 1053 caelum
2453 1015 2608 1053 sublatis
2618 1043 2634 1059 ,Α
2647 1027 2730 1063 gra-

1624 1071 1696 1108 tias
1718 1071 1814 1108 elata
1834 1082 1921 1109 voce
1939 1082 2026 1108 cum
2047 1072 2221 1121 lacrymis
2237 1072 2414 1120 agebant:
2439 1088 2455 1104 «
2477 1073 2620 1111 dextera
2643 1080 2726 1120 tua,

1628 1146 1645 1163 υ
1674 1132 1835 1169 Domine
1854 1132 2059 1179 glorificata
2079 1138 2136 1170 est
2156 1134 2196 1170 iu
2216 1132 2447 1170 fortitudine.
2470 1136 2624 1171 Dextera
2643 1140 2727 1181 tua,

1625 1206 1644 1224 ν
1673 1193 1851 1237 Domine,
1869 1192 2042 1229 contudit
2066 1193 2259 1238 inimicos,
2277 1199 2315 1230 et
2333 1193 2572 1230 multitudine
2590 1194 2729 1242 gloriae

1627 1266 1644 1285 ι
1673 1257 1758 1289 tuae
1784 1251 2012 1289 adversarios
2037 1253 2221 1290 contrivit.
2252 1269 2269 1285 n

1695 1376 1756 1408 22.
1784 1374 1906 1420 Atque
1929 1372 1980 1409 ita
2007 1373 2110 1409 canis
2130 1373 2196 1410 ille
2215 1372 2412 1420 impudens
2432 1373 2599 1421 propriae
2623 1373 2728 1420 igno*-

1626 1432 1764 1469 miniae
1795 1431 2002 1469 mercedem
2032 1431 2216 1477 referens,
2244 1432 2290 1469 ad
2322 1435 2509 1480 regionem
2543 1442 2729 1484 suam-'re—

1624 1492 1856 1538 vertebatur-3
1882 1493 2223 1530 multarhominum
2251 1504 2295 1530 ac
2321 1493 2572 1531 iumentorum
2603 1492 2727 1537 milia,

1624 1552 1816 1607 quaefhuc
1839 1551 2063 1598 adduxerat,
2083 1554 2243 1590 extincta
2269 1563 2444 1596 cernens,
2470 1553 2594 1600 plures
2616 1552 2726 1590 etiam

1624 1611 1836 1648 vulneratos
1859 1610 2071 1656 abducens,
2097 1623 2189 1660 quos
2217 1612 2318 1650 brevi
2345 1612 2503 1657 obiisse,
2529 1611 2638 1649 nobis
2667 1622 2725 1649 re·

1623 1669 1797 1707 tulerunt
1819 1670 2007 1719 perfugae.
2034 1672 2147 1709 Facto
2171 1671 2288 1719 igitur
2309 1670 2440 1709 didicit
2465 1671 2525 1708 hic
2551 1671 2724 1715 insanus,

1625 1732 1813 1767 neminem
1841 1739 1921 1768 esse
1947 1733 2067 1768 Deum
2093 1741 2270 1778 magnum
2302 1736 2346 1768 ut
2372 1737 2429 1768 est
2453 1733 2553 1768 Deus
2578 1736 2726 1776 noster;

1623 1800 1746 1838 neque
1772 1790 1870 1827 ullas
1895 1801 1974 1827 esse
1998 1791 2091 1827 vires
2118 1801 2213 1837 quae
2232 1791 2486 1844 sanctissimae
2503 1791 2650 1837 Virgini
2672 1801 2729 1828 re·

1624 1849 1755 1886 sistere
1781 1855 1935 1898 queant.
1968 1852 2090 1897 Atque
2124 1850 2174 1887 ita
2208 1850 2357 1898 quidem
2388 1846 2629 1888 occidentalis
2664 1850 2727 1888 ho-

1622 1909 1714 1955 stis,
1741 1909 1983 1947 tenebrarum
2014 1910 2139 1955 filius,
2167 1921 2251 1948 cum
2277 1911 2484 1958 ignominia
2509 1911 2660 1948 recessit
2687 1921 2726 1948 re

1624 1967 1786 2014 infecta3
1815 1980 2059 2017 magnopere,
2091 1975 2135 2006 ut
2165 1970 2293 2014 aiunt,
2319 1969 2487 2017 iusteque
2513 1970 2560 2006 iis
2587 1970 2652 2017 qui
2676 1968 2724 2007 ad

1625 2028 1723 2065 hanc
1747 2028 1993 2066 temeritatem
2015 2040 2100 2066 eum
2121 2029 2369 2077 impulerant,
2386 2029 2571 2074 irascens:
2591 2038 2725 2076 quam-

1623 2099 1738 2136 quam
1763 2099 1890 2136 reapse
1914 2099 2024 2126 nemo
2053 2089 2088 2125 ei
2115 2088 2279 2125 malitiae
2306 2088 2479 2135 magister
2502 2088 2683 2124 extiterat.

1695 2151 1754 2184 23.
1782 2148 1888 2184 Alter
1911 2158 1995 2184 vero
2015 2147 2152 2191 hostis,
2169 2147 2415 2196 babylonicus
2438 2153 2636 2197 tyrannus,
2657 2148 2723 2195 qui

1623 2206 1724 2255 apud
1761 2208 1967 2255 proximam
2004 2206 2274 2245 chalcedonem
2309 2205 2506 2244 stationem
2539 2205 2724 2252 habebat,

1622 2267 1722 2315 ignis
1745 2266 1913 2312 fumum,
1940 2272 1983 2304 ut
2005 2265 2105 2304 fama
2131 2272 2205 2312 est,
2227 2264 2481 2314 conspicatus,
2505 2277 2614 2315 quem
2632 2267 2723 2304 bar·

1622 2327 1702 2364 bari
1728 2325 1771 2364 e'x
1796 2327 1952 2375 propriis
1970 2327 2168 2364 armaturis
2186 2326 2418 2372 excitabant,
2442 2326 2574 2363 urbem
2597 2330 2608 2370 (
2621 2326 2722 2374 quod

1622 2397 1829 2434 numquam
1856 2385 2007 2423 domine
2031 2387 2131 2422 Deus
2159 2386 2398 2433 permittasl)
2424 2386 2638 2423 existimans
2664 2386 2721 2422 in-

1623 2446 1807 2483 flammari
1843 2445 1980 2492 gaudio
2014 2445 2127 2483 simul
2156 2457 2198 2482 ac
2233 2446 2416 2483 maestitia
2444 2445 2720 2493 occupabatur3

1623 2503 1810 2551 gaudebat
1832 2505 1996 2550 scilicet,
2021 2504 2114 2541 falso
2139 2510 2274 2552 putans
2296 2505 2460 2552 captami
2485 2505 2558 2541 iam
2583 2506 2722 2542 Roma-

1621 2574 1758 2601 norum
1779 2564 1916 2611 regiam
1938 2563 2193 2611 metropolim3
2215 2563 2365 2601 dolebat
2383 2569 2508 2601 autem
2527 2569 2565 2601 et
2582 2564 2721 2602 lamen-

1621 2625 1789 2670 tabatur,
1817 2631 2007 2673 propterea
2032 2624 2132 2672 quod
2157 2635 2232 2661 non
2256 2625 2335 2671 ipse
2359 2623 2423 2661 sed
2447 2624 2558 2669 alter,
2585 2629 2629 2664 ut
2657 2635 2722 2672 pu-

1622 2684 1750 2729 tabat,
1780 2690 1962 2733 tyrannus
1989 2684 2120 2721 urbem
2151 2686 2350 2721 evertisset.
2385 2684 2445 2721 Sic
2475 2684 2575 2720 enim
2606 2683 2721 2721 Holo-

1621 2744 1782 2792 phernes
1807 2744 1867 2781 hic
1894 2742 2258 2781 Nabuchodonosor«)
2284 2743 2360 2791 regi
2385 2753 2454 2780 suo
2478 2744 2718 2791 promiserat,
2751 2773 2753 2775 .

1618 2816 1688 2843 seu
1713 2804 1812 2843 bello
1837 2816 1903 2842 seu
1926 2803 2056 2841 fraude
2084 2803 2260 2840 daturum
2289 2813 2458 2851 operam,
2484 2808 2527 2840 ut
2548 2802 2720 2850 iniquum

1620 2865 1729 2903 illum
1763 2864 1866 2902 urbis
1900 2863 2096 2901 dominum
2129 2862 2277 2901 faceret.
2314 2861 2456 2900 Idcirco
2484 2861 2609 2909 plures
2641 2860 2721 2899 dies

1621 2925 1720 2973 a'pud
1750 2923 2020 2962 Chalcedonem
2047 2922 2169 2960 adhuc
2199 2921 2363 2959 residens
2395 2923 2484 2969 post'
2509 2920 2720 2959 occidenta-

1619 2985 1713 3023 lium
1732 2985 1896 3022 hostium
1919 2993 2104 3021 recessum
2118 3011 2128 3029 ‚
2149 2985 2252 3030 s'pem
2278 2981 2349 3019 sibi
2370 2981 2476 3018 stulti
2496 2981 2643 3029 consilii
2661 2981 2720 3018 sui

1619 3045 1786 3092 fingebat
1811 3043 1949 3081 infelix.
1977 3042 2048 3079 Sed
2075 3048 2269 3090 postquam
2295 3043 2396 3078 Deus
2420 3046 2457 3078 et
2482 3042 2593 3088 Virgo
2619 3041 2720 3078 illius

1615 3114 1766 3153 quoque
1796 3114 1899 3152 spem
1924 3103 2084 3155 denique
2112 3102 2359 3149 abruperunt,
2390 3102 2468 3149 ipse
2494 3100 2630 3148 pariter
2659 3110 2717 3137 re-

1619 3164 1753 3209 cessit,
1778 3163 1923 3211 pudore
1954 3162 2143 3206 suffusus,
2170 3167 2207 3198 et
2235 3161 2440 3209 ignominia
2466 3159 2578 3208 digne
2604 3159 2717 3197 obru-

1617 3230 1700 3269 tus,
1724 3234 1843 3272 aeque
1867 3230 1910 3260 ac
1933 3222 2049 3270 ipsius
2074 3227 2287 3269 cooperator
2310 3226 2346 3258 et
2372 3221 2533 3257 malitiae
2554 3220 2692 3257 socius.

1689 3346 1750 3379 24.
1777 3342 1831 3386 Hi¹
1844 3340 1919 3378 duo
1932 3351 2020 3388 ergo
2033 3341 2183 3378 titiones
2193 3368 2203 3386 ,
2219 3340 2317 3377 iuxta
2332 3339 2538 3386 sapientem
2548 3338 2695 3374 Esaiam
2706 3366 2715 3383 ,

1618 3402 1684 3439 visi
1704 3407 1799 3439 sunt
1820 3401 2071 3448 fumigantes,
2097 3400 2271 3437 Rhaason
2295 3400 2421 3447 Syriae
2447 3408 2532 3443 rex,
2558 3403 2595 3434 et
2619 3398 2716 3435 Pha-

1619 3472 1705 3499 ceae
1730 3462 1830 3499 filius
1843 3461 2036 3498 Samariae
2060 3459 2154 3497 dux:
2175 3459 2238 3496 ille
2256 3457 2404 3506 quidem
2428 3457 2579 3494 flamma
2604 3468 2716 3504 quam

1618 3521 1831 3566 succendit,
1843 3526 1886 3558 ⁴et
1907 3520 2006 3568 ignis
2028 3520 2091 3557 sui
2114 3518 2238 3563 fum0;
2260 3518 2319 3554 hic
2338 3522 2462 3554 autem
2484 3516 2647 3554 tenebris
2672 3527 2715 3554 ac
2751 3551 2755 3553 a

1618 3580 1739 3618 malae
1763 3579 2010 3617 conscientiae
2033 3589 2123 3616 suae
2146 3570 2347 3620 maestitia,
2374 3585 2493 3624 neque
2520 3575 2605 3612 urbi
2628 3577 2717 3614 Hie-

1616 3639 1779 3677 rusalem
1806 3636 1938 3676 nocere
1962 3639 2146 3682 valentes,
2174 3646 2293 3685 neque
2324 3635 2470 3672 Tabelis
2505 3636 2628 3673 filium
2661 3647 2717 3674 re-

1617 3708 1699 3745 gem
1721 3697 1864 3742 facere,
1884 3708 1952 3735 ceu
1972 3696 2245 3734 constituerant
2270 3699 2307 3730 et
2331 3695 2613 3732 conlui-:iverant
2631 3705 2716 3732 eum

1616 3757 1748 3795 foedus
1772 3758 1946 3803 ferirent,
1972 3755 2042 3794 sed
2069 3754 2313 3803 ignominiam
2349 3759 2535 3791 aeternam
2552 3781 2562 3800 ‚
2593 3760 2630 3792 et
2653 3754 2715 3792 de·

1617 3817 1734 3857 decus
1750 3816 1882 3864 adepti
1908 3814 2018 3863 apud⁴
2037 3813 2191 3861 populos
2220 3823 2348 3850 omnes
2377 3824 2423 3850 ac
2447 3814 2626 3851 nationes.
2655 3813 2725 3850 Vi-⁴

1610 3886 1756 3924 susque
1772 3880 1837 3913 §est
1857 3873 2055 3913 manifeste
2079 3872 2187 3910 nobis
2214 3873 2471 3910 sanctissimus
2499 3872 2625 3911 Esaias
2647 3883 2714 3910 an·
