2970 4420
1221 291 1278 322 nn
1310 287 1585 322 rmmmnus.
2471 274 2535 319 67

278 368 506 430 νικικοῖς.
540 376 773 424 Gerardus
795 377 983 424 Vossius
1004 376 1064 424 de
1084 377 1251 424 histor.
1273 377 1448 440 graecis
1469 375 1554 422 lib.
1577 376 1634 422 11.
1657 386 1762 436 cap.
1787 372 1865 418 10.
1891 370 2141 433 dupliciter
2162 370 2351 417 labitur.
2378 372 2536 419 Primo

275 470 476 517 namque
514 469 619 500 cum
657 453 850 501 Philone
890 453 1057 516 byblio
1096 454 1340 501 Philonem
1380 453 1764 516 'Aethiopicorum
1804 449 2080 511 scriptorem
2119 446 2389 500 confundit,
2426 463 2535 494 cum

274 532 415 593 longe
448 531 566 578 alter
599 529 659 577 ab
692 530 840 578 altero
873 521 1084 578 diversus
1119 533 1196 578 sit.
1233 531 1367 578 Philo
1400 545 1602 592 namque
1634 528 1711 575 hic
1741 525 1934 589 byblius
1967 523 2259 587 temporibus
2284 525 2463 571 Nervae
2487 533 2535 572 et

274 607 498 656 Hadriani
528 609 666 662 vixit,
695 617 747 654 ut
778 624 833 655 ex
865 609 1058 656 historia
1090 617 1383 671 compertum
1410 617 1496 655 est.
1534 608 1596 654 At
1618 605 2000 669 Aethiopicorsum
2031 603 2231 664 scriptor
2248 595 2399 662 'longe
2427 611 2534 650 ante

273 684 542 745 Strabonis,
579 694 626 732 et
658 685 914 749 Hipparchi
949 695 1162 750 tempora
1196 686 1373 732 floruit.
1410 685 1650 739 Secundo,
1683 699 1738 730 ex
1768 680 1858 745 lib.
1893 683 1952 728 X.
1985 695 2088 743 cap.
2124 680 2204 726 51.
2240 678 2442 725 Pollucis
2474 679 2535 726 ad

272 760 399 808 hunc
428 761 673 808 Philonem
703 762 872 818 refert,
907 762 966 810 ad
1002 762 1302 825 byzantinum
1335 761 1609 816 referenda,
1642 761 1723 823 qui
1753 759 1967 807 Vossium
2002 757 2196 804 omnino
2227 756 2362 817 fugit.
2399 755 2536 803 Adde

273 836 481 893 Philonis
515 828 772 895 φοινικικοὶ
808 854 833 886 a
872 839 1288 887 Sanchoniathonis
1321 838 1515 885 historia
1549 838 1793 902 phoenicia
1825 836 1970 883 veluti
2004 834 2188 881 diversa
2223 833 2532 895 distinguere;

271 923 319 961 et
349 915 506 962 locum
530 916 731 963 Pollucis
765 931 822 963 ex
855 917 1139 980 gualteriana
1174 918 1409 970 versione,
1436 918 1674 979 incompta
1707 915 1788 961 illa
1811 914 2003 977 quidem
2036 920 2083 960 et
2112 912 2251 965 falsa,
2277 925 2530 973 exponere.

273 993 464 1055 Scripsit
495 1002 734 1056 praeterea
767 993 916 1040 libros
942 995 1030 1041 1.11
1067 1006 1177 1058 περι
1215 981 1573 1057 παραδόξου
1558 986 1800 1056 ιστορίας.
1834 993 2043 1039 Meminit
2074 992 2182 1054 ipse
2204 991 2253 1035 in
2282 989 2534 1075 prooemio

270 1069 493 1117 historiae
529 1071 944 1119 Sanchoniathonis
978 1071 1104 1134 apud
1136 1070 1389 1118 Eusebium
1426 1070 1486 1117 de
1519 1085 1680 1133 praep.
1708 1068 1792 1116 lib.
1824 1070 1861 1115 1.
1889 1071 1937 1117 9.
1977 1055 2155 1120 013va
2188 1079 2242 1110 ‘52
2280 1054 2420 1125 ἔχων
2454 1077 2533 1110 ⁷²⁹²·

271 1134 535 1192 mio-Oou‘
510 1140 629 1211 ημῖν
634 1137 910 1236 Νπαρέστκ,
940 1139 1006 1200 ὥς
1044 1138 1232 1200 ἐκεῖνος
1266 1136 1521 1212 γέΓραφε,
1548 1159 1634 1194 ‘rm’
1668 1133 2000 1202 διαφωνίαν*
1976 1158 2131 1208 ορωσι
2160 1157 2247 1191 την
2273 1132 2384 1207 παρ’
2409 1129 2532 1186 Ἕλ-

269 1221 449 1278 λκσιν,
478 1237 589 1288 περι
628 1221 684 1278 ἧς
716 1238 806 1287 μοι
838 1220 954 1289 τρία
988 1219 1388 1287 πεφιλοτίμηται
1427 1219 1622 1282 βιβλία
1655 1237 1741 1270 την
1780 1211 2098 1288 ἐπιΓραφκν’
2084 1209 2274 1283 ἔχοντα
2306 1206 2532 1284 παραδό-

268 1291 423 1363 ξου“
407 1298 650 1366 ιστορίας.

397 1377 472 1424 Ad
504 1378 718 1441 byblium
754 1390 870 1443 puto
905 1380 1231 1434 referendum,
1268 1379 1399 1442 quod
1433 1379 1492 1425 de
1526 1380 1746 1442 pincerna
1780 1376 2044 1425 Nicomedis
2071 1376 2312 1438 Bithyniae
2347 1376 2470 1438 regis
2506 1390 2531 1422 a

266 1452 524 1513 gallinaceo
558 1457 773 1504 adamato
807 1474 863 1505 ex
898 1458 1093 1504 Philone
1128 1457 1270 1504 tradit
1302 1457 1521 1504 Aelianus
1556 1456 1615 1502 de
1647 1455 1813 1501 histor.
1843 1454 2030 1501 animal.
2064 1452 2149 1500 lib.
2177 1454 2279 1498 Xll.
2314 1467 2416 1514 cap.
2446 1452 2525 1498 37.

269 1532 535 1604 Οἰνοχόου
564 1537 880 1602 βασιλικοῦ,
906 1534 994 1592 καῖ
1019 1534 1074 1595 ν’ῗν
1103 1537 1127 1590 ὁ
1158 1536 1411 1603 βασιλεὺς
1440 1529 1737 1606 Νικομήδης
1768 1534 1792 1587 ὅ
1823 1531 2072 1596 Βῑθϋνῶν,
2099 1529 2382 1605 ἆλὲκὙρόων
2412 1528 2529 1604 ἦρά·

267 1613 400 1674 σθη,
429 1610 772 1686 Κένταυρος’
753 1611 927 1686 ο’·νομα
965 1639 1048 1669 και
1088 1613 1234 1682 λέγει
1269 1618 1443 1669 Φίλων
1474 1613 1644 1667 τοῦτο.
1675 1624 1731 1668 Et
1766 1621 1886 1668 illud
1918 1621 1978 1668 de
2008 1622 2189 1682 Moyse,
2226 1610 2357 1680 quod
2390 1632 2530 1664 voca-

264 1705 396 1744 retur
427 1698 589 1761 alpha,
619 1701 726 1762 quia
760 1717 932 1765 corpus
959 1702 1152 1749 haberet
1187 1692 1411 1759 οἷλφοις,
1445 1701 1567 1748 idest
1589 1700 1815 1762 vitiligine
1839 1699 2146 1749 maculatum,
2175 1705 2226 1743 ut
2249 1695 2391 1742 refert
2416 1695 2529 1741 Hel-

262 1773 414 1822 ladius
446 1777 765 1826 Besantinous.
803 1781 995 1828 Photius
1031 1782 1080 1826 in
1112 1779 1399 1827 bibliotheca
1435 1779 1573 1842 (cod.
1607 1780 1721 1825 279.
1756 1793 1804 1840 p.
1845 1777 1985 1823 1577.
2008 1775 2022 1838 )
2058 1762 2135 1819 ὅτι
2175 1763 2404 1835 φλυαρεῖ
2437 1785 2521 1816 κω

264 1837 414 1904 Οὗτος
448 1867 532 1899 τον
576 1847 801 1903 Mwu‘onv
837 1846 989 1914 οἴλφα
1030 1847 1354 1914 καλεισθαι,
1392 1843 1554 1901 διότι
1566 1846 1762 1912 οἱλφοις
1794 1843 1852 1898 τὸ
1892 1866 2038 1916 σωμα
2073 1840 2404 1902 κατάστικτος
2438 1862 2525 1902 κν,

261 1940 344 1972 και
383 1921 541 1975 καλει
572 1923 670 1975 τοῦ
702 1920 932 1993 ’ψεύδους
966 1923 1052 1979 τόν
1086 1923 1303 1980 Φίλωνα
1335 1923 1590 1999 μάρτυρα.
1626 1935 1750 1987 Hoc,
1776 1933 1992 1995 inquam,
2025 1931 2084 1977 ad
2118 1929 2334 1991 byblium
2367 1928 2527 1975 Philo-

259 2020 392 2060 nem,
422 2023 517 2055 non
542 2010 600 2056 ad
635 2011 991 2060 alexandrinum
1015 2012 1314 2059 referendum
1345 2021 1441 2066 est,
1469 2027 1599 2059 secus
1631 2026 1683 2057 ac
1714 2015 1888 2058 temere
1916 2009 2192 2056 existimavit
2221 2005 2369 2053 David
2399 2007 2525 2052 Hoe-

257 2084 458 2131 schelius
490 2087 539 2132 in
564 2088 687 2134 notis
721 2089 780 2134 ad
805 2089 1041 2136 Photium.
1069 2091 1245 2137 Verum
1272 2090 1450 2153 quippe
1479 2099 1548 2137 est
1571 2089 1697 2153 apud
1729 2089 1878 2141 hunc,
1906 2102 2060 2149 neque
2082 2086 2141 2148 ‚in
2168 2083 2318 2130 trihus
2344 2083 2402 2128 de
2425 2082 2527 2130 vita

258 2162 439 2225 Moyszs
462 2161 624 2218 libris,
651 2181 803 2227 neque
830 2166 964 2221 alibi,
992 2168 1166 2214 horum
1193 2169 1443 2231 quicquam
1471 2167 1580 2230 legi.
1618 2168 1691 2213 An
1714 2166 1791 2212 hic
1816 2165 1939 2212 idem
1967 2171 2066 2217 est,
2085 2178 2227 2225 quem
2252 2161 2527 2207 Plutarchus

257 2240 305 2284 in
329 2241 563 2287 convivio
573 2242 764 2289 Sostrati
792 2251 1033 2307 tamquam
1056 2245 1444 2293 interlocutorem
1467 2236 1735 2293 interserit?
1769 2245 1876 2290 Non
1901 2240 2056 2289 obstat
2083 2256 2168 2287 nec
2191 2240 2259 2286 rei
2283 2253 2526 2300 argumen-

244 2310 379 2371 tum,
408 2334 494 2365 nec
528 2321 649 2366 ratio
682 2323 925 2384 temporis.

382 2397 434 2442 L.
474 2396 607 2444 Philo
640 2398 872 2454 medicus,
900 2401 981 2462 qui
1013 2401 1315 2449 Plutarchum
1344 2401 1646 2465 Hyampolim
1669 2401 1959 2452 venientem,
1978 2414 2128 2461 quam
2155 2411 2358 2459 operoso
2383 2401 2534 2458 appa-'
2588 2417 2593 2420 ,

252 2461 359 2518 ratu
391 2474 609 2520 convivio
642 2477 844 2538 excepit,
873 2485 918 2523 et
947 2479 1271 2539 quaestionem
1304 2472 1459 2534 illam,
1487 2477 1744 2542 multiplex
1778 2495 1836 2523 ne
1868 2476 2024 2527 ethus,
2056 2490 2121 2521 an
2153 2490 2258 2521 vero
2290 2473 2520 2536 simplex,

253 2561 474 2595 concocta
514 2551 576 2596 sit
605 2551 846 2614 fac-''zlzor‚
892 2555 1130 2602 enucleate
1174 2556 1445 2619 disputavit.
1490 2556 1606 2603 Vide
1646 2555 1946 2602 Plutarchum
1989 2553 2267 2615 symposiae.
2312 2549 2398 2596 lib
2444 2550 2519 2594 lV·

251 2634 430 2685 quaest.
465 2629 508 2674 1.
547 2629 676 2675 Idem
706 2631 827 2677 inter
855 2634 1074 2680 convivas
1099 2633 1275 2681 Soclari
1299 2635 1434 2697 ponit
1458 2634 1701 2680 Philonem
1718 2669 1729 2687 ,
1760 2633 1840 2696 qui
1868 2632 2053 2678 Cratoni
2082 2628 2358 2692 respondet,
2386 2626 2524 2689 quid-

254 2716 360 2748 nam
392 2718 556 2767 causae
589 2707 670 2759 sit,
701 2723 784 2753 cur
807 2708 994 2755 oleosae
1019 2710 1184 2772 stirpes
1212 2712 1569 2773 permixtionem
1593 2726 1688 2757 non
1716 2710 1993 2757 admittant?
2027 2709 2136 2771 quia
2162 2707 2335 2754 scilicet
2367 2705 2521 2751 oleum

250 2787 319 2826 est
352 2781 523 2843 plantis
555 2783 811 2830 inimicum.
851 2785 1102 2849 (Sympos.
1131 2788 1190 2833 Il.
1218 2797 1396 2849 quaest.
1427 2788 1510 2850 6.)

379 2860 452 2905 LI.
491 2860 624 2907 Philo
658 2861 852 2909 iudaeus
886 2863 1241 2920 alexandrinus,
1275 2865 1335 2913 de
1367 2882 1464 2929 quo
1499 2868 1689 2928 eiusque
1719 2865 1853 2912 libris
1887 2866 2112 2912 iudicium
2147 2864 2270 2910 ferre
2299 2861 2521 2924 peculiari

251 2943 447 2983 tractatu
479 2953 771 2986 reservamus
807 2939 889 3002 (1).
962 2932 966 2935 ’

335 3038 384 3081 (t)
409 3037 544 3074 Merito
570 3038 733 3076 Allatius
758 3038 804 3076 de
829 3039 988 3078 Philone
1019 3040 1152 3079 iudaeo
1182 3042 1336 3090 eiusque
1360 3042 1508 3090 scriptis
1532 3042 1707 3079 notitiam
1721 3070 1731 3088 ,
1758 3048 1906 3090 propter
1935 3041 1987 3079 rei
2019 3041 2281 3089 praestantiam
2308 3044 2418 3086 atque
2443 3049 2518 3075 am-

250 3095 493 3142 plitudinem,
517 3097 694 3145 peculiari
719 3099 896 3136 tractatui
922 3101 1148 3146 reservabat3
1169 3112 1280 3149 quem
1307 3112 1392 3139 cum
1419 3107 1545 3149 postea
1570 3112 1647 3138 non
1671 3102 1880 3149 scripserit,
1897 3102 1952 3138 vel
1976 3107 2072 3138 certe
2093 3111 2168 3138 non
2195 3099 2373 3144 ediderit,
2391 3107 2518 3135 nec-es-

247 3155 342 3193 sario
366 3156 550 3204 philologi
575 3158 776 3206 respicient
799 3158 848 3196 ad
873 3159 954 3197 Ioh.
972 3163 1018 3197 A.
1036 3160 1198 3198 Fabricii
1222 3171 1391 3209 graecam
1416 3161 1681 3199 bibliothecam
1708 3161 1766 3198 ed.
1780 3157 1871 3198 'nov.
1893 3162 1936 3197 T.
1955 3162 2017 3197 lV.
2038 3171 2074 3208 p.
2096 3163 2278 3204 721-754,
2295 3159 2360 3206 qui
2383 3157 2428 3194 de
2449 3157 2518 3194 hoc

247 3215 412 3262 sapiente
437 3222 474 3253 et
498 3217 776 3265 elegantissimo
801 3218 936 3257 iudaeo
967 3221 1121 3269 eiusque
1151 3221 1324 3269 operibus
1348 3227 1429 3259 tum
1461 3221 1569 3259 editis
1600 3226 1680 3266 tum
1713 3221 1864 3258 ineditis
1890 3231 1955 3258 seu
1980 3219 2203 3268 deperditis,
2229 3229 2315 3255 cum
2348 3216 2516 3255 codicum

247 3276 359 3312 etam
382 3286 473 3314 mss.
500 3277 660 3324 indicio,
685 3284 722 3315 et
746 3279 930 3317 variorum
956 3280 1159 3318 Philonum
1185 3281 1422 3326 nominibus,
1446 3282 1591 3329 copiose
1616 3280 1757 3318 scribit.
1785 3282 2158 3327 Verumtamen-post
2182 3278 2392 3316 Fabricium
2419 3277 2517 3314 eius-

247 3345 314 3383 que
338 3336 600 3384 ampliatorem
619 3338 853 3384 Harlesium,
871 3350 965 3377 nova
984 3351 1054 3378 nec
1071 3351 1162 3378 sane
1186 3340 1457 3378 contemnenda
1473 3341 1640 3378 Philonis
1659 3341 1794 3389 scripta
1813 3345 1957 3388 reperta
1975 3345 2064 3377 sunt
2079 3350 2121 3376 ac
2140 3338 2342 3385 diiulgata.
2369 3336 2516 3373 Etenim

247 3404 267 3431 a
293 3395 396 3434 nobis
420 3396 572 3444 quidem
597 3398 800 3436 Mediolani
827 3410 927 3437 anre
953 3399 1056 3438 1818·
1081 3401 1172 3438 editi
1196 3401 1348 3439 fuerunt
1371 3401 1539 3439 Philonis
1564 3400 1688 3438 iudaei
1712 3400 1840 3438 breves
1867 3405 2045 3437 tractatus
2070 3410 2127 3447 gr.
2147 3398 2214 3435 lat.
2235 3402 2268 3435 1.
2288 3397 2336 3434 de
2361 3396 2517 3443 cophini

239 3451 355 3498 sesto.
382 3459 418 3492 2.
440 3456 489 3493 de
512 3456 753 3494 honorandis
771 3459 1024 3506 parentibus,
1044 3471 1136 3508 quos
1161 3461 1291 3498 ambos
1315 3461 1544 3509 sumpsimus
1568 3470 1612 3497 ex
1635 3460 1756 3508 prisco
1781 3459 1906 3497 codice
1930 3459 2150 3503 florentino,
2168 3468 2279 3505 quem
2299 3456 2516 3504 Philelphus

243 3511 335 3550 olim
354 3525 398 3553 ex
422 3516 579 3554 Graecia
603 3515 822 3565 deportavit.
850 3523 885 3556 3.
912 3518 1054 3556 theoria
1079 3519 1200 3557 brevis
1223 3519 1272 3557 de
1295 3524 1391 3558 lona
1413 3520 1612 3568 propheta
1637 3530 1680 3557 ex
1705 3519 1915 3557 armeniaco
1940 3519 2066 3557 codice
2090 3518 2254 3556 Venetiis
2286 3521 2512 3555 conservato.

243 3572 381 3613 Romae
412 3581 538 3613 autem
570 3575 758 3614 edidimus
790 3589 846 3625 gr.
875 3577 940 3615 lat.
970 3583 1002 3615 1.
1030 3578 1199 3616 Philonis
1228 3579 1464 3628 quaestiones
1494 3584 1634 3627 septem
1667 3579 1708 3616 in
1740 3578 1898 3616 exodum
1930 3579 1979 3616 de
2010 3578 2227 3616 cherubinis
2253 3589 2296 3615 ex
2323 3575 2405 3623 cod.
2436 3580 2507 3612 vat.

243 3643 300 3679 gr.
320 3638 400 3672 379.
426 3636 495 3680 (Τ.
516 3636 578 3672 IV.
600 3638 680 3673 AA.
701 3637 777 3681 cl.)
802 3641 837 3674 2.
865 3639 1089 3686 Fragmenta
1115 3639 1233 3676 multa
1259 3638 1404 3675 minora
1431 3650 1486 3686 gr.
1509 3649 1551 3675 ex
1576 3638 1855 3686 quaestionibus
1881 3639 1918 3676 in
1944 3638 2235 3687 pentateuchum
2260 3643 2354 3682 etc.,
2381 3634 2514 3671 libello

241 3691 397 3739 inserta,
422 3705 534 3742 quem
559 3705 628 3732 nos
653 3694 858 3742 edidimus,
877 3697 1025 3734 Leontii
1050 3703 1088 3734 et
1113 3697 1290 3734 Iohannis
1314 3708 1504 3736 sacrarum
1531 3708 1656 3735 rerum
1684 3698 1841 3746 (Script.
1868 3703 1940 3736 vet.
1966 3699 2010 3735 T.
2038 3699 2121 3735 VII.
2149 3703 2244 3745 part.
2272 3699 2332 3739 1.)
2358 3695 2405 3731 Et
2428 3693 2511 3741 qui·

238 3749 328 3788 dem
352 3753 586 3799 quaestiones
606 3758 688 3790 102.
715 3755 756 3791 in
775 3756 951 3794 Genesim
979 3756 1095 3794 latina
1112 3762 1255 3794 tantam
1272 3757 1403 3804 lingua
1420 3767 1490 3794 nec
1512 3757 1680 3805 elegante
1702 3757 1743 3794 in
1764 3758 1962 3795 Germania
1984 3758 2074 3795 olim
2095 3757 2266 3804 vulgatae
2289 3760 2325 3792 et
2348 3752 2514 3791 Venetiis

237 3811 434 3857 repetitae,
460 3818 663 3850 occurrunt
687 3814 798 3851 etiam
824 3815 863 3851 in
887 3815 1014 3853 codice
1039 3816 1104 3853 lat.
1131 3821 1203 3853 vat.
1231 3820 1322 3862 4883
1349 3827 1461 3864 quem
1487 3816 1546 3854 his
1571 3816 1702 3855 diebus
1727 3828 1843 3865 quum
1869 3817 1990 3864 obiter
2016 3816 2248 3865 conferrem,
2275 3823 2352 3851 non
2378 3820 2512 3860 parum

236 3867 349 3911 huius
374 3878 443 3917 ope
468 3869 656 3908 emendari
683 3881 788 3919 posse
812 3872 1013 3912 editionem
1040 3873 1220 3913 videbam.
1247 3875 1405 3913 Memini
1432 3875 1543 3913 etiam
1573 3886 1632 3913 me
1661 3875 1854 3914 ohservare
1887 3877 2024 3924 scripta
2056 3875 2225 3913 Philonis
2254 3873 2353 3910 varia
2383 3877 2511 3918 graece

2260 3941 2276 3956 ἱ
