2970 4420
454 260 484 304 4
1395 272 1545 307 LEONIS
1577 271 1754 302 ALLATn

447 361 514 404 ‚Ex
540 357 745 419 Scylitza
786 372 868 404 sua
907 358 1060 404 hausit
1101 358 1350 404 Cedrenus.
1395 356 1630 403 Consentit
1675 356 1801 402 hisce
1841 357 2132 421 Nicephorus
2176 358 2389 406 Callistus
2429 359 2536 406 hist.
2574 359 2694 406 eccl.

450 435 533 481 lib.
563 436 681 481 XIV.
716 436 796 481 28.
835 435 923 481 Sed
955 435 1214 497 paphlago,
1252 448 1510 496 cognomen
1542 448 1599 478 ne
1633 431 1799 487 fuerit,
1839 448 1897 479 an
1932 436 2222 497 episcopatus
2256 435 2444 490 titulus,
2479 437 2583 498 quis
2616 452 2722 495 ert-¹

450 513 619 559 tricet?
652 512 792 559 Plane
826 513 874 558 in
916 512 1074 559 multis
1109 512 1434 572 manuscriptis
1468 510 1644 570 legitur
1675 497 1899 561 Νικνῖτας
1934 505 2341 575 Παφλαγονίας,
2375 511 2569 559 Nlo-'etas
2598 515 2697 565 Pa..

442 577 760 653 Ρῆἰαὲοηιαὲ,
792 598 843 636 ut
865 590 914 635 in
948 589 1105 636 codice
1130 589 1340 634 vaticano
1371 588 1516 640 1246,
1545 596 1592 633 et
1625 596 1730 633 ante
1756 587 1896 650 vitam
1923 585 2085 649 Ignatii
2117 588 2420 652 patriarchae.
2457 591 2514 635 Et
2546 592 2697 652 potuit

445 672 636 729 quoque
674 683 771 713 esse
808 682 863 712 ex
897 652 1231 728 Paphlagonia,
1269 665 1350 711 sed
1384 664 1630 725 byzantina
1670 666 1851 711 civitate
1884 666 2109 712 donatus:
2146 682 2297 728 neque
2333 667 2383 713 id
2423 664 2698 730 probatione

450 752 575 806 eget.
614 752 721 791 sunt
753 744 877 790 enim
902 759 1064 790 omnes
1087 743 1299 789 omnium
1323 742 1603 803 scriptorum
1627 741 1812 788 chartae
1845 742 1905 788 de
1939 743 2099 789 alienis
2131 744 2180 790 in
2210 745 2331 791 cives
2364 745 2581 812 proprios
2615 745 2700 792 ad-

447 822 571 867 scitis
596 837 620 867 a
647 820 906 868 civitatibus
931 820 1109 882 plenae.
1146 820 1202 864 Et
1224 819 1514 881 episcopatus
1536 820 1876 885 Paphlagoniae
1898 820 2055 866 nullus
2081 831 2288 883 apparet.
2325 822 2465 868 Fuit
2453 837 2491 867 is
2512 836 2701 883 quoque

448 897 721 945 binominis.
748 912 947 958 namque
972 905 1018 942 et
1040 895 1225 941 Davidis
1255 895 1566 957 appellatione
1589 897 1850 958 insignitur.
1888 897 2007 942 Hinc
2041 899 2222 959 saepius
2256 887 2454 945 Νικητα
2480 909 2570 942 του
2609 911 2692 942 και

454 962 886 1026 A30133Nzeetae
918 972 1003 1035 qui
1033 984 1077 1017 et
1113 970 1295 1024 Βανιιὶ;
1331 980 1376 1018 et
1409 970 1621 1018 absolute
1655 989 1680 1019 a
1713 973 1952 1019 nonnullis
1991 972 2184 1019 Nzcetas
2215 975 2378 1022 Davcd
2414 976 2695 1038 appellatur.
2731 997 2737 1007 .

447 1053 504 1098 Et
526 1053 725 1099 xvideant
757 1053 838 1113 qui
861 1050 1023 1097 David
1053 1051 1143 1096 hoc
1177 1059 1538 1111 cognomentum
1563 1050 1702 1097 fuisse
1725 1051 1937 1103 tradunt,
1965 1067 2060 1113 quo
2086 1067 2134 1098 se
2161 1052 2351 1099 fulciant
2375 1051 2697 1100 fundamento.

449 1131 504 1175 In
540 1125 772 1191 aliquibus
805 1127 1337 1196 codicibus-„adnectitur
1369 1127 1476 1174 loco
1508 1127 1710 1174 Davz'dis
1734 1139 1779 1173 et
1796 1127 2146 1193 paphlagonis,
2190 1117 2498 1194 Δαὸύβρων,
2534 1131 2700 1194 Dady—

451 1205 666 1256 brorum,
696 1206 776 1267 qui
799 1212 898 1251 erat
930 1205 1220 1266 episcopatus
1253 1202 1341 1250 sub
1364 1205 1614 1266 Gangrensi
1639 1205 1994 1267 Paphlagoniae.
2034 1206 2152 1251 Hinc
2177 1221 2322 1267 arguo
2346 1195 2455 1253 non
2476 1209 2597 1254 male
2620 1208 2701 1255 da-

451 1280 743 1344 dybrensem‘
765 1283 1059 1343 episcopum,
1085 1273 1263 1327 'dietum
1287 1282 1426 1327 etiam
1450 1282 1794 1344 paphlagonem
1809 1316 1820 1334 ,
1846 1282 1926 1343 qui
1952 1297 2120 1343 nempe
2152 1283 2410 1344 possideret
2433 1285 2480 1329 in
2505 1284 2703 1346 Paphla-

451 1362 588 1421 gonia
608 1360 945 1421 episcopatum.
974 1358 1093 1403 Huic
1117 1358 1303 1404 additur
1327 1374 1516 1421 quoque
1541 1375 1711 1406 nomen
1729 1357 2024 1423 philosophi,
2065 1348 2263 1406 Νικήτα
2289 1350 2383 1403 τοῦ
2412 1350 2495 1403 καὶ
2531 1348 2706 1403 Amaia*

450 1427 545 1480 τοῦ
581 1424 887 1491 φιλοσόφου.
922 1434 1139 1485 Νιόεταε,
1179 1434 1265 1497 qui
1296 1447 1342 1481 et
1374 1436 1555 1487 David,
1590 1435 1885 1499 philosophi,
1924 1445 1977 1500 ut
2010 1436 2132 1482 clare
2166 1437 2351 1483 videtur
2383 1438 2432 1482 in
2465 1436 2702 1483 codicibus

450 1514 774 1574 manuscriptis
806 1513 1028 1558 vaticanis
1053 1512 1163 1558 344.
1193 1513 1303 1558 365.
1332 1520 1378 1559 et
1402 1515 1512 1559 679.
1550 1514 1606 1559 Et
1637 1515 1686 1559 in
1720 1513 1842 1567 aliis,
1870 1514 2003 1560 nullo
2038 1513 2129 1560 alio
2164 1513 2350 1568 addito,
2387 1502 2585 1560 Ntnn'w.
2611 1503 2704 1557 τοῦ

453 1577 746 1645 φιλοσόφου
765 1621 776 1642 ,
811 1588 1008 1634 Nzeetae
1036 1587 1331 1652 philosophi,
1361 1605 1457 1636 non
1490 1591 1618 1652 quod
1653 1598 1834 1636 tantum
1866 1578 2126 1637 institutum
2152 1590 2490 1637 monachorum
2522 1590 2704 1652 profes-

450 1682 550 1719 sus,
578 1666 658 1712 sed
692 1667 822 1728 quod
853 1667 974 1713 inter
1008 1666 1098 1713 alia
1130 1668 1422 1728 potissimum
1457 1666 1543 1712 sibi
1577 1667 1902 1730 philosophiae
1930 1683 2100 1714 munus
2124 1666 2396 1733 ascriberet,
2423 1668 2584 1729 quales
2608 1667 2706 1731 ple-

449 1744 583 1805 rique
617 1759 672 1789 eo
708 1759 822 1790 aevo
855 1743 1008 1796 fuere,
1036 1752 1082 1805 et
1113 1745 1292 1806 primus
1314 1745 1438 1790 inter
1470 1760 1549 1791 eos
1583 1733 1774 1798 ὁποίτου
1803 1757 1900 1789 των
1930 1732 2227 1799 φιλοσόφων
2262 1737 2399 1791 titulo
2432 1745 2704 1792 cohonesta-

449 1820 604 1868 batur.
643 1823 794 1877 Quare
827 1822 902 1867 hic
934 1821 1074 1868 fuerit
1108 1823 1313 1876 Nicetas,
1350 1824 1430 1884 qui
1469 1831 1515 1868 et
1551 1822 1642 1869 alio
1679 1823 1871 1868 nomine
1905 1821 2053 1868 David
2089 1821 2368 1876 vocabatur,
2403 1821 2703 1884 byzantinuS‚

452 1898 674 1960 dignitate
699 1899 1033 1962 philosophus,
1060 1898 1392 1960 Dadybrorum
1416 1900 1464 1944 in
1489 1899 1801 1961 Paphlagonia
1831 1897 1917 1945 sub
1942 1900 2196 1960 Gangrensi
2225 1900 2496 1961 episcopus:
2524 1908 2570 1946 et
2601 1915 2706 1946 om·-

450 1976 552 2031 nia,
588 1990 706 2038 quae
742 1975 830 2023 sub
862 1977 1047 2023 Nicetae
1087 1977 1274 2023 nomine
1309 1976 1503 2024 diversis
1537 1976 1662 2023 hisce
1697 1975 1843 2022 titulis
1874 1975 1934 2022 ad
1966 1976 2120 2023 varios
2152 1975 2442 2031 referuntur,
2476 1976 2584 2024 huic
2617 1977 2707 2025 soli

450 2054 746 2101 vindicantur
780 2054 862 2116 (1).
1191 2056 1193 2061 '

579 2132 760 2178 Floruit
779 2132 899 2178 circa
921 2133 1086 2178 Leonis
1108 2140 1153 2178 et
1175 2132 1460 2178 Constantini
1483 2140 1715 2194 tempora,
1744 2139 1795 2178 ut
1817 2132 2052 2194 colligitur
2075 2147 2131 2178 ex
2152 2132 2398 2194 prooemio
2418 2132 2538 2178 vitae
2561 2136 2708 2181 sancti

452 2211 616 2271 Ignatii
647 2210 955 2271 patriarchae,
987 2224 1127 2270 quam
1161 2209 1241 2255 ille
1275 2224 1425 2269 neque
1459 2209 1647 2255 indocte
1687 2225 1838 2271 neque
1879 2209 2164 2270 ineleganter
2202 2209 2509 2256 concinnavit.
2547 2200 2608 2254 Εἶ
2649 2197 2702 2255 δὲ

453 2300 538 2330 και
579 2274 702 2348 πρός
736 2299 847 2336 τοις
885 2274 1154 2345 ἐσχάτοις,
1191 2299 1275 2330 και
1313 2276 1423 2336 τοῖς
1459 2275 1577 2329 καθ’
1615 2299 1749 2346 ημας
1783 2274 1985 2337 τούτοις
2025 2275 2322 2349 ἐγγίζοντες
2355 2275 2564 2346 τύχοιεν
2601 2299 2707 2332 και-

453 2376 593 2427 ροις,
620 2353 805 2425 πολλῳ
838 2353 1046 2422 μαλλον
1075 2351 1659 2425 ἀξιομνημονευτότατοι
1699 2350 1756 2407 οἲν
1787 2349 1883 2408 εἷεν
1913 2351 2171 2415 ἁπάντων,
2199 2376 2284 2407 και
2325 2353 2673 2426 ἀξιοπαίνετοι
2693 2396 2708 2416 ,

457 2430 521 2491 ὦς
555 2427 690 2483 πολυ
726 2427 882 2483 πλέον
921 2427 1212 2500 οἷκοδομειν
1247 2429 1310 2498 τῇ
1352 2427 1602 2501 ἐγγύτητι
1643 2427 1910 2500 δυνάμενοι
1948 2452 2032 2486 την
2071 2428 2353 2486 ἐκκλησίαν
2388 2429 2464 2484 τό
2482 2430 2582 2502 γὰρ
2622 2432 2707 2503 ἅρ-

457 2506 615 2576 χαῖον
645 2530 726 2560 και
760 2504 1005 2576 ποίμπολυ
1036 2506 1164 2560 κατὰ
1199 2504 1382 2601 χρόνον
1413 2502 1619 2567 ὃιεστως
1639 2549 1650 2569 ,
1681 2507 1723 2559 εἶ
1753 2505 1836 2560 καὶ
1875 2504 2163 2560 πιστεύεται
2193 2506 2256 2576 τῇ
2285 2507 2592 2581 ἀξιοπιστία
2616 2531 2706 2569 της

457 2600 693 2656 γραφης,
723 2582 869 2636 αλλα
903 2607 985 2636 και
1027 2585 1220 2638 θαττον
1256 2579 1315 2636 ἀν
1351 2604 1462 2644 τοις
1489 2583 1713 2644 πολλοις
1748 2580 1871 2655 πρὸς
1903 2606 1990 2639 την
2025 2587 2233 2653 μίμησιν
2269 2581 2708 2683 ἀπογινωσκοιτο,

457 2659 822 2732 λογιζομένοις
851 2661 915 2721 ὠς
944 2682 1197 2733 κρειττον,
1227 2684 1251 2716 η
1285 2658 1413 2712 κατοὶ
1443 2683 1527 2717 την
1555 2683 1845 2734 παρουσαν,
1872 2682 1970 2714 των
1999 2658 2348 2733 πρεσβυτέρων
2380 2661 2571 2716 εκείνων
2602 2660 2709 2716 δυψ

458 2735 650 2806 αμένων
687 2737 976 2811 κατορθουν
1010 2736 1197 2804 γενεάν·
1234 2734 1327 2806 όσα
1364 2733 1411 2787 3'
1443 2734 1501 2791 οἳν
1536 2760 1647 2798 τοις
1683 2738 1802 2791 καθ’
1832 2737 1964 2807 ἧμας
1994 2734 2380 2810 κατορθουσθαι
2415 2736 2706 2792 πιστεύοιτο

458 2836 687 2909 καιροις,
714 2813 924 2885 μαλλον
954 2812 1013 2869 ἂν
1043 2810 1188 2883 οἶμαι
1218 2836 1385 2867 ταυτα
1410 2810 1726 2908 παρακνιζειν
1754 2836 1873 2875 τους
1912 2811 2323 2886 ευσεβεστέρους,
2354 2838 2438 2868 και
2473 2814 2596 2888 πρὸς
2624 2814 2709 2870 τὸν

460 2887 569 2946 ίσον
602 2912 691 2952 της
727 2891 907 2963 οἶρετης
943 2888 1246 2964 διερεθίζειν
1282 2887 1452 2964 ζηλον·
1483 2887 1572 2944 δια
1604 2913 1770 2946 ταυτα
1804 2913 1892 2962 μοι
1923 2913 2107 2945 τουτον
2139 2889 2480 2949 ἐνστησασθαι
2519 2915 2601 2947 νυν
2637 2893 2710 2966 τῷ

458 2965 609 3040 λόγῳ
645 2967 729 3023 τὸν
771 2968 965 3042 αγωνα·
999 2974 1088 3022 καί
1122 2991 1209 3038 μοι
1249 2966 1468 3040 σφοδρὸς
1503 2966 1684 3029 πόθος
1721 2965 2063 3041 κατακοίρὸιος
2100 2968 2380 3029 αληθινοις
2418 2949 2706 3040 διηγημασι-

459 3066 541 3097 και
580 3044 740 3106 ποίσης
774 3043 1074 3119 προλήψεως
1109 3044 1539 3139 οἷπηλλαγμενοις
1574 3042 1830 3115 ψεύδους,
1857 3044 1942 3099 τὸν
1977 3066 2140 3116 μεγαν
2179 3043 2449 3118 ἱεροίρχην,
2481 3068 2564 3098 και
2604 3068 2711 3098 ποι·-
2762 3117 2764 3119 ¹

458 3119 587 3191 με’να
620 3141 706 3183 της
742 3118 1018 3187 βασιλίδος
1047 3119 1318 3196 Ἰγνοίτιον
1343 3119 1456 3175 ὑπό
1486 3142 1543 3188 ’γε
1580 3123 1691 3195 θεῳ
1723 3119 1982 3191 ιωνεύματι
2021 3145 2109 3182 της
2146 3121 2402 3182 οἷληθειάς
2438 3122 2678 3194 ὑφηγητη
2696 3165 2712 3184 ,

462 3219 545 3249 και
587 3197 917 3271 συλληπτορι
954 3221 1067 3260 τοις
1104 3199 1384 3271 οἶγνοουσι,
1421 3199 1614 3260 ὁτισοιος
1647 3221 1723 3260 τις
1756 3222 1842 3260 ην,
1881 3198 1934 3251 ἐκ
1967 3221 2054 3258 της
2096 3197 2202 3291 κατ’
2239 3197 2394 3252 αυτὸν
2427 3204 2711 3259 ιτσολιτειας

464 3271 756 3345 αποδειξαν
786 3273 1040 3349 Ἰγνοίτιον
1062 3274 1197 3347 φημι
1227 3298 1403 3330 τουτον
1431 3271 1515 3329 τᾶν
1554 3271 1754 3347 ύστερον
1789 3297 1879 3345 μεν
1907 3275 1980 3346 τῷ
2013 3272 2180 3369 χρόνω
2217 3296 2300 3326 και
2341 3273 2434 3346 πρὸ
2465 3298 2555 3336 της
2588 3276 2708 3340 καθ’

464 3349 596 3418 ημὸἷς
631 3349 812 3412 ταύτης
848 3348 1226 3422 αναὸειχθεντα
1252 3374 1460 3424 γενεας,
1491 3349 1693 3412 ουδενός
1725 3348 1777 3403 δε
1808 3373 1905 3404 των
1933 3347 2027 3424 πρὸ
2055 3372 2211 3403 αυτου
2242 3355 2421 3422 τιμίων
2455 3352 2708 3425 ἱεραρχων

463 3447 548 3481 την
582 3430 742 3480 πίστιν
779 3450 859 3481 και
898 3452 983 3485 την
1015 3429 1303 3501 ομολογιάν
1335 3426 1750 3523 οἷπαλειπόμενον
1789 3437 1927 3492 Quod
1956 3435 2001 3482 si
2033 3448 2194 3482 autem
2231 3436 2420 3482 eosdem
2449 3437 2518 3482 acl
2549 3450 2710 3483 extre-

464 3526 597 3557 mam
629 3523 675 3556 et
712 3524 923 3559 nostram
964 3527 1171 3561 aetatem
1205 3515 1404 3579 propias
1445 3515 1664 3561 accedere
1705 3525 1982 3578 contingat,
2023 3525 2124 3559 tum
2165 3529 2272 3566 vero
2309 3514 2458 3559 multo
2496 3530 2715 3560 maxime

462 3603 584 3654 prae
621 3589 801 3634 cunctis
826 3593 1148 3644 memorandi,
1180 3593 1398 3655 omnique
1426 3592 1568 3639 laude
1597 3591 1919 3656 praedicandi
1948 3602 2080 3648 sunt,
2115 3602 2169 3636 ut
2203 3590 2287 3654 qui
2309 3603 2505 3655 propter
2538 3603 2714 3656 tempo-

469 3681 578 3713 rum
596 3664 903 3712 'vicinitatem
934 3669 1081 3725 multo
1116 3669 1275 3733 magis
1310 3669 1531 3716 ecclesiae
1562 3670 1786 3734 prodesse
1816 3656 2018 3733 possint.
2058 3668 2197 3723 Quod
2228 3667 2355 3714 enim
2390 3656 2715 3732 peruetustam

555 3779 603 3821 (1)
628 3778 819 3814 Hactenus.
840 3775 1010 3813 notitiam
1035 3776 1081 3814 de
1105 3778 1175 3814 hoc
1198 3779 1324 3817 Niceta
1348 3790 1416 3817 nos
1439 3791 1482 3817 ex
1506 3779 1646 3823 Allatio
1671 3779 1905 3817 edideramus
1929 3778 1973 3814 in
1994 3778 2127 3825 script.
2147 3783 2218 3817 vet.
2244 3780 2288 3817 Τ.
2304 3779 2372 3816 ΙΧ.
2400 3777 2514 3826 praef.
2531 3789 2568 3828 p.
2583 3779 2715 3828 XIX&

473 3847 583 3885 quem
613 3841 737 3874 tamen
761 3834 943 3874 diversum
967 3845 1046 3875 esse
1069 3846 1091 3873 a
1113 3837 1239 3875 Niceta
1262 3839 1455 3878 serrarum
1482 3839 1656 3888 episcopo
1671 3867 1681 3886 ,
1709 3838 1804 3877 infra
1829 3837 2025 3877 constabit.
2050 3839 2097 3876 A.
2124 3838 2177 3875 M.
