2970 4420
9 3270 13 3275 ¹
0 3242 5 3253 -
0 3083 11 3229 vntum-<4⁹2

1048 310 1102 341 DE
1137 308 1417 343 KALENnamo
1451 268 1700 339 ruentum.
1753 332 1756 338 .
2353 310 2502 342 xxxm

242 400 344 431 nare
367 386 489 429 solet.
524 383 652 438 Quod
673 385 786 427 hisce
807 383 1001 427 kalendis
1024 385 1186 427 nullum
1210 385 1352 439 pictor
1375 382 1520 425 ieiunii
1549 379 1626 437 (ut
1649 379 1758 422 infra
1781 378 1912 430 solet)
1945 379 2313 435 hieroglyphicum
2338 385 2503 437 signum

244 457 504 514 appinxerit,
528 455 636 498 nihil
666 455 719 497 de
743 455 991 510 antiquitate
1016 455 1142 497 huius
1168 454 1404 497 kalendarii
1430 451 1635 495 detrahit:
1660 462 1915 506 quamquam
1945 450 2079 501 enim,
2105 454 2153 491 ut
2179 455 2241 492 est
2265 453 2377 505 apud
2404 457 2505 497 Am-

243 529 434 571 brosium
462 531 506 569 et
532 526 838 580 Augustinum,
864 525 1085 567 christiani
1114 526 1215 568 olim
1242 525 1324 567 hac
1354 524 1424 567 die
1452 522 1653 565 effrenem
1682 521 1899 576 gentilium
1923 521 2123 562 laetitiam
2151 533 2224 562 sua
2251 522 2504 567 abstinentia

244 599 577 643 condemnarent
609 610 658 640 ac
693 597 1028 648 detestarentur,
1061 602 1200 638 tamen
1235 596 1362 650 longe
1399 598 1518 637 ante
1530 592 1723 647 Gregorii
1754 591 1896 645 magni
1933 595 2128 646 tempora
2163 591 2268 634 illud
2302 594 2503 638 ieiunium

247 670 459 713 sublatum
484 668 611 711 fuisse
642 671 832 719 constat,
858 680 954 709 cum
975 669 1058 709 iam
1079 663 1299 721 gentillum
1325 666 1421 708 illae
1447 663 1764 720 superstitiones
1789 661 1973 704 abolitae
2001 662 2174 704 omnino
2201 668 2361 742 essent,
2387 667 2506 719 quod

245 754 296 784 ex
329 740 476 784 ordine
507 751 683 782 romano
712 738 890 781 Albinus
919 738 1093 781 Flaccus
1123 737 1349 786 confirmat
1378 736 1458 779 lib.
1492 735 1544 777 de
1574 734 1662 777 div.
1696 732 1773 776 off.
1806 745 1902 788 cap.
1933 734 1976 775 3.

696 816 703 822 ’
1194 809 1333 859 Imaqo
1362 807 1550 848 secunda.
2415 842 2418 844 a

363 881 599 936 Praecipua
619 880 915 923 tantummodo
936 880 1066 932 festa,
1090 882 1138 921 ut
1160 890 1287 933 supra
1313 878 1487 930 monui,
1512 877 1597 919 hoc
1622 876 1666 918 in
1694 875 1889 932 pugillari
1915 875 2233 929 describuntur3
2258 888 2388 931 quare
2408 883 2507 932 post

246 952 362 996 diem
394 951 726 994 circumcisionis
758 952 898 1006 pictor
927 950 1208 1010 Epiphaniam
1236 948 1480 990 collocavit.
1515 950 1614 990 Eam
1642 960 1745 1005 vero
1771 946 1956 989 triformi
1985 959 2059 988 seu
2082 947 2334 1001 tricorpori‚
2368 952 2415 990 ut
2447 951 2506 991 vi-

247 1022 346 1076 des,
379 1034 603 1076 magorum
633 1023 756 1076 signo
791 1019 1180 1078 repraesentandam
1218 1019 1409 1073 curavit,
1443 1019 1644 1073 quoniam
1679 1018 1815 1074 prisca
1849 1021 1910 1060 est
1941 1022 2123 1072 patrum*
2146 1018 2345 1071 traditio,
2379 1031 2505 1073 quam

247 1094 332 1136 Leo
367 1105 542 1148 magnus
574 1093 732 1148 probat
764 1106 890 1136 serm.
921 1095 959 1134 1.
986 1091 1039 1134 de
1070 1091 1333 1146 Epiphania,
1368 1094 1412 1133 et
1441 1091 1670 1144 imaginum
1689 1089 1967 1143 antiquarum
1996 1090 2226 1132 auctoritas
2256 1090 2502 1145 confirmat,

247 1169 335 1206 tres
357 1162 485 1206 fuisse
508 1176 682 1218 magos,
707 1165 780 1219 qui
806 1163 861 1206 ad
889 1163 1100 1206 Christum
1124 1162 1329 1203 infantem
1355 1145 1618 1203 adorandum
1644 1161 1925 1215 perrexerint,
1950 1159 2158 1216 quidquid
2183 1161 2392 1204 Lutherus
2413 1161 2506 1204 bla-

247 1240 378 1289 teret,
402 1239 445 1277 et
474 1233 746 1277 casaubonus
773 1246 910 1277 exerc.
935 1235 977 1275 ⁶2.
1006 1234 1051 1274 in
1078 1234 1236 1275 Baron.
1261 1243 1359 1286 cap.
1393 1233 1460 1273 10.
1494 1230 1748 1273 Eorumdem
1782 1231 1989 1286 capitibus
2018 1244 2222 1274 coronam
2248 1232 2410 1287 insigne
2433 1245 2503 1275 re-

249 1318 351 1362 gum
379 1307 521 1361 pictor
548 1307 776 1361 imposuit,
809 1305 929 1360 quod
957 1305 1056 1346 illos
1085 1303 1289 1358 dynastas
1321 1303 1406 1344 sive
1436 1302 1605 1356 regulos
1636 1303 1770 1344 nostri
1803 1303 1982 1345 maiores
2013 1303 2286 1345 crediderint.
2318 1303 2431 1346 Illud
2457 1317 2506 1347 ex

250 1379 355 1431 hac,
388 1378 455 1420 vel
483 1379 610 1419 etiam
643 1376 978 1432 antiquioribus,
1012 1374 1260 1418 Casaubono
1298 1372 1584 1415 demonstrare
1619 1386 1707 1415 non
1738 1374 1860 1426 licet,
1894 1376 2045 1416 Persae
2082 1387 2135 1416 ne
2168 1387 2221 1416 an
2254 1374 2414 1418 Arabes
2443 1376 2505 1418 illi

248 1449 360 1502 magi
394 1448 566 1490 fuerint.
601 1448 905 1503 Chrysostomo
941 1447 1085 1501 potius
1124 1445 1317 1487 assentiri
1348 1456 1392 1486 se
1427 1443 1700 1486 Casaubonus
1734 1443 1858 1497 dicit,
1892 1445 1966 1499 qui
2000 1446 2088 1487 sine
2122 1445 2208 1487 ulla
2243 1444 2508 1487 dubitatione

249 1519 385 1561 Lucae
407 1518 539 1560 verba
561 1519 866 1572 interpretatur
887 1516 939 1559 de
967 1517 1099 1571 magis
1119 1517 1368 1568 Persarum;
1393 1526 1522 1569 quam
1543 1515 1704 1556 Iustino
1733 1519 1774 1557 et
1803 1515 2040 1570 Epiphanio
2055 1549 2066 1570 ‚
2092 1521 2134 1558 et
2157 1515 2369 1558 nonnullis
2390 1516 2508 1569 aliis,

251 1590 328 1644 qui
359 1589 454 1631 illos
490 1602 541 1631 ex
574 1589 729 1631 Arabia
762 1587 994 1630 deducunt.
1029 1589 1086 1628 At
1122 1598 1212 1628 non
1244 1584 1355 1628 vidit
1390 1585 1687 1638 casaubonus,
1721 1587 1844 1628 etiam
1875 1587 2104 1629 Chaldaeos
2140 1601 2165 1630 a
2202 1588 2514 1643 Chrysostomo‘

250 1662 472 1718 Persarum
503 1660 674 1702 nomine
705 1658 949 1714 compellari
976 1659 1022 1700 in
1053 1669 1209 1700 comm.
1241 1656 1296 1699 ad
1327 1656 1540 1712 psalmum
1570 1656 1644 1697 IV.
1679 1661 1721 1698 et
1749 1657 1793 1698 in
1825 1661 1907 1698 act.
1941 1662 2078 1711 apost.
2114 1671 2205 1713 cap.
2235 1660 2278 1700 7.
2313 1658 2507 1701 Chaldaei

250 1743 352 1773 vero
383 1731 497 1785 magi
527 1743 624 1772 cum
651 1730 704 1772 ab
733 1730 823 1772 aliis
851 1729 1071 1784 patribus,
1098 1733 1140 1770 et
1161 1741 1192 1770 a
1218 1727 1402 1770 Maximo
1423 1727 1680 1781 taurinensi,
1704 1727 1995 1783 Chrysostomi
2020 1729 2205 1783 aequali,
2235 1741 2356 1771 serm.
2390 1732 2426 1771 l.
2455 1729 2507 1771 de
2544 1767 2547 1773 s

251 1802 509 1858 Epiphania,
543 1803 685 1844 vocati
713 1805 828 1843 sunt.
861 1801 1009 1855 Neque
1040 1813 1141 1842 vero
1173 1804 1312 1865 patres
1344 1797 1583 1854 discrepare
1611 1801 1721 1841 inter
1751 1811 1794 1840 se
1827 1799 1959 1852 dicat,
1990 1802 2063 1854 qui
2090 1801 2255 1842 noverit
2278 1802 2426 1843 Persas
2451 1801 2505 1843 ab

250 1873 333 1915 illis
362 1872 598 1928 nuncupari
629 1885 702 1914 eos
733 1883 879 1914 omnes
911 1871 1121 1926 populos,
1156 1871 1228 1925 qui
1263 1871 1485 1912 Persarum
1516 1870 1692 1924 imperio
1725 1875 1946 1924 parerent,
1979 1871 2047 1912 vel
2078 1871 2243 1913 tandem
2277 1872 2506 1927 aliquando

251 1945 484 1999 paruerint.
518 1945 624 1986 Nam
651 1940 818 1986 accolas
845 1935 1064 1994 Abrahae,
1091 1954 1188 1985 cum
1215 1941 1381 1983 Geraris
1408 1940 1643 1992 habitaret,
1669 1942 1814 1983 Persas
1840 1940 2026 1995 appellat
2053 1941 2377 1996 chrysostomus
2401 1943 2509 1985 locis

253 2016 416 2068 citatis,
441 2015 516 2069 qui
543 2014 677 2056 multa
706 2018 805 2069 post
826 2013 989 2056 saecula
1013 2014 1058 2055 in
1079 2011 1302 2055 Persarum
1328 2011 1531 2053 ditionem
1562 2011 1837 2054 devenerunt.
1870 2013 2131 2066 Procopius,
2154 2012 2376 2066 Agathias‚
2401 2014 2508 2055 Eva-

253 2087 393 2140 grius,
425 2086 637 2128 Iohannes
664 2085 948 2140 epiphaneus,
982 2084 1056 2139 qui
1086 2085 1310 2126 Persarum
1340 2083 1454 2125 bella
1490 2083 1826 2139 descripserunt,
1858 2096 1931 2125 eos
1964 2083 2094 2125 modo
2127 2097 2226 2138 suo,
2259 2085 2388 2127 modo
2417 2086 2508 2127 Me-

254 2154 408 2200 dorum
430 2158 602 2199 nomine
626 2160 860 2200 recensent.
891 2143 1234 2210 Theophylactus
1258 2155 1486 2197 Simocatta
1507 2154 1676 2197 eosdem
1701 2156 1823 2196 etiam
1846 2154 2122 2209 Babylonios,
2146 2155 2348 2208 Parthos,
2371 2160 2414 2197 et
2437 2158 2509 2198 As-

257 2216 648 2283 syrio's‘nuncupat.
674 2226 788 2279 Quid
810 2237 912 2280 ergo
936 2226 1087 2268 mirum
1113 2225 1362 2268 Casaubono
1386 2225 1554 2267 videtur
1580 2238 1750 2280 magos,
1776 2226 1850 2280 qui
1873 2238 1971 2268 vere
1994 2225 2191 2267 Chaldaei
2210 2226 2403 2280 fuerunt,
2428 2226 2508 2268 hac

254 2298 420 2340 ratione
452 2299 626 2351 Persas,
659 2297 916 2350 Chaldaeos,
949 2296 1133 2348 Arabes,
1157 2296 1366 2339 vocitatos
1391 2309 1413 2338 a
1441 2296 1630 2352 patribus
1657 2297 1815 2339 fuisse?
1845 2298 2039 2339 Veterem
2069 2297 2287 2338 eeclesiam
2315 2298 2511 2338 anniver-

255 2369 366 2411 sario
393 2369 510 2411 cultu
538 2368 766 2411 celebrasse
792 2368 904 2410 diem
932 2367 1137 2410 adventus
1166 2380 1410 2422 magorum,
1442 2367 1622 2411 affirmat
1649 2369 1870 2419 Baronius.
1905 2370 1960 2410 At
1987 2369 2020 2409 si
2049 2369 2183 2422 prima
2211 2368 2404 2411 ecclesiae
2431 2381 2504 2411 na·
2561 2385 2566 2387 s

255 2440 424 2483 scentis·
441 2445 635 2495 tempora
666 2441 960 2495 respiciamus,
994 2440 1286 2482 sollemnitatis
1315 2440 1442 2481 huius
1475 2440 1638 2482 nullum
1669 2440 1726 2482 ait
1757 2439 2030 2482 Casaubonus
2058 2440 2280 2494 vestigium
2306 2441 2506 2493 inveniri,

256 2516 385 2566 atque
412 2512 641 2554 Baronium
664 2512 934 2567 pertinaciter
959 2516 1106 2565 urget,
1132 2515 1180 2553 ut
1206 2511 1392 2566 primum
1415 2512 1505 2553 eius
1531 2511 1712 2553 instituti
1734 2511 1831 2553 festi
1852 2516 2019 2566 tempus
2046 2512 2221 2566 aperiat.
2254 2512 2510 2567 Epiphanio-

256 2595 351 2625 rum
383 2584 676 2638 antiquitatem
706 2587 887 2635 norunt,
921 2584 994 2637 qui
1018 2587 1185 2638 patrum
1214 2582 1269 2625 de
1297 2595 1346 2624 ea
1373 2583 1653 2625 sollemnitate
1680 2595 1894 2625 sermones
1921 2583 2127 2637 legerunt.
2162 2584 2241 2625 Hic
2268 2596 2341 2625 eos
2371 2588 2509 2643 patres

256 2652 449 2706 intelligo
487 2654 563 2707 qui
597 2653 860 2695 Constantini
891 2657 1085 2708 tempore
1119 2653 1373 2696 floruerunt.
1405 2655 1515 2695 Ante
1553 2653 1598 2696 id
1635 2655 1835 2708 temporis
1873 2655 1906 2695 si
1942 2666 2118 2708 quaeras
2151 2654 2276 2707 alios,
2311 2659 2423 2696 extat
2457 2654 2509 2696 de

256 2721 543 2776 Theophaniis
573 2723 712 2764 oratio
743 2723 939 2776 Gregorii
966 2723 1273 2777 thaumaturgi,
1307 2725 1382 2779 qui
1411 2723 1598 2766 secunda
1631 2725 1828 2766 ecclesiae
1857 2724 2006 2766 claruit
2035 2728 2183 2765 aetate.
2219 2725 2280 2765 De
2309 2725 2444 2779 prima
2473 2725 2509 2766 si

258 2804 438 2846 urgeas,
463 2798 527 2835 est
553 2793 744 2835 Clemens
769 2805 996 2848 romanus,
1021 2795 1088 2836 vel
1117 2795 1308 2849 quisquis
1334 2794 1406 2836 ille
1432 2794 1516 2836 fuit
1538 2795 1833 2850 apostolorum
1860 2794 2113 2849 discipulus,
2137 2795 2210 2849 qui
2236 2795 2507 2836 constitutio-

258 2875 334 2905 nes
363 2863 620 2929 apostolicas
645 2863 792 2906 edidit.
826 2865 976 2906 Earum
1005 2877 1100 2938 pars
1129 2866 1172 2906 in
1197 2865 1391 2906 vaticana
1416 2864 1676 2940 bibliotheca
1701 2866 1869 2919 titulum
1898 2864 2081 2919 praefert
2103 2864 2346 2920 Hippolyti,
2370 2866 2510 2942 Poly-

259 2934 379 3006 carpi
410 2934 619 2988 aequalis,
650 2934 724 2989 qui
756 2934 833 2976 lib.
866 2937 908 2977 5.
940 2947 1034 2989 cap.
1076 2936 1142 2976 12.
1173 2935 1234 2976 sic
1265 2935 1344 2976 ait:
1380 2920 1451 2976 τὰς
1481 2920 1631 2989 ημέρας
1666 2927 1739 2971 τῶν
1772 2923 1910 2987 ἑορτῶν
1941 2922 2192 2988 φυλάσσετε,
2227 2922 2407 2990 ἀδελφαὶ,
2439 2948 2505 2973 και

259 3013 420 3058 πρωτην
451 3015 496 3057 γε
527 3015 597 3041 rm
627 3014 714 3057 γενε
699 2991 811 3041 εἐἓλι
798 3015 859 3050 v,
892 2995 981 3048 ἥτις
1014 2995 1102 3055 ὑμῖν
1136 2991 1411 3042 ἑωιτελεῖσθω
1443 2990 1567 3040 elna&
1601 2991 1775 3056 ωέμωτῃ
1809 2996 1877 3040 τεῧ
1907 2995 2084 3041 ἑνιαυτσῧ
2113 2991 2249 3055 μηνός
2281 2997 2374 3055 μεθ
2404 2993 2450 3046 ἦν
2481 3019 2507 3047 η

261 3061 462 3127 ἑπιφοίνιος
492 3066 586 3125 ὗμιν
619 3063 722 3112 ἔστω
754 3085 996 3126 τιμιωτατη,
1024 3065 1119 3111 καθ’
1151 3085 1199 3113 ην
1231 3065 1250 3109 5
1281 3084 1404 3128 κυριος
1434 3060 1629 3117 ἀναδειξιν
1659 3062 1753 3124 ημῖν
1785 3084 1855 3115 της
1887 3060 2027 3116 εἰκειας
2050 3061 2151 3110 θεέ*
2134 3085 2222 3114 snt:
2226 3086 2243 3117 ς
2277 3062 2502 3116 ἔπσιησατο·

260 3132 439 3197 γινέσθω
463 3132 503 3182 δὲ
527 3156 590 3187 και
615 3136 690 3182 αὐτ
695 3157 720 3184 η
742 3136 830 3198 έκτῃ
858 3156 926 3183 του
952 3131 1112 3183 ὂεκοῖτευ
1136 3153 1229 3195 μηνε
1222 3131 1274 3188 ’.ς
1308 3147 1400 3187 Dies
1420 3143 1541 3197 festos
1568 3146 1784 3198 observate,
1812 3145 1990 3196 fratres,·
2013 3135 2051 3186 et
2070 3149 2202 3198 primo
2228 3148 2384 3199 quidem
2405 3149 2508 3189 diem

259 3211 508 3268 natalitium,
538 3221 607 3269 qui
638 3219 856 3258 celebretur
884 3221 1072 3270 viqesima
1098 3221 1235 3270 quinta
1262 3218 1356 3256 noni
1381 3219 1535 3256 mensis.
1570 3217 1667 3256 Post
1693 3229 1810 3268 quam
1838 3217 1962 3266 diem,
1992 3229 2138 3257 summo
2166 3220 2219 3258 sit
2244 3220 2353 3270 apud
2379 3232 2444 3260 vos
2465 3222 2508 3261 in

261 3288 406 3328 honore
426 3289 510 3328 dies
531 3289 806 3340 Epiphaniae,
833 3292 874 3329 in
903 3302 982 3341 qua
1007 3290 1197 3329 Dominus
1225 3301 1318 3328 suae
1343 3288 1452 3328 nobis
1474 3288 1695 3328 divinitatis
1721 3291 1970 3328 ostensionem
1995 3287 2105 3339 feeit.
2142 3291 2246 3330 Haec
2262 3303 2386 3343 porro
2411 3305 2509 3344 aqa-

263 3363 329 3398 tur
349 3359 414 3399 die
432 3360 600 3411 septima
619 3363 761 3400 mensis
788 3361 945 3400 decimi.
978 3359 1168 3413 Scriptor
1191 3370 1289 3400 sane
1313 3357 1628 3412 antiquissimus
1651 3360 1735 3415 est,
1761 3358 1834 3412 qui
1861 3359 1920 3399 sic
1946 3369 2107 3400 menses
2128 3359 2363 3414 distribuit,
2390 3362 2510 3404 cuius

263 3426 573 3470 distributionis
605 3441 726 3481 usum
753 3430 800 3471 in
834 3429 1127 3484 proximorum
1156 3428 1420 3470 saeculorum
1447 3428 1621 3470 ecclesia
1649 3439 1823 3482 prorsus
1856 3427 2110 3470 obsolevisse
2140 3426 2341 3472 videmus.
2375 3432 2506 3473 Deni-

264 3509 348 3553 que
374 3495 516 3552 pictol·
543 3511 761 3554 magorum
786 3500 1080 3543 tantummodo
1110 3500 1339 3542 adventum
1365 3503 1478 3541 sexta
1504 3499 1681 3541 ianuarii
1709 3497 1775 3540 die
1800 3486 2046 3553 proposuit3
2075 3512 2124 3541 ex
2144 3512 2230 3555 quo
2258 3502 2398 3556 primo
2426 3502 2508 3544 hoc

263 3568 481 3623 pugillaris
505 3569 604 3612 loco
629 3570 728 3612 licet
753 3571 974 3626 colligere,
999 3582 1197 3612 romanos
1224 3570 1329 3611 ritus
1356 3569 1438 3611 hoc
1464 3569 1667 3610 contineri
1691 3567 1959 3622 kalendario,
1984 3582 2069 3612 non
2097 3582 2294 3625 graecos,
2315 3585 2410 3614 cum
2432 3573 2507 3615 hac

265 3637 335 3680 die
364 3638 517 3682 Christi
538 3639 823 3695 baptismum,
848 3644 1071 3695 magorum
1102 3652 1203 3682 vero
1236 3639 1524 3681 adorationem
1546 3639 1748 3693 vigesima
1776 3640 1922 3694 quinta
1951 3639 2207 3696 decembris,
2233 3643 2378 3685 Graeci
2405 3643 2508 3685 cele-

265 3708 406 3752 brent.
440 3711 597 3753 Verum
627 3712 773 3755 Graeci
802 3713 1023 3766 Latinique
1049 3711 1223 3763 festum,
1258 3709 1375 3764 quod
1406 3721 1485 3763 pro
1509 3721 1587 3751 suo
1616 3709 1793 3764 quisque
1820 3700 1903 3752 rit'u
1933 3710 2013 3752 bac
2040 3711 2108 3753 die
2136 3717 2289 3766 agunt,
2322 3725 2407 3754 uno
2436 3725 2509 3754 eo-

267 3778 446 3835 demque
472 3782 682 3824 vocahulo
716 3770 920 3838 ἐπιφάνεια
951 3783 1199 3835 Epiphania,
1229 3781 1317 3834 sive
1341 3782 1608 3833 Epiphaniam
1634 3785 1803 3823 vocant.
1837 3782 1967 3824 Usum
1996 3785 2083 3825 eius
2105 3784 2300 3826 vocabuli
2322 3785 2364 3826 in
2390 3787 2505 3835 utra-

267 3861 350 3904 que
381 3851 552 3895 ecclesia
578 3852 875 3908 repraehendit
905 3853 1195 3905 Casaubonus,
1221 3851 1522 3906 contenditque
1549 3851 1704 3894 Christi
1728 3851 1943 3895 dumtaxat
1964 3854 2091 3895 natali
2114 3867 2205 3896 eam
2231 3867 2378 3897 vocem
2407 3866 2510 3908 qua-

2302 3936 2325 3963 E
