2970 4420
467 247 557 291 100
1411 259 1561 291 Leoms
1594 259 1772 290 ALLATu

464 347 771 408 chrysologus
805 349 852 393 in
876 363 1089 394 sermone
1115 349 1192 393 IX.
1222 345 1336 409 Agit
1359 345 1602 391 nobiscum
1634 347 1783 396 Deus,
1815 345 1922 408 agit
1948 346 1997 392 in
2021 346 2108 392 hoc
2131 348 2339 398 saeculo,
2370 363 2427 392 ne
2453 346 2572 409 quid
2593 345 2727 393 nobis

459 435 626 486 pereat
654 424 704 469 in
718 425 922 486 futuro,
954 425 1077 471 sicut
1101 441 1163 469 ex
1190 424 1288 486 ipso
1314 424 1435 468 lucet
1452 423 1695 486 principio
1719 422 1949 469 lectionis.
1986 425 2043 470 Et
2065 426 2114 470 in
2139 440 2353 471 sermone
2379 426 2496 471 XVI.
2524 423 2636 470 Ibat
2661 423 2731 469 ad

463 517 627 546 eorum
660 518 849 552 curam,
881 502 1050 564 quibus
1076 500 1174 546 iam
1200 499 1414 544 humana
1439 499 1679 561 defecerat
1705 516 1847 551 cura,
1878 500 2000 545 sicut
2024 499 2255 547 hodierna
2284 502 2540 565 probatum
2565 511 2633 546 est
2663 500 2729 545 le-

463 577 632 624 ctione.
673 579 816 640 (Item
840 595 979 625 serm.
1009 579 1169 623 XVIII.
1201 576 1451 621 Hodierna
1477 576 1673 621 lectione
1697 576 1869 622 didicit
1899 588 2109 623 attentus
2136 578 2378 640 auditor.)
2414 577 2728 624 Lectionarius

463 655 537 700 vel
563 656 728 702 Comes
755 657 876 718 apud
902 655 1152 701 Pamelium
1185 661 1313 699 tomo
1342 655 1378 698 I.
1411 654 1659 715 liturgicon
1685 654 1837 699 editus
1862 662 1956 707 est,
1985 670 2080 715 quo
2113 654 2409 701 continemur
2433 671 2487 701 ex
2522 653 2733 716 prophe*

463 732 522 777 tis
555 741 600 778 et
634 734 846 794 apostolo
882 733 1102 777 lectiones
1138 746 1221 793 per
1254 738 1403 776 totum
1439 732 1547 775 anni
1582 730 1866 776 curriculum
1902 731 2152 792 legendae,
2186 746 2271 793 per
2304 732 2465 777 divum
2499 731 2730 790 Hierony-

464 824 594 854 mum
618 809 861 861 collectae,
891 817 942 854 ut
966 808 1067 853 vult
1091 807 1371 868 Micrologus
1395 807 1454 852 de
1476 807 1638 852 eccles.
1667 805 1900 852 observat.
1931 823 2033 869 cap.
2063 809 2142 853 25.
2171 817 2217 854 et
2241 808 2350 854 alibi
2375 808 2574 870 saepius.
2603 807 2741 851 Beno·

465 888 693 947 augiensis
726 886 784 931 de
821 886 979 937 missa,
1009 893 1055 930 et
1088 883 1317 930 Iohannes
1347 885 1582 930 Belethius
1609 885 1779 930 ration.
1811 885 1957 930 divin.
1988 900 2088 946 cap.
2120 886 2204 938 57,
2232 888 2278 931 'et
2312 901 2408 932 non
2434 885 2592 931 multo
2625 891 2732 945 post

464 964 685 1010 Musaeus
719 960 1027 1008 massiliensis
1059 961 1283 1006 ecclesiae
1312 960 1580 1023 presbyter,
1615 970 1663 1006 ut
1697 961 1837 1007 tradit
1870 961 2133 1007 Gennadius
2164 962 2223 1008 de
2256 961 2560 1024 scriptoribus
2585 960 2731 1007 eccle-

465 1042 654 1087 siasticis
689 1041 821 1103 (cap.
851 1038 967 1101 79.)
1004 1037 1076 1083 vir
1110 1038 1160 1083 in
1194 1037 1370 1084 divinis
1400 1037 1650 1101 scripturis
1683 1037 1873 1089 doctus,
1909 1049 1954 1083 et
1991 1038 2041 1083 in
2074 1054 2241 1084 earum
2276 1038 2486 1084 sensibus
2519 1035 2732 1084 subtilis-

466 1117 590 1163 sima
615 1118 830 1180 quadam
852 1115 1197 1162 exercitatione
1226 1115 1447 1166 limatus,
1477 1115 1648 1178 lingua
1677 1131 1860 1177 quoque
1883 1113 2217 1178 scholasticus,
2245 1114 2441 1161 hortatu
2464 1115 2623 1161 sancti
2647 1116 2732 1159 Ve-

465 1194 592 1239 nerii
624 1193 850 1258 episcopi,
889 1192 1125 1256 eoecerpsit
1166 1192 1223 1238 de
1257 1191 1721 1254 sanctisscripturis
1758 1191 1979 1238 lectiones
2013 1192 2158 1238 totius
2195 1191 2316 1237 anni
2349 1191 2538 1252 festivis
2568 1190 2733 1236 diebus

467 1283 630 1335 aptas,
663 1270 960 1334 responsoria
990 1269 1162 1320 etiam,
1188 1270 1487 1333 psalmorum
1513 1269 1731 1332 capitula
1758 1268 2046 1332 temporibus
2079 1280 2124 1314 et
2161 1268 2437 1333 lectionibus
2470 1282 2734 1331 congruen-

466 1349 561 1399 tia,
596 1349 724 1411 quod
754 1365 869 1412 opus
902 1359 1004 1393 tam
1036 1346 1355 1392 necessarium
1393 1362 1423 1392 a
1456 1345 1707 1392 lectoribus
1733 1345 1782 1390 in
1807 1345 2004 1391 ecclesia
2031 1345 2293 1409 probatur,
2323 1357 2377 1390 ut
2399 1344 2735 1408 empetitumet

464 1425 816 1471 solicitudinem
851 1426 991 1471 tollat
1019 1437 1064 1469 et
1098 1440 1309 1487 moram,
1338 1423 1556 1487 plebique
1590 1422 1780 1486 ingerat
1813 1411 2086 1472 scientiam,
2117 1422 2473 1484 celebritatique
2501 1421 2732 1467 decorem.

467 1503 639 1549 Eadem
676 1504 845 1564 repetit
880 1504 1119 1548 Honorius
1153 1502 1573 1564 augustodunensis
1598 1500 1666 1545 de
1701 1498 2007 1561 scriptoribus
2042 1498 2132 1561 (11.
2161 1498 2277 1560 78.)
2311 1499 2360 1543 in
2393 1499 2580 1544 Musaeo
2614 1512 2736 1543 mas-
2797 1512 2803 1517 ‘

467 1580 656 1626 siliensi.
695 1582 760 1626 De
795 1581 1037 1642 scriptuiis
1071 1580 1162 1641 legi
1189 1580 1337 1626 solitis
1371 1581 1418 1624 in
1453 1579 1645 1624 ecclesia
1678 1585 1723 1623 et
1753 1592 1918 1623 eorum
1950 1575 2344 1638 expositionibus,
2371 1575 2479 1622 vide
2503 1576 2736 1621 Socratem

467 1656 550 1702 lib.
578 1659 632 1703 V.
663 1673 765 1720 cap.
795 1660 881 1711 22,
909 1666 955 1704 et
989 1657 1308 1719 Nicephorum
1343 1656 1582 1702 Callistum
1615 1654 1699 1700 lib.
1729 1655 1829 1700 XII.
1857 1669 1958 1716 cap.
1989 1655 2067 1699 34.

595 1736 662 1780 De
698 1735 885 1796 hymnis
909 1749 1099 1796 quoque
1128 1732 1362 1780 dubitabit
1396 1733 1620 1778 Rivetus‘?
1654 1734 1749 1779 Nos
1773 1732 1854 1794 qui
1887 1731 2080 1793 singulis
2103 1730 2233 1776 horis
2264 1731 2312 1776 in
2342 1730 2479 1791 gestis
2512 1728 2737 1790 dictisque

469 1812 634 1858 Christi
668 1828 935 1866 versamur,
964 1812 1133 1858 scimus
1159 1812 1394 1857 Christum
1423 1818 1530 1872 post
1559 1825 1734 1856 sacram
1767 1825 1958 1856 coenam
1984 1809 2045 1855 hx
2051 1824 2214 1854 mnum
2243 1808 2432 1854 dixisse.
2448 1806 2737 1868 hortarique

469 1890 686 1944 Paulum,
715 1901 767 1935 ut
800 1906 884 1935 nos
918 1888 1115 1935 invicem
1153 1889 1426 1938 doceamus,
1457 1899 1600 1950 atque
1634 1902 2014 1932 commoneamus
2044 1885 2268 1948 psalmis,
2296 1885 2512 1949 hymnis,
2543 1897 2590 1931 et
2621 1901 2738 1931 can-

469 1967 578 2013 ticis
608 1967 942 2030 spiritualibus
975 1983 1166 2017 canere,
1199 1966 1258 2012 ad
1291 1966 1468 2012 Coloss.
1498 1967 1578 2011 III.
1611 1966 1686 2010 16.
1718 1965 1774 2010 Et
1802 1963 1860 2009 ad
1890 1964 2121 2025 Ephesiosv
2142 1964 2198 2009 V.
2232 1965 2306 2009 19.
2342 1962 2609 2027 implemini
2639 1962 2740 2027 spi-

469 2044 590 2095 ritu,
621 2046 859 2107 loquentes
886 2043 1226 2108 vobismetipsis
1253 2043 1303 2088 in
1332 2042 1534 2106 psalmis
1559 2054 1603 2087 et
1627 2040 1819 2105 hymnis
1847 2052 1892 2086 et
1919 2039 2122 2086 canticis
2147 2039 2507 2103 spiritualibus,
2537 2050 2738 2085 cantan-

471 2132 561 2172 tes,
592 2134 638 2167 et
666 2124 924 2186 psallentes
953 2122 1004 2168 in
1029 2121 1249 2168 cordibus
1282 2120 1446 2168 vestris
1470 2118 1692 2165 Domino.
1730 2118 2089 2181 Chrysostomus
2125 2117 2205 2180 (in
2238 2118 2400 2164 Matth.
2427 2118 2593 2164 homil.
2625 2114 2740 2178 82.)

471 2214 693 2245 enarrans
728 2200 808 2246 illa
829 2198 866 2243 >«
905 2209 951 2246 et
983 2200 1161 2260 hymno
1194 2199 1346 2252 dicto,
1384 2198 1526 2243 exivit
1558 2198 1607 2243 in
1638 2205 1848 2243 montem
1882 2196 2042 2242 oliveti
2076 2214 2098 2239 »
2133 2195 2353 2258 gratias„
2387 2195 2566 2257 inquit,
2604 2193 2734 2258 agit,

419 2284 423 2291 ’
470 2288 725 2339 postquam
762 2277 989 2330 dedisset;
1015 2275 1247 2340 hymnum
1272 2274 1464 2325 cecinit,
1493 2286 1547 2319 ut
1580 2290 1664 2319 nos
1688 2290 1869 2336 quoque
1895 2272 1948 2318 id
1982 2272 2136 2335 ipsum
2156 2271 2429 2334 faciamus.
2465 2273 2520 2317 Et
2555 2279 2741 2334 aposto-

472 2352 572 2408 los,
602 2362 645 2400 ct
672 2354 943 2400 subsecutos
967 2355 1239 2400 christianos
1264 2353 1466 2413 hymnos
1496 2366 1522 2397 a
1549 2366 1597 2397 se
1623 2351 1933 2412 compositos,
1960 2349 2035 2396 vel
2066 2348 2124 2394 ab
2156 2348 2313 2410 aliquo
2345 2357 2506 2395 vatum
2529 2356 2743 2394 veterum

474 2429 747 2493 desumptos
777 2433 1015 2484 cecinisse,
1045 2431 1338 2491 extitisseque
1363 2445 1416 2475 ea
1445 2437 1591 2475 aetate
1625 2429 1829 2474 carmina
1858 2428 2010 2489 prisca
2037 2441 2174 2472 versu
2201 2427 2440 2478 trimetro,
2469 2432 2513 2471 et
2540 2425 2743 2486 hymnos

474 2524 581 2554 cum
612 2509 704 2554 suis
738 2508 1003 2555 accentibus
1035 2510 1156 2554 inter
1185 2523 1311 2554 sacra
1346 2515 1451 2552 ante
1487 2506 1646 2551 altaria
1685 2505 1913 2557 canenda,
1943 2502 2113 2565 probat
2150 2503 2424 2554 testimoniis
2456 2510 2644 2564 patrum
2666 2502 2743 2547 Io-

477 2586 652 2632 hannes
688 2587 946 2649 Stephanus
975 2587 1226 2632 Durantius
1259 2585 1318 2630 de
1353 2583 1519 2629 ritibus
1553 2583 1716 2629 eccles.
1746 2581 1918 2628 cathol.
1947 2580 2031 2626 lib.
2061 2582 2140 2626 III.
2169 2596 2271 2642 cap.
2306 2581 2381 2625 14.
2413 2580 2471 2625 Et
2504 2593 2561 2624 ne
2587 2594 2672 2625 nos
2695 2579 2744 2625 in

478 2663 594 2709 adeo
628 2664 784 2725 opima
820 2664 1036 2725 lautaque
1068 2677 1211 2708 coena
1245 2662 1386 2707 ieiuni
1421 2676 1518 2707 esse
1551 2659 1820 2711 videamur,
1859 2657 2127 2703 adiiciemus
2162 2656 2388 2702 nonnulla
2421 2671 2540 2716 quae
2575 2663 2740 2709 erunt,

479 2741 515 2785 si
550 2742 670 2786 ratio
696 2742 920 2803 temporis
945 2740 1287 2792 consideretur,
1315 2737 1648 2799 antiquissima.
1686 2735 1818 2781 Philo
1842 2735 2036 2786 iudaeus
2064 2733 2156 2779 lib
2176 2733 2235 2779 de
2264 2735 2358 2780 vita
2384 2734 2432 2779 in
2461 2732 2746 2795 contempla·
2784 2760 2796 2779 a

478 2820 604 2866 tione
637 2821 786 2881 posita
810 2834 1073 2866 sermonem
1097 2817 1275 2864 habens
1300 2816 1359 2863 de
1381 2816 1589 2868 Essenis,
1619 2814 1879 2860 christianis
1904 2813 2112 2859 scilicet
2101 2828 2148 2858 in
2178 2813 2282 2874 ipso
2309 2820 2474 2859 exortu
2499 2811 2743 2866 ecclesiae,

478 2905 530 2942 ut
566 2896 820 2942 doctissimi
860 2898 1035 2958 quique
1069 2894 1424 2941 affirmatissime
1459 2900 1745 2944 assev,erant
1779 2899 1824 2936 et
1857 2890 2044 2943 Suidas‚
2063 2879 2270 2935 titulum
2302 2887 2517 2950 praebuit
2553 2888 2610 2933 de
2647 2888 2747 2936 vita

480 2971 874 3024 cbri',stzanorum
905 2975 1033 3019 cuius
1067 2971 1209 3018 verba
1235 2971 1502 3018 referuntur
1537 2968 1595 3015 ab
1621 2967 1821 3015 Eusebio
1855 2968 1963 3013 hist.
1989 2967 2105 3013 eccl.
2134 2966 2218 3012 lib.
2248 2967 2305 3011 lI'.
2335 2981 2436 3027 cap.
2470 2966 2553 3018 17,
2581 2965 2641 3011 (16
2666 2980 2747 3012 6ο-

483 3066 588 3095 1um
622 3051 823 3097 ecclesiis
859 3051 1019 3097 refert.
1052 3040 1135 3093 Ἔν
1173 3035 1211 3112 ᾧ
1244 3036 1542 3108 μονούμενοι
1580 3035 1645 3089 τοὶ
1672 3036 1766 3088 τοῦ
1802 3056 1981 3107 σεμνου
2014 3039 2132 3100 βίου
2171 3030 2420 3126 μυσΤῆρια
2452 3031 2747 3095 τελοῦνΤαι,

483 3115 641 3186 μηδὲν
680 3116 1072 3190 εἷσκομίζονΎες,
1099 3141 1164 3188 μη
1200 3114 1373 3177 ποὛόν,
1402 3111 1470 3186 μὴ
1508 3119 1696 3175 σιτίον,
1725 3137 1789 3183 μκ
1830 3110 1886 3165 τέ
1921 3134 1968 3164 τι
2005 3134 2101 3165 των
2138 3107 2349 3170 ἀλλων,
2378 3105 2474 3161 ὅσα.
2503 3130 2626 3179 προς
2655 3106 2747 3169 τοὶς

484 3187 580 3245 «τοῦ
603 3193 868 3290 ΝΘ’σώματος
883 3200 1062 3268 χρείας
1098 3193 1393 3266 αναγκαῖα,
1423 3190 1572 3248 ἀλλὰ
1605 3188 1787 3261 νομους
1816 3211 1898 3242 και
1940 3186 2091 3241 λόΓια
2127 3183 2475 3239 θεσπισθεντα
2511 3181 2600 3236 δια
2635 3207 2749 3258 προ-

486 3285 677 3334 <Dm-ow,
715 3270 797 3324 καὶ
839 3269 1037 3343 ὕμνους.
1074 3283 1133 3326 In
1169 3297 1260 3343 quo
1295 3279 1371 3325 illi
1399 3278 1461 3324 ab
1496 3278 1609 3323 aliis
1642 3275 1859 3340 separati
1889 3286 2181 3335 seiunctzque
2214 3284 2339 3319 vitae
2369 3271 2486 3334 piae
2518 3272 2750 3333 mysteria

484 3356 678 3408 obeunt,
715 3357 929 3420 nihilque
962 3375 1014 3403 eo
1049 3359 1120 3404 vel
1151 3357 1273 3407 cibi,
1311 3357 1382 3402 vel
1407 3354 1650 3419 poti,onis
1692 3354 1763 3400 tel
1797 3352 2010 3398 aliarum
2052 3366 2231 3399 rerum,
2270 3364 2393 3410 quae
2434 3347 2501 3392 ad
2540 3348 2751 3412 corporis

488 3449 624 3478 usum
648 3436 943 3481 necessariae
966 3447 1100 3485 sunt,
1133 3435 1324 3480 omnino
1349 3449 1505 3479 secum
1541 3431 1779 3493 i:nserunt
1808 3430 1892 3476 sed
1914 3430 2037 3491 leges
2063 3439 2120 3472 et
2132 3427 2328 3473 oracula
2355 3440 2386 3470 a
2408 3423 2652 3488 prophetis
2675 3424 2752 3469 di·-

490 3510 664 3556 §initus
691 3512 846 3562 edita,
877 3512 1182 3575 hymnosque.
1221 3514 1277 3558 Et
1309 3511 1430 3557 infia
1464 3511 1610 3572 magis
1643 3516 1826 3571 aperte:
1867 3493 1976 3550 ὡστ’
2013 3495 2069 3547 οὔ
2110 3492 2350 3565 θεωρουσι
2388 3490 2569 3561 μόνον,
2599 3491 2749 3545 αλλὰ

492 3601 576 3630 και
615 3600 842 3632 ποιουσιν
877 3579 1078 3652 ἅσμαὛα
1107 3577 1192 3632 καὶ
1232 3576 1418 3650 ὕμνους
1456 3577 1527 3637 εἷς
1562 3600 1644 3630 τον
1685 3574 1793 3629 θεον
1825 3571 1913 3626 ὃιοὶ
1942 3573 2175 3626 παν7οίων
2210 3568 2404 3643 μέτρων
2433 3567 2516 3622 καὶ
2551 3568 2752 3639 μελων,

492 3654 720 3728 ῥύθμοις
759 3655 1076 3727 σεμνοτέροις
1112 3657 1406 3728 ἀναγκαιως
1443 3651 1805 3727 χαράσσοντες.
1841 3662 1922 3706 Ita
1954 3659 2112 3721 plane
2131 3672 2226 3702 non
2257 3654 2647 3739 contemplationi
2678 3666 2758 3700 so-·

492 3743 592 3788 lum
621 3758 668 3786 se
697 3741 900 3791 dedunt,
933 3743 1015 3788 sed
1039 3742 1186 3786 etiam
1211 3741 1454 3787 cantiones
1478 3752 1522 3785 et
1549 3738 1758 3802 hymnos
1778 3738 1846 3783 ad
1868 3736 1961 3782 Dei
1983 3734 2174 3781 laudem
2202 3743 2484 3796 componunt
2507 3731 2638 3778 omni
2659 3747 2753 3777 me-

493 3832 677 3866 trorum
712 3836 769 3865 ac
803 3813 1184 3868 modulationum
1218 3836 1403 3881 genere.
1443 3819 1616 3869 Plinius
1652 3818 1834 3879 (neque
1865 3815 1988 3861 enim
2018 3811 2274 3859 absurdum
2313 3811 2451 3858 fuerit
2485 3810 2543 3857 ad
2574 3817 2755 3873 nostras

633 3975 651 3989 ὁ
