<?xml version="1.0" encoding="UTF-8"?>
<!DOCTYPE html PUBLIC "-//W3C//DTD XHTML 1.0 Transitional//EN"
    "http://www.w3.org/TR/xhtml1/DTD/xhtml1-transitional.dtd">
<html xmlns="http://www.w3.org/1999/xhtml" xml:lang="en" lang="en">
 <head>
  <title>
</title>
<meta http-equiv="Content-Type" content="text/html;charset=utf-8" />
  <meta name='ocr-system' content='tesseract 3.04.00' />
  <meta name='ocr-capabilities' content='ocr_page ocr_carea ocr_par ocr_line ocrx_word'/>
</head>
<body>
  <div class='ocr_page' id='page_1' title='image "./novaepatrumbibli06maiauoft/novaepatrumbibli06maiauoft_0375.png"; bbox 0 0 2970 4420; ppageno 0'>
   <div class='ocr_carea' id='block_1_1' title="bbox 1242 261 2545 324">
    <p class='ocr_par' dir='ltr' id='par_1_1' title="bbox 1242 261 2545 324">
     <span class='ocr_line' id='line_1_1' title="bbox 1242 261 2545 324; baseline -0.002 -1"><span class='ocrx_word' id='word_1_1' title='bbox 1242 291 1302 323; x_wconf 72' lang='grc' dir='ltr'><strong>η</strong></span> <span class='ocrx_word' id='word_1_2' title='bbox 1332 290 1602 324; x_wconf 69' lang='lat' dir='ltr'><em>rnnononm.</em></span> <span class='ocrx_word' id='word_1_3' title='bbox 1783 264 1789 270; x_wconf 71' lang='grc'><strong>’</strong></span> <span class='ocrx_word' id='word_1_4' title='bbox 2043 261 2050 265; x_wconf 46' lang='grc'><strong><em>’</em></strong></span> <span class='ocrx_word' id='word_1_5' title='bbox 2459 277 2545 322; x_wconf 66' lang='lat'><em>137</em></span> 
     </span>
    </p>
   </div>
   <div class='ocr_carea' id='block_1_2' title="bbox 282 371 2559 1982">
    <p class='ocr_par' dir='ltr' id='par_1_2' title="bbox 282 371 2559 1982">
     <span class='ocr_line' id='line_1_2' title="bbox 290 371 2551 444; baseline -0.003 -16"><span class='ocrx_word' id='word_1_6' title='bbox 290 382 339 428; x_wconf 88' lang='lat' dir='ltr'><em>in</em></span> <span class='ocrx_word' id='word_1_7' title='bbox 369 379 575 444; x_wconf 86' lang='lat' dir='ltr'><em>quinque</em></span> <span class='ocrx_word' id='word_1_8' title='bbox 603 377 748 425; x_wconf 89' lang='lat' dir='ltr'><em>libros</em></span> <span class='ocrx_word' id='word_1_9' title='bbox 772 377 973 441; x_wconf 79' lang='lat' dir='ltr'><em>Moysis,</em></span> <span class='ocrx_word' id='word_1_10' title='bbox 1003 392 1148 441; x_wconf 90' lang='lat' dir='ltr'><em>quam</em></span> <span class='ocrx_word' id='word_1_11' title='bbox 1172 375 1326 427; x_wconf 83' lang='lat' dir='ltr'><em>tribus</em></span> <span class='ocrx_word' id='word_1_12' title='bbox 1349 376 1624 440; x_wconf 85' lang='lat' dir='ltr'><em>complexus</em></span> <span class='ocrx_word' id='word_1_13' title='bbox 1656 385 1724 421; x_wconf 86' lang='lat' dir='ltr'><em>est</em></span> <span class='ocrx_word' id='word_1_14' title='bbox 1748 371 1912 423; x_wconf 83' lang='lat' dir='ltr'><em>tomis,</em></span> <span class='ocrx_word' id='word_1_15' title='bbox 1942 371 2120 418; x_wconf 79' lang='lat' dir='ltr'><em>mirum</em></span> <span class='ocrx_word' id='word_1_16' title='bbox 2151 372 2202 417; x_wconf 87' lang='lat' dir='ltr'><em>in</em></span> <span class='ocrx_word' id='word_1_17' title='bbox 2227 374 2420 420; x_wconf 86' lang='lat' dir='ltr'><em>modum</em></span> <span class='ocrx_word' id='word_1_18' title='bbox 2449 376 2551 421; x_wconf 89' lang='lat' dir='ltr'><em>elu-</em></span> 
     </span>
     <span class='ocr_line' id='line_1_3' title="bbox 289 445 2545 518; baseline -0.003 -15"><span class='ocrx_word' id='word_1_19' title='bbox 289 457 562 508; x_wconf 87' lang='lat' dir='ltr'><em>cubratam,</em></span> <span class='ocrx_word' id='word_1_20' title='bbox 592 454 662 502; x_wconf 87' lang='lat' dir='ltr'><em>ad</em></span> <span class='ocrx_word' id='word_1_21' title='bbox 692 470 925 518; x_wconf 83' lang='lat' dir='ltr'><em>magnum</em></span> <span class='ocrx_word' id='word_1_22' title='bbox 951 447 1232 518; x_wconf 80' lang='lat' dir='ltr'><em>Alphaeum.</em></span> <span class='ocrx_word' id='word_1_23' title='bbox 1272 454 1489 500; x_wconf 89' lang='lat' dir='ltr'><em>Psalmo-s</em></span> <span class='ocrx_word' id='word_1_24' title='bbox 1516 467 1700 516; x_wconf 90' lang='lat' dir='ltr'><em>quoquc</em></span> <span class='ocrx_word' id='word_1_25' title='bbox 1722 449 1926 497; x_wconf 74' lang='lat' dir='ltr'><em>Davidis</em></span> <span class='ocrx_word' id='word_1_26' title='bbox 1955 448 2177 512; x_wconf 78' lang='lat' dir='ltr'><em>exposuit</em></span> <span class='ocrx_word' id='word_1_27' title='bbox 2211 449 2363 495; x_wconf 81' lang='lat' dir='ltr'><em>tribus</em></span> <span class='ocrx_word' id='word_1_28' title='bbox 2390 445 2545 502; x_wconf 81' lang='lat' dir='ltr'><em>libris,</em></span> 
     </span>
     <span class='ocr_line' id='line_1_4' title="bbox 289 525 2552 594; baseline -0.003 -14"><span class='ocrx_word' id='word_1_29' title='bbox 289 534 359 580; x_wconf 90' lang='lat' dir='ltr'><em>ad</em></span> <span class='ocrx_word' id='word_1_30' title='bbox 386 533 646 580; x_wconf 80' lang='lat' dir='ltr'><strong><em>Cerdonem</em></strong></span> <span class='ocrx_word' id='word_1_31' title='bbox 678 543 723 577; x_wconf 92' lang='lat' dir='ltr'><em>et</em></span> <span class='ocrx_word' id='word_1_32' title='bbox 745 531 964 594; x_wconf 85' lang='lat' dir='ltr'><em>fratrem</em></span> <span class='ocrx_word' id='word_1_33' title='bbox 996 531 1114 578; x_wconf 76' lang='lat' dir='ltr'><em>eiuS.</em></span> <span class='ocrx_word' id='word_1_34' title='bbox 1152 533 1213 578; x_wconf 89' lang='lat' dir='ltr'><em>In</em></span> <span class='ocrx_word' id='word_1_35' title='bbox 1245 529 1496 577; x_wconf 75' lang='lat' dir='ltr'><em>duodecim</em></span> <span class='ocrx_word' id='word_1_36' title='bbox 1527 527 1785 593; x_wconf 90' lang='lat' dir='ltr'><em>prophetas</em></span> <span class='ocrx_word' id='word_1_37' title='bbox 1817 525 1999 572; x_wconf 89' lang='lat' dir='ltr'><em>duobus</em></span> <span class='ocrx_word' id='word_1_38' title='bbox 2038 525 2179 572; x_wconf 89' lang='lat' dir='ltr'><em>tomis</em></span> <span class='ocrx_word' id='word_1_39' title='bbox 2210 539 2552 573; x_wconf 84' lang='lat' dir='ltr'><em>commentatus</em></span> 
     </span>
     <span class='ocr_line' id='line_1_5' title="bbox 287 601 2548 672; baseline -0.003 -16"><span class='ocrx_word' id='word_1_40' title='bbox 287 622 376 661; x_wconf 87' lang='lat' dir='ltr'><em>est,</em></span> <span class='ocrx_word' id='word_1_41' title='bbox 405 609 474 656; x_wconf 84' lang='lat' dir='ltr'><em>ad</em></span> <span class='ocrx_word' id='word_1_42' title='bbox 493 625 603 655; x_wconf 92' lang='lat' dir='ltr'><em>mar</em></span> <span class='ocrx_word' id='word_1_43' title='bbox 625 609 663 654; x_wconf 94' lang='lat' dir='ltr'><em>T</em></span> <span class='ocrx_word' id='word_1_44' title='bbox 651 607 821 672; x_wconf 83' lang='lat' dir='ltr'><em>yrium</em></span> <span class='ocrx_word' id='word_1_45' title='bbox 846 607 927 670; x_wconf 85' lang='grc'>(1).</span> <span class='ocrx_word' id='word_1_46' title='bbox 957 610 1016 654; x_wconf 90' lang='lat' dir='ltr'><em>In</em></span> <span class='ocrx_word' id='word_1_47' title='bbox 1038 608 1307 655; x_wconf 79' lang='lat' dir='ltr'><em>Samuelem</em></span> <span class='ocrx_word' id='word_1_48' title='bbox 1333 617 1677 655; x_wconf 80' lang='lat' dir='ltr'><em>commentatus</em></span> <span class='ocrx_word' id='word_1_49' title='bbox 1698 615 1765 650; x_wconf 89' lang='lat' dir='ltr'><em>est</em></span> <span class='ocrx_word' id='word_1_50' title='bbox 1789 619 1881 649; x_wconf 87' lang='lat' dir='ltr'><em>uno</em></span> <span class='ocrx_word' id='word_1_51' title='bbox 1904 614 2060 652; x_wconf 81' lang='lat' dir='ltr'><em>tomo,</em></span> <span class='ocrx_word' id='word_1_52' title='bbox 2079 601 2148 647; x_wconf 87' lang='lat' dir='ltr'><em>ad</em></span> <span class='ocrx_word' id='word_1_53' title='bbox 2171 602 2548 649; x_wconf 87' lang='lat' dir='ltr'><em>Mamarianum.</em></span> 
     </span>
     <span class='ocr_line' id='line_1_6' title="bbox 287 678 2554 749; baseline -0.004 -16"><span class='ocrx_word' id='word_1_54' title='bbox 287 689 348 733; x_wconf 87' lang='lat' dir='ltr'><em>In</em></span> <span class='ocrx_word' id='word_1_55' title='bbox 375 686 544 733; x_wconf 91' lang='lat' dir='ltr'><em>Iobum</em></span> <span class='ocrx_word' id='word_1_56' title='bbox 571 701 754 749; x_wconf 80' lang='lat' dir='ltr'><em>quoque</em></span> <span class='ocrx_word' id='word_1_57' title='bbox 784 684 967 731; x_wconf 84' lang='lat' dir='ltr'><em>duobus</em></span> <span class='ocrx_word' id='word_1_58' title='bbox 991 684 1157 736; x_wconf 85' lang='lat' dir='ltr'><em>tomis,</em></span> <span class='ocrx_word' id='word_1_59' title='bbox 1187 683 1256 730; x_wconf 84' lang='lat' dir='ltr'><em>ad</em></span> <span class='ocrx_word' id='word_1_60' title='bbox 1281 683 1510 748; x_wconf 83' lang='lat' dir='ltr'><em>Cyrillum</em></span> <span class='ocrx_word' id='word_1_61' title='bbox 1535 680 1932 741; x_wconf 78' lang='lat' dir='ltr'><em>alexandrinum.</em></span> <span class='ocrx_word' id='word_1_62' title='bbox 1971 680 2031 725; x_wconf 90' lang='lat' dir='ltr'><em>In</em></span> <span class='ocrx_word' id='word_1_63' title='bbox 2055 678 2389 724; x_wconf 88' lang='lat' dir='ltr'><em>Ecclesiastem</em></span> <span class='ocrx_word' id='word_1_64' title='bbox 2416 679 2554 725; x_wconf 91' lang='lat' dir='ltr'><em>unico</em></span> 
     </span>
     <span class='ocr_line' id='line_1_7' title="bbox 287 754 2548 826; baseline -0.004 -16"><span class='ocrx_word' id='word_1_65' title='bbox 287 763 411 810; x_wconf 91' lang='lat' dir='ltr'><em>libro</em></span> <span class='ocrx_word' id='word_1_66' title='bbox 437 774 782 809; x_wconf 87' lang='lat' dir='ltr'><em>commentatus</em></span> <span class='ocrx_word' id='word_1_67' title='bbox 806 774 896 813; x_wconf 88' lang='lat' dir='ltr'><em>est,</em></span> <span class='ocrx_word' id='word_1_68' title='bbox 926 762 1208 826; x_wconf 80' lang='lat' dir='ltr'><em>deprecante</em></span> <span class='ocrx_word' id='word_1_69' title='bbox 1230 759 1515 824; x_wconf 86' lang='lat' dir='ltr'><em>Porphyrio.</em></span> <span class='ocrx_word' id='word_1_70' title='bbox 1544 758 1784 822; x_wconf 78' lang='lat' dir='ltr'><em>Exposuit</em></span> <span class='ocrx_word' id='word_1_71' title='bbox 1808 756 1957 803; x_wconf 84' lang='lat' dir='ltr'><em>etiam</em></span> <span class='ocrx_word' id='word_1_72' title='bbox 1978 755 2206 806; x_wconf 80' lang='lat' dir='ltr'><strong><em>Esaiam,</em></strong></span> <span class='ocrx_word' id='word_1_73' title='bbox 2235 754 2548 806; x_wconf 74' lang='lat' dir='ltr'><em>Ezechielem,</em></span> 
     </span>
     <span class='ocr_line' id='line_1_8' title="bbox 288 833 2555 902; baseline -0.003 -17"><span class='ocrx_word' id='word_1_74' title='bbox 288 840 612 891; x_wconf 82' lang='lat' dir='ltr'><em>Hieremiam,</em></span> <span class='ocrx_word' id='word_1_75' title='bbox 651 852 697 886; x_wconf 89' lang='lat' dir='ltr'><em>et</em></span> <span class='ocrx_word' id='word_1_76' title='bbox 727 839 1004 891; x_wconf 83' lang='lat' dir='ltr'><em>Danielem,</em></span> <span class='ocrx_word' id='word_1_77' title='bbox 1043 838 1258 902; x_wconf 80' lang='lat' dir='ltr'><em>singulos</em></span> <span class='ocrx_word' id='word_1_78' title='bbox 1289 836 1495 901; x_wconf 82' lang='lat' dir='ltr'><em>singulis</em></span> <span class='ocrx_word' id='word_1_79' title='bbox 1535 836 1674 882; x_wconf 86' lang='lat' dir='ltr'><em>tomis</em></span> <span class='ocrx_word' id='word_1_80' title='bbox 1707 835 2041 899; x_wconf 79' lang='lat' dir='ltr'><em>complectens,</em></span> <span class='ocrx_word' id='word_1_81' title='bbox 2081 833 2252 895; x_wconf 83' lang='lat' dir='ltr'><em>quibus</em></span> <span class='ocrx_word' id='word_1_82' title='bbox 2271 833 2432 895; x_wconf 87' lang='lat' dir='ltr'><em>finem</em></span> <span class='ocrx_word' id='word_1_83' title='bbox 2466 833 2555 878; x_wconf 90' lang='lat' dir='ltr'><em>im-</em></span> 
     </span>
     <span class='ocr_line' id='line_1_9' title="bbox 282 902 2549 981; baseline -0.004 -17"><span class='ocrx_word' id='word_1_84' title='bbox 282 917 446 981; x_wconf 82' lang='lat' dir='ltr'><em>posuit</em></span> <span class='ocrx_word' id='word_1_85' title='bbox 477 916 576 963; x_wconf 90' lang='lat' dir='ltr'><em>suis</em></span> <span class='ocrx_word' id='word_1_86' title='bbox 607 916 1045 963; x_wconf 83' lang='lat' dir='ltr'><em>elucubrationibus</em></span> <span class='ocrx_word' id='word_1_87' title='bbox 1074 916 1125 961; x_wconf 89' lang='lat' dir='ltr'><em>in</em></span> <span class='ocrx_word' id='word_1_88' title='bbox 1152 926 1280 962; x_wconf 75' lang='lat' dir='ltr'><em>vetus</em></span> <span class='ocrx_word' id='word_1_89' title='bbox 1303 925 1656 960; x_wconf 86' lang='lat' dir='ltr'><em>testamentum.</em></span> <span class='ocrx_word' id='word_1_90' title='bbox 1694 902 1993 959; x_wconf 79' lang='lat' dir='ltr'><em>Matthaeum</em></span> <span class='ocrx_word' id='word_1_91' title='bbox 2025 927 2118 966; x_wconf 84' lang='lat' dir='ltr'><em>uno</em></span> <span class='ocrx_word' id='word_1_92' title='bbox 2150 910 2372 973; x_wconf 76' lang='lat' dir='ltr'><em>exposuit</em></span> <span class='ocrx_word' id='word_1_93' title='bbox 2398 921 2549 961; x_wconf 90' lang='lat' dir='ltr'><em>tomo,</em></span> 
     </span>
     <span class='ocr_line' id='line_1_10' title="bbox 289 988 2556 1051; baseline -0.003 -11"><span class='ocrx_word' id='word_1_94' title='bbox 289 995 359 1041; x_wconf 90' lang='lat' dir='ltr'><em>ad</em></span> <span class='ocrx_word' id='word_1_95' title='bbox 389 995 590 1042; x_wconf 91' lang='lat' dir='ltr'><em>Iulium.</em></span> <span class='ocrx_word' id='word_1_96' title='bbox 627 996 809 1041; x_wconf 84' lang='lat' dir='ltr'><em>Lucam</em></span> <span class='ocrx_word' id='word_1_97' title='bbox 844 1011 950 1042; x_wconf 75' lang='lat' dir='ltr'><em>vero</em></span> <span class='ocrx_word' id='word_1_98' title='bbox 984 1006 1029 1040; x_wconf 93' lang='lat' dir='ltr'><em>et</em></span> <span class='ocrx_word' id='word_1_99' title='bbox 1052 993 1319 1041; x_wconf 79' lang='lat' dir='ltr'><em>Iohannem</em></span> <span class='ocrx_word' id='word_1_100' title='bbox 1355 991 1539 1038; x_wconf 87' lang='lat' dir='ltr'><em>duobus</em></span> <span class='ocrx_word' id='word_1_101' title='bbox 1565 990 1726 1042; x_wconf 89' lang='lat' dir='ltr'><em>tomis,</em></span> <span class='ocrx_word' id='word_1_102' title='bbox 1756 990 1826 1036; x_wconf 89' lang='lat' dir='ltr'><em>ad</em></span> <span class='ocrx_word' id='word_1_103' title='bbox 1856 988 2137 1036; x_wconf 81' lang='lat' dir='ltr'><em>Eusebium..</em></span> <span class='ocrx_word' id='word_1_104' title='bbox 2169 991 2290 1035; x_wconf 83' lang='lat' dir='ltr'><em>Acta</em></span> <span class='ocrx_word' id='word_1_105' title='bbox 2319 989 2556 1051; x_wconf 88' lang='lat' dir='ltr'><em>apostolo-</em></span> 
     </span>
     <span class='ocr_line' id='line_1_11' title="bbox 290 1065 2557 1136; baseline -0.004 -18"><span class='ocrx_word' id='word_1_106' title='bbox 290 1088 398 1119; x_wconf 91' lang='lat' dir='ltr'><em>rum</em></span> <span class='ocrx_word' id='word_1_107' title='bbox 421 1088 516 1118; x_wconf 92' lang='lat' dir='ltr'><em>uno</em></span> <span class='ocrx_word' id='word_1_108' title='bbox 542 1073 817 1136; x_wconf 86' lang='lat' dir='ltr'><em>complexus</em></span> <span class='ocrx_word' id='word_1_109' title='bbox 852 1083 922 1118; x_wconf 84' lang='lat' dir='ltr'><em>est</em></span> <span class='ocrx_word' id='word_1_110' title='bbox 952 1083 1100 1123; x_wconf 84' lang='lat' dir='ltr'><em>tomo,</em></span> <span class='ocrx_word' id='word_1_111' title='bbox 1130 1070 1199 1117; x_wconf 88' lang='lat' dir='ltr'><em>ad</em></span> <span class='ocrx_word' id='word_1_112' title='bbox 1227 1068 1483 1116; x_wconf 71' lang='lat' dir='ltr'><em>Bas-ilium.</em></span> <span class='ocrx_word' id='word_1_113' title='bbox 1520 1068 1789 1132; x_wconf 89' lang='lat' dir='ltr'><em>Epistolam</em></span> <span class='ocrx_word' id='word_1_114' title='bbox 1815 1068 1883 1114; x_wconf 88' lang='lat' dir='ltr'><em>ad</em></span> <span class='ocrx_word' id='word_1_115' title='bbox 1902 1069 2139 1114; x_wconf 84' lang='lat' dir='ltr'><em>Romanos</em></span> <span class='ocrx_word' id='word_1_116' title='bbox 2164 1065 2413 1129; x_wconf 89' lang='lat' dir='ltr'><em>exposuit,</em></span> <span class='ocrx_word' id='word_1_117' title='bbox 2445 1065 2557 1111; x_wconf 90' lang='lat' dir='ltr'><em>item</em></span> 
     </span>
     <span class='ocr_line' id='line_1_12' title="bbox 289 1142 2556 1212; baseline -0.003 -18"><span class='ocrx_word' id='word_1_118' title='bbox 289 1148 359 1194; x_wconf 91' lang='lat' dir='ltr'><em>ad</em></span> <span class='ocrx_word' id='word_1_119' title='bbox 386 1149 668 1209; x_wconf 75' lang='lat' dir='ltr'><em>Eusebium.</em></span> <span class='ocrx_word' id='word_1_120' title='bbox 701 1149 879 1196; x_wconf 85' lang='lat' dir='ltr'><em>Ambas</em></span> <span class='ocrx_word' id='word_1_121' title='bbox 908 1165 1017 1196; x_wconf 82' lang='lat' dir='ltr'><em>vero</em></span> <span class='ocrx_word' id='word_1_122' title='bbox 1047 1147 1272 1212; x_wconf 78' lang='lat' dir='ltr'><em>epistolas</em></span> <span class='ocrx_word' id='word_1_123' title='bbox 1302 1146 1373 1192; x_wconf 90' lang='lat' dir='ltr'><em>ad</em></span> <span class='ocrx_word' id='word_1_124' title='bbox 1404 1145 1669 1192; x_wconf 74' lang='lat' dir='ltr'><em>Corinthios</em></span> <span class='ocrx_word' id='word_1_125' title='bbox 1697 1145 1878 1206; x_wconf 83' lang='lat' dir='ltr'><em>duobus</em></span> <span class='ocrx_word' id='word_1_126' title='bbox 1910 1144 2050 1190; x_wconf 90' lang='lat' dir='ltr'><em>tomis</em></span> <span class='ocrx_word' id='word_1_127' title='bbox 2082 1142 2304 1207; x_wconf 77' lang='lat' dir='ltr'><em>exposuit</em></span> <span class='ocrx_word' id='word_1_128' title='bbox 2339 1159 2398 1188; x_wconf 88' lang='lat' dir='ltr'><em>ac</em></span> <span class='ocrx_word' id='word_1_129' title='bbox 2429 1142 2556 1188; x_wconf 89' lang='lat' dir='ltr'><em>dilu-</em></span> 
     </span>
     <span class='ocr_line' id='line_1_13' title="bbox 288 1219 2557 1290; baseline -0.003 -20"><span class='ocrx_word' id='word_1_130' title='bbox 288 1225 493 1277; x_wconf 75' lang='lat' dir='ltr'><em>cidavit,</em></span> <span class='ocrx_word' id='word_1_131' title='bbox 525 1226 808 1290; x_wconf 72' lang='lat' dir='ltr'><em>deprecante</em></span> <span class='ocrx_word' id='word_1_132' title='bbox 845 1225 1099 1272; x_wconf 83' lang='lat' dir='ltr'><em>Theodoro.</em></span> <span class='ocrx_word' id='word_1_133' title='bbox 1135 1223 1419 1270; x_wconf 51' lang='lat' dir='ltr'><em>Eustratius¹</em></span> <span class='ocrx_word' id='word_1_134' title='bbox 1450 1222 1513 1285; x_wconf 83' lang='lat'><em>(2)</em></span> <span class='ocrx_word' id='word_1_135' title='bbox 1541 1222 1806 1286; x_wconf 72' lang='lat' dir='ltr'><em>postulavit</em></span> <span class='ocrx_word' id='word_1_136' title='bbox 1837 1221 2183 1285; x_wconf 76' lang='lat' dir='ltr'><em>expositionem</em></span> <span class='ocrx_word' id='word_1_137' title='bbox 2217 1231 2425 1283; x_wconf 88' lang='lat' dir='ltr'><em>quatuor</em></span> <span class='ocrx_word' id='word_1_138' title='bbox 2457 1219 2557 1283; x_wconf 91' lang='lat' dir='ltr'><em>epi-</em></span> 
     </span>
     <span class='ocr_line' id='line_1_14' title="bbox 289 1296 2557 1366; baseline -0.003 -17"><span class='ocrx_word' id='word_1_139' title='bbox 289 1303 522 1365; x_wconf 89' lang='lat' dir='ltr'><em>stolarum</em></span> <span class='ocrx_word' id='word_1_140' title='bbox 557 1319 678 1366; x_wconf 90' lang='lat' dir='ltr'><em>quas</em></span> <span class='ocrx_word' id='word_1_141' title='bbox 711 1314 1165 1350; x_wconf 83' lang='lat' dir='ltr'><em>commemoraturus</em></span> <span class='ocrx_word' id='word_1_142' title='bbox 1188 1316 1315 1351; x_wconf 87' lang='lat' dir='ltr'><em>sum,</em></span> <span class='ocrx_word' id='word_1_143' title='bbox 1348 1315 1513 1364; x_wconf 86' lang='lat' dir='ltr'><em>nempe</em></span> <span class='ocrx_word' id='word_1_144' title='bbox 1536 1299 1763 1362; x_wconf 84' lang='lat' dir='ltr'><em>epistolae</em></span> <span class='ocrx_word' id='word_1_145' title='bbox 1788 1299 1857 1345; x_wconf 83' lang='lat' dir='ltr'><em>ad</em></span> <span class='ocrx_word' id='word_1_146' title='bbox 1880 1299 2104 1349; x_wconf 86' lang='lat' dir='ltr'><em>Galatas,</em></span> <span class='ocrx_word' id='word_1_147' title='bbox 2133 1309 2176 1343; x_wconf 93' lang='lat' dir='ltr'><em>et</em></span> <span class='ocrx_word' id='word_1_148' title='bbox 2208 1298 2277 1344; x_wconf 85' lang='lat' dir='ltr'><em>ad</em></span> <span class='ocrx_word' id='word_1_149' title='bbox 2296 1296 2557 1361; x_wconf 68' lang='lat' dir='ltr'><em>Ephesios,</em></span> 
     </span>
     <span class='ocr_line' id='line_1_15' title="bbox 289 1375 2558 1444; baseline -0.003 -19"><span class='ocrx_word' id='word_1_150' title='bbox 289 1391 334 1425; x_wconf 93' lang='lat' dir='ltr'><em>et</em></span> <span class='ocrx_word' id='word_1_151' title='bbox 360 1379 428 1425; x_wconf 91' lang='lat' dir='ltr'><em>ad</em></span> <span class='ocrx_word' id='word_1_152' title='bbox 450 1378 799 1444; x_wconf 77' lang='lat' dir='ltr'><em>Philippenses,</em></span> <span class='ocrx_word' id='word_1_153' title='bbox 828 1392 874 1426; x_wconf 91' lang='lat' dir='ltr'><em>et</em></span> <span class='ocrx_word' id='word_1_154' title='bbox 901 1380 971 1426; x_wconf 87' lang='lat' dir='ltr'><em>ad</em></span> <span class='ocrx_word' id='word_1_155' title='bbox 994 1379 1294 1426; x_wconf 78' lang='lat' dir='ltr'><em>Colossenses.</em></span> <span class='ocrx_word' id='word_1_156' title='bbox 1332 1376 1484 1423; x_wconf 85' lang='lat' dir='ltr'><em>Binas</em></span> <span class='ocrx_word' id='word_1_157' title='bbox 1509 1388 1670 1422; x_wconf 88' lang='lat' dir='ltr'><em>autem</em></span> <span class='ocrx_word' id='word_1_158' title='bbox 1697 1376 1766 1421; x_wconf 90' lang='lat' dir='ltr'><em>ad</em></span> <span class='ocrx_word' id='word_1_159' title='bbox 1791 1375 2242 1427; x_wconf 79' lang='lat' dir='ltr'><em>Thessalonicenses,</em></span> <span class='ocrx_word' id='word_1_160' title='bbox 2277 1375 2558 1438; x_wconf 83' lang='lat' dir='ltr'><em>deprecante</em></span> 
     </span>
     <span class='ocr_line' id='line_1_16' title="bbox 289 1447 2558 1521; baseline -0.003 -18"><span class='ocrx_word' id='word_1_161' title='bbox 289 1457 467 1503; x_wconf 90' lang='lat' dir='ltr'><em>Iacobo</em></span> <span class='ocrx_word' id='word_1_162' title='bbox 498 1447 741 1521; x_wconf 83' lang='lat' dir='ltr'><em>exposuit.</em></span> <span class='ocrx_word' id='word_1_163' title='bbox 775 1459 900 1504; x_wconf 86' lang='lat' dir='ltr'><em>Item</em></span> <span class='ocrx_word' id='word_1_164' title='bbox 932 1458 1056 1513; x_wconf 86' lang='lat' dir='ltr'><em>duas</em></span> <span class='ocrx_word' id='word_1_165' title='bbox 1089 1455 1158 1502; x_wconf 88' lang='lat' dir='ltr'><em>ad</em></span> <span class='ocrx_word' id='word_1_166' title='bbox 1188 1453 1505 1505; x_wconf 77' lang='lat' dir='ltr'><em>Timotheum,</em></span> <span class='ocrx_word' id='word_1_167' title='bbox 1535 1453 1833 1517; x_wconf 82' lang='lat' dir='ltr'><em>supplicante</em></span> <span class='ocrx_word' id='word_1_168' title='bbox 1869 1455 2039 1506; x_wconf 88' lang='lat' dir='ltr'><em>Petro‚·</em></span> <span class='ocrx_word' id='word_1_169' title='bbox 2073 1453 2432 1516; x_wconf 79' lang='lat' dir='ltr'><em>etdeprecante</em></span> <span class='ocrx_word' id='word_1_170' title='bbox 2471 1454 2558 1515; x_wconf 62' lang='lat' dir='ltr'><em>Gy·-</em></span> 
     </span>
     <span class='ocr_line' id='line_1_17' title="bbox 292 1529 2557 1598; baseline -0.002 -20"><span class='ocrx_word' id='word_1_171' title='bbox 292 1533 398 1580; x_wconf 87' lang='lat' dir='ltr'><em>rino</em></span> <span class='ocrx_word' id='word_1_172' title='bbox 421 1547 765 1582; x_wconf 89' lang='lat' dir='ltr'><em>commentatus</em></span> <span class='ocrx_word' id='word_1_173' title='bbox 787 1547 856 1581; x_wconf 91' lang='lat' dir='ltr'><em>est</em></span> <span class='ocrx_word' id='word_1_174' title='bbox 880 1534 931 1580; x_wconf 90' lang='lat' dir='ltr'><em>in</em></span> <span class='ocrx_word' id='word_1_175' title='bbox 955 1533 1181 1598; x_wconf 88' lang='lat' dir='ltr'><em>epistolas</em></span> <span class='ocrx_word' id='word_1_176' title='bbox 1204 1532 1273 1579; x_wconf 91' lang='lat' dir='ltr'><em>ad</em></span> <span class='ocrx_word' id='word_1_177' title='bbox 1307 1532 1488 1583; x_wconf 88' lang='lat' dir='ltr'><em>Titum,</em></span> <span class='ocrx_word' id='word_1_178' title='bbox 1519 1543 1565 1576; x_wconf 92' lang='lat' dir='ltr'><em>et</em></span> <span class='ocrx_word' id='word_1_179' title='bbox 1590 1529 1928 1577; x_wconf 81' lang='lat' dir='ltr'><em>Philemonem.</em></span> <span class='ocrx_word' id='word_1_180' title='bbox 1957 1530 2244 1593; x_wconf 88' lang='lat' dir='ltr'><em>Direxitque</em></span> <span class='ocrx_word' id='word_1_181' title='bbox 2271 1529 2340 1575; x_wconf 88' lang='lat' dir='ltr'><em>ad</em></span> <span class='ocrx_word' id='word_1_182' title='bbox 2359 1529 2557 1575; x_wconf 87' lang='lat' dir='ltr'><em>eundem</em></span> 
     </span>
     <span class='ocr_line' id='line_1_18' title="bbox 292 1606 2557 1676; baseline -0.003 -18"><span class='ocrx_word' id='word_1_183' title='bbox 292 1612 656 1659; x_wconf 84' lang='lat' dir='ltr'><em>commentarios</em></span> <span class='ocrx_word' id='word_1_184' title='bbox 691 1612 742 1658; x_wconf 90' lang='lat' dir='ltr'><em>in</em></span> <span class='ocrx_word' id='word_1_185' title='bbox 775 1612 1026 1676; x_wconf 89' lang='lat' dir='ltr'><em>epistolam</em></span> <span class='ocrx_word' id='word_1_186' title='bbox 1066 1611 1136 1657; x_wconf 88' lang='lat' dir='ltr'><em>ad</em></span> <span class='ocrx_word' id='word_1_187' title='bbox 1163 1609 1438 1663; x_wconf 81' lang='lat' dir='ltr'><em>Hebraeos,-</em></span> <span class='ocrx_word' id='word_1_188' title='bbox 1470 1609 1686 1671; x_wconf 57' lang='lat' dir='ltr'><em>’adeoque</em></span> <span class='ocrx_word' id='word_1_189' title='bbox 1717 1607 1925 1670; x_wconf 88' lang='lat' dir='ltr'><em>quinque</em></span> <span class='ocrx_word' id='word_1_190' title='bbox 1965 1608 2130 1656; x_wconf 49' lang='lat' dir='ltr'><em>tomis..</em></span> <span class='ocrx_word' id='word_1_191' title='bbox 2147 1607 2371 1671; x_wconf 83' lang='lat' dir='ltr'><em>imposuit</em></span> <span class='ocrx_word' id='word_1_192' title='bbox 2397 1606 2557 1670; x_wconf 83' lang='lat' dir='ltr'><em>finem</em></span> 
     </span>
     <span class='ocr_line' id='line_1_19' title="bbox 291 1682 2559 1752; baseline -0.003 -18"><span class='ocrx_word' id='word_1_193' title='bbox 291 1688 648 1734; x_wconf 90' lang='lat' dir='ltr'><em>commentariis</em></span> <span class='ocrx_word' id='word_1_194' title='bbox 679 1688 729 1734; x_wconf 90' lang='lat' dir='ltr'><em>in</em></span> <span class='ocrx_word' id='word_1_195' title='bbox 762 1688 988 1752; x_wconf 87' lang='lat' dir='ltr'><em>epistolas</em></span> <span class='ocrx_word' id='word_1_196' title='bbox 1009 1687 1239 1752; x_wconf 82' lang='lat' dir='ltr'><em>Apostoli.</em></span> <span class='ocrx_word' id='word_1_197' title='bbox 1280 1685 1563 1750; x_wconf 86' lang='lat' dir='ltr'><em>Conscripsit</em></span> <span class='ocrx_word' id='word_1_198' title='bbox 1585 1696 1836 1748; x_wconf 89' lang='lat' dir='ltr'><em>praeterea</em></span> <span class='ocrx_word' id='word_1_199' title='bbox 1864 1682 2042 1730; x_wconf 75' lang='lat' dir='ltr'><em>librum</em></span> <span class='ocrx_word' id='word_1_200' title='bbox 2068 1684 2126 1729; x_wconf 83' lang='lat' dir='ltr'><em>cle</em></span> <span class='ocrx_word' id='word_1_201' title='bbox 2149 1683 2462 1730; x_wconf 88' lang='lat' dir='ltr'><em>sacramentis</em></span> <span class='ocrx_word' id='word_1_202' title='bbox 2471 1720 2491 1734; x_wconf 84' lang='lat'><em>„</em></span> <span class='ocrx_word' id='word_1_203' title='bbox 2514 1694 2559 1728; x_wconf 93' lang='lat' dir='ltr'><em>et</em></span> 
     </span>
     <span class='ocr_line' id='line_1_20' title="bbox 290 1759 2558 1826; baseline -0.002 -17"><span class='ocrx_word' id='word_1_204' title='bbox 290 1764 349 1809; x_wconf 86' lang='lat' dir='ltr'><em>de</em></span> <span class='ocrx_word' id='word_1_205' title='bbox 379 1764 485 1826; x_wconf 82' lang='lat' dir='ltr'><em>fide</em></span> <span class='ocrx_word' id='word_1_206' title='bbox 520 1765 699 1816; x_wconf 91' lang='lat' dir='ltr'><em>alium,</em></span> <span class='ocrx_word' id='word_1_207' title='bbox 738 1781 887 1811; x_wconf 86' lang='lat' dir='ltr'><em>unum</em></span> <span class='ocrx_word' id='word_1_208' title='bbox 922 1777 1102 1812; x_wconf 91' lang='lat' dir='ltr'><em>tomum</em></span> <span class='ocrx_word' id='word_1_209' title='bbox 1137 1765 1195 1811; x_wconf 88' lang='lat' dir='ltr'><em>de</em></span> <span class='ocrx_word' id='word_1_210' title='bbox 1226 1763 1515 1815; x_wconf 87' lang='lat' dir='ltr'><em>sacerdotio,</em></span> <span class='ocrx_word' id='word_1_211' title='bbox 1553 1774 1598 1808; x_wconf 90' lang='lat' dir='ltr'><em>et</em></span> <span class='ocrx_word' id='word_1_212' title='bbox 1632 1762 1751 1808; x_wconf 89' lang='lat' dir='ltr'><em>duos</em></span> <span class='ocrx_word' id='word_1_213' title='bbox 1786 1761 1843 1807; x_wconf 90' lang='lat' dir='ltr'><em>de</em></span> <span class='ocrx_word' id='word_1_214' title='bbox 1875 1761 2064 1825; x_wconf 88' lang='lat' dir='ltr'><em>Spiritu</em></span> <span class='ocrx_word' id='word_1_215' title='bbox 2094 1773 2289 1815; x_wconf 85' lang='lat' dir='ltr'><em>sancto,</em></span> <span class='ocrx_word' id='word_1_216' title='bbox 2318 1759 2465 1809; x_wconf 81' lang='lat' dir='ltr'><em>unum</em></span> <span class='ocrx_word' id='word_1_217' title='bbox 2501 1760 2558 1805; x_wconf 87' lang='lat' dir='ltr'><em>de</em></span> 
     </span>
     <span class='ocr_line' id='line_1_21' title="bbox 290 1832 2557 1901; baseline -0.002 -15"><span class='ocrx_word' id='word_1_218' title='bbox 290 1841 647 1892; x_wconf 89' lang='lat' dir='ltr'><em>incarnatione,</em></span> <span class='ocrx_word' id='word_1_219' title='bbox 677 1841 796 1889; x_wconf 90' lang='lat' dir='ltr'><em>duos</em></span> <span class='ocrx_word' id='word_1_220' title='bbox 827 1853 994 1888; x_wconf 88' lang='lat' dir='ltr'><em>contra</em></span> <span class='ocrx_word' id='word_1_221' title='bbox 1028 1841 1337 1901; x_wconf 86' lang='lat' dir='ltr'><em>Eunomium.</em></span> <span class='ocrx_word' id='word_1_222' title='bbox 1374 1842 1498 1887; x_wconf 90' lang='lat' dir='ltr'><em>Item</em></span> <span class='ocrx_word' id='word_1_223' title='bbox 1531 1839 1651 1885; x_wconf 89' lang='lat' dir='ltr'><em>duos</em></span> <span class='ocrx_word' id='word_1_224' title='bbox 1674 1850 1842 1884; x_wconf 90' lang='lat' dir='ltr'><em>contra</em></span> <span class='ocrx_word' id='word_1_225' title='bbox 1866 1832 2141 1884; x_wconf 69' lang='lat' dir='ltr'><em>asserentes&#39;</em></span> <span class='ocrx_word' id='word_1_226' title='bbox 2158 1837 2208 1883; x_wconf 91' lang='lat' dir='ltr'><em>in</em></span> <span class='ocrx_word' id='word_1_227' title='bbox 2240 1837 2346 1901; x_wconf 84' lang='lat' dir='ltr'><em>ipsa</em></span> <span class='ocrx_word' id='word_1_228' title='bbox 2378 1849 2557 1883; x_wconf 87' lang='lat' dir='ltr'><em>natura</em></span> 
     </span>
     <span class='ocr_line' id='line_1_22' title="bbox 287 1913 2556 1982; baseline -0.003 -18"><span class='ocrx_word' id='word_1_229' title='bbox 287 1918 498 1981; x_wconf 86' lang='lat' dir='ltr'><em>positum</em></span> <span class='ocrx_word' id='word_1_230' title='bbox 536 1934 634 1982; x_wconf 84' lang='lat' dir='ltr'><em>esse</em></span> <span class='ocrx_word' id='word_1_231' title='bbox 659 1929 940 1982; x_wconf 82' lang='lat' dir='ltr'><em>peccatum:</em></span> <span class='ocrx_word' id='word_1_232' title='bbox 977 1918 1096 1965; x_wconf 87' lang='lat' dir='ltr'><em>duos</em></span> <span class='ocrx_word' id='word_1_233' title='bbox 1134 1920 1292 1979; x_wconf 89' lang='lat' dir='ltr'><em>(tres)</em></span> <span class='ocrx_word' id='word_1_234' title='bbox 1329 1928 1499 1963; x_wconf 88' lang='lat' dir='ltr'><em>contra</em></span> <span class='ocrx_word' id='word_1_235' title='bbox 1531 1915 1776 1980; x_wconf 80' lang='lat' dir='ltr'><em>magiam,</em></span> <span class='ocrx_word' id='word_1_236' title='bbox 1815 1931 1964 1960; x_wconf 91' lang='lat' dir='ltr'><em>unum</em></span> <span class='ocrx_word' id='word_1_237' title='bbox 1998 1914 2067 1960; x_wconf 87' lang='lat' dir='ltr'><em>ad</em></span> <span class='ocrx_word' id='word_1_238' title='bbox 2098 1913 2352 1960; x_wconf 90' lang='lat' dir='ltr'><em>monachos</em></span> <span class='ocrx_word' id='word_1_239' title='bbox 2364 1951 2376 1964; x_wconf 90' lang='lat'><em>,</em></span> <span class='ocrx_word' id='word_1_240' title='bbox 2410 1930 2556 1959; x_wconf 89' lang='lat' dir='ltr'><em>unum</em></span> 
     </span>
    </p>
   </div>
   <div class='ocr_carea' id='block_1_3' title="bbox 230 1987 2560 2060">
    <p class='ocr_par' dir='ltr' id='par_1_3' title="bbox 230 1987 2560 2060">
     <span class='ocr_line' id='line_1_23' title="bbox 230 1987 2560 2060; baseline -0.002 -19"><span class='ocrx_word' id='word_1_241' title='bbox 230 2011 238 2016; x_wconf 73' lang='grc'><strong>’</strong></span> <span class='ocrx_word' id='word_1_242' title='bbox 289 1996 347 2041; x_wconf 90' lang='lat' dir='ltr'><em>de</em></span> <span class='ocrx_word' id='word_1_243' title='bbox 383 1996 585 2043; x_wconf 89' lang='lat' dir='ltr'><em>obscura</em></span> <span class='ocrx_word' id='word_1_244' title='bbox 620 1996 879 2048; x_wconf 89' lang='lat' dir='ltr'><em>locutione,</em></span> <span class='ocrx_word' id='word_1_245' title='bbox 917 2012 1064 2043; x_wconf 91' lang='lat' dir='ltr'><em>unum</em></span> <span class='ocrx_word' id='word_1_246' title='bbox 1098 1996 1156 2043; x_wconf 89' lang='lat' dir='ltr'><em>de</em></span> <span class='ocrx_word' id='word_1_247' title='bbox 1186 1987 1478 2060; x_wconf 62' lang='lat' dir='ltr'><em>perfectione</em></span> <span class='ocrx_word' id='word_1_248' title='bbox 1510 2010 1704 2058; x_wconf 90' lang='lat' dir='ltr'><em>operum</em></span> <span class='ocrx_word' id='word_1_249' title='bbox 1741 1993 1833 2056; x_wconf 85' lang='lat'><em>(3),</em></span> <span class='ocrx_word' id='word_1_250' title='bbox 1869 1992 2077 2056; x_wconf 86' lang='lat' dir='ltr'><em>quinque</em></span> <span class='ocrx_word' id='word_1_251' title='bbox 2110 1992 2334 2053; x_wconf 76' lang='lat' dir='ltr'><em>adversus</em></span> <span class='ocrx_word' id='word_1_252' title='bbox 2366 2007 2443 2037; x_wconf 92' lang='lat' dir='ltr'><em>eos</em></span> <span class='ocrx_word' id='word_1_253' title='bbox 2475 1991 2560 2054; x_wconf 88' lang='lat' dir='ltr'><em>qui</em></span> 
     </span>
    </p>
   </div>
   <div class='ocr_carea' id='block_1_4' title="bbox 284 2067 2558 2445">
    <p class='ocr_par' dir='ltr' id='par_1_4' title="bbox 284 2067 2558 2366">
     <span class='ocr_line' id='line_1_24' title="bbox 288 2067 2558 2136; baseline -0.002 -19"><span class='ocrx_word' id='word_1_254' title='bbox 288 2071 554 2135; x_wconf 88' lang='lat' dir='ltr'><em>scripturas</em></span> <span class='ocrx_word' id='word_1_255' title='bbox 582 2070 802 2135; x_wconf 84' lang='lat' dir='ltr'><em>figurate</em></span> <span class='ocrx_word' id='word_1_256' title='bbox 831 2073 1229 2136; x_wconf 83' lang='lat' dir='ltr'><em>interpretantur,</em></span> <span class='ocrx_word' id='word_1_257' title='bbox 1259 2088 1408 2118; x_wconf 89' lang='lat' dir='ltr'><em>unum</em></span> <span class='ocrx_word' id='word_1_258' title='bbox 1432 2087 1521 2135; x_wconf 90' lang='lat' dir='ltr'><em>pro</em></span> <span class='ocrx_word' id='word_1_259' title='bbox 1543 2069 1752 2130; x_wconf 87' lang='lat' dir='ltr'><em>Basilio,</em></span> <span class='ocrx_word' id='word_1_260' title='bbox 1782 2081 1828 2114; x_wconf 92' lang='lat' dir='ltr'><em>et</em></span> <span class='ocrx_word' id='word_1_261' title='bbox 1851 2085 1999 2115; x_wconf 88' lang='lat' dir='ltr'><em>unum</em></span> <span class='ocrx_word' id='word_1_262' title='bbox 2023 2067 2081 2113; x_wconf 87' lang='lat' dir='ltr'><em>de</em></span> <span class='ocrx_word' id='word_1_263' title='bbox 2105 2079 2370 2114; x_wconf 88' lang='lat' dir='ltr'><em>assumente</em></span> <span class='ocrx_word' id='word_1_264' title='bbox 2402 2078 2446 2118; x_wconf 83' lang='lat' dir='ltr'><em>et</em></span> <span class='ocrx_word' id='word_1_265' title='bbox 2479 2084 2558 2113; x_wconf 89' lang='lat' dir='ltr'><em>as-</em></span> 
     </span>
     <span class='ocr_line' id='line_1_25' title="bbox 289 2144 2558 2213; baseline -0.003 -19"><span class='ocrx_word' id='word_1_266' title='bbox 289 2160 494 2212; x_wconf 91' lang='lat' dir='ltr'><em>sumpto.</em></span> <span class='ocrx_word' id='word_1_267' title='bbox 532 2150 655 2194; x_wconf 90' lang='lat' dir='ltr'><em>Item</em></span> <span class='ocrx_word' id='word_1_268' title='bbox 693 2148 869 2195; x_wconf 89' lang='lat' dir='ltr'><em>librum</em></span> <span class='ocrx_word' id='word_1_269' title='bbox 892 2165 1042 2196; x_wconf 91' lang='lat' dir='ltr'><em>unum</em></span> <span class='ocrx_word' id='word_1_270' title='bbox 1075 2164 1213 2213; x_wconf 88' lang='lat' dir='ltr'><em>quem</em></span> <span class='ocrx_word' id='word_1_271' title='bbox 1240 2148 1480 2212; x_wconf 88' lang='lat' dir='ltr'><em>inscripsit</em></span> <span class='ocrx_word' id='word_1_272' title='bbox 1512 2146 1923 2210; x_wconf 80' lang='lat' dir='ltr'><em>margaritarum,</em></span> <span class='ocrx_word' id='word_1_273' title='bbox 1952 2157 1998 2191; x_wconf 94' lang='lat' dir='ltr'><em>et</em></span> <span class='ocrx_word' id='word_1_274' title='bbox 2023 2145 2159 2191; x_wconf 84' lang='lat' dir='ltr'><em>illum</em></span> <span class='ocrx_word' id='word_1_275' title='bbox 2193 2144 2280 2208; x_wconf 86' lang='lat' dir='ltr'><em>qui</em></span> <span class='ocrx_word' id='word_1_276' title='bbox 2301 2144 2402 2190; x_wconf 89' lang='lat' dir='ltr'><em>eius</em></span> <span class='ocrx_word' id='word_1_277' title='bbox 2432 2161 2558 2189; x_wconf 86' lang='lat' dir='ltr'><em>com-</em></span> 
     </span>
     <span class='ocr_line' id='line_1_26' title="bbox 284 2220 2558 2290; baseline -0.002 -20"><span class='ocrx_word' id='word_1_278' title='bbox 284 2224 514 2288; x_wconf 90' lang='lat' dir='ltr'><em>plectitur</em></span> <span class='ocrx_word' id='word_1_279' title='bbox 541 2225 784 2288; x_wconf 91' lang='lat' dir='ltr'><em>epistolas</em></span> <span class='ocrx_word' id='word_1_280' title='bbox 821 2226 1026 2272; x_wconf 85' lang='lat' dir='ltr'><em>Demum</em></span> <span class='ocrx_word' id='word_1_281' title='bbox 1058 2236 1322 2272; x_wconf 86' lang='lat' dir='ltr'><em>tractatum</em></span> <span class='ocrx_word' id='word_1_282' title='bbox 1352 2224 1411 2271; x_wconf 85' lang='lat' dir='ltr'><em>de</em></span> <span class='ocrx_word' id='word_1_283' title='bbox 1445 2223 1769 2290; x_wconf 80' lang='lat' dir='ltr'><em>legislatione,</em></span> <span class='ocrx_word' id='word_1_284' title='bbox 1799 2239 1891 2288; x_wconf 89' lang='lat' dir='ltr'><em>quo</em></span> <span class='ocrx_word' id='word_1_285' title='bbox 1919 2223 2066 2276; x_wconf 83' lang='lat' dir='ltr'><em>finem</em></span> <span class='ocrx_word' id='word_1_286' title='bbox 2096 2221 2194 2268; x_wconf 88' lang='lat' dir='ltr'><em>suis</em></span> <span class='ocrx_word' id='word_1_287' title='bbox 2228 2220 2452 2285; x_wconf 89' lang='lat' dir='ltr'><em>imposuit</em></span> <span class='ocrx_word' id='word_1_288' title='bbox 2484 2220 2558 2267; x_wconf 89' lang='lat' dir='ltr'><em>lu-</em></span> 
     </span>
     <span class='ocr_line' id='line_1_27' title="bbox 292 2301 771 2366; baseline 0.006 -19"><span class='ocrx_word' id='word_1_289' title='bbox 292 2301 655 2348; x_wconf 84' lang='lat' dir='ltr'><em>cubrati&#39;onzbus</em></span> <span class='ocrx_word' id='word_1_290' title='bbox 690 2302 771 2366; x_wconf 67' lang='grc'>(4).</span> 
     </span>
    </p>

    <p class='ocr_par' dir='ltr' id='par_1_5' title="bbox 417 2377 2558 2445">
     <span class='ocr_line' id='line_1_28' title="bbox 417 2377 2558 2445; baseline -0.002 -19"><span class='ocrx_word' id='word_1_291' title='bbox 417 2380 573 2426; x_wconf 86' lang='lat' dir='ltr'><em>LXVI.</em></span> <span class='ocrx_word' id='word_1_292' title='bbox 609 2380 882 2428; x_wconf 87' lang='lat' dir='ltr'><em>Theodorus</em></span> <span class='ocrx_word' id='word_1_293' title='bbox 915 2382 1136 2430; x_wconf 84' lang='lat' dir='ltr'><em>tarsensis</em></span> <span class='ocrx_word' id='word_1_294' title='bbox 1168 2381 1276 2445; x_wconf 89' lang='lat' dir='ltr'><em>(qui</em></span> <span class='ocrx_word' id='word_1_295' title='bbox 1308 2380 1409 2429; x_wconf 85' lang='lat' dir='ltr'><em>aliis</em></span> <span class='ocrx_word' id='word_1_296' title='bbox 1444 2381 1678 2428; x_wconf 88' lang='lat' dir='ltr'><em>Diodorus</em></span> <span class='ocrx_word' id='word_1_297' title='bbox 1712 2388 1782 2427; x_wconf 82' lang='lat' dir='ltr'><em>est</em></span> <span class='ocrx_word' id='word_1_298' title='bbox 1816 2378 1911 2443; x_wconf 83' lang='lat'>(5))</span> <span class='ocrx_word' id='word_1_299' title='bbox 1941 2378 2108 2427; x_wconf 81' lang='lat' dir='ltr'><em>Photio</em></span> <span class='ocrx_word' id='word_1_300' title='bbox 2142 2378 2247 2424; x_wconf 87' lang='lat' dir='ltr'><em>cod.</em></span> <span class='ocrx_word' id='word_1_301' title='bbox 2282 2377 2398 2429; x_wconf 45' lang='lat'><em>223..</em></span> <span class='ocrx_word' id='word_1_302' title='bbox 2429 2378 2558 2433; x_wconf 82' lang='lat' dir='ltr'><em>cuius</em></span> 
     </span>
    </p>
   </div>
   <div class='ocr_carea' id='block_1_5' title="bbox 290 2490 2557 3788">
    <p class='ocr_par' dir='ltr' id='par_1_6' title="bbox 290 2490 2557 2896">
     <span class='ocr_line' id='line_1_29' title="bbox 375 2490 2553 2543; baseline -0.002 -13"><span class='ocrx_word' id='word_1_303' title='bbox 375 2496 424 2539; x_wconf 88' lang='grc'><em>(1)</em></span> <span class='ocrx_word' id='word_1_304' title='bbox 449 2493 701 2532; x_wconf 86' lang='lat' dir='ltr'><em>Ecchellensis</em></span> <span class='ocrx_word' id='word_1_305' title='bbox 733 2496 890 2540; x_wconf 75' lang='lat' dir='ltr'><em>Parim,</em></span> <span class='ocrx_word' id='word_1_306' title='bbox 915 2496 1144 2533; x_wconf 84' lang='lat' dir='ltr'><em>Assemanus</em></span> <span class='ocrx_word' id='word_1_307' title='bbox 1174 2506 1265 2532; x_wconf 85' lang='lat' dir='ltr'><em>mar</em></span> <span class='ocrx_word' id='word_1_308' title='bbox 1293 2498 1465 2543; x_wconf 77' lang='lat' dir='ltr'><em>Tyrium.</em></span> <span class='ocrx_word' id='word_1_309' title='bbox 1495 2496 1575 2541; x_wconf 85' lang='lat' dir='ltr'><em>Ego</em></span> <span class='ocrx_word' id='word_1_310' title='bbox 1598 2494 1768 2542; x_wconf 87' lang='lat' dir='ltr'><em>suspicor</em></span> <span class='ocrx_word' id='word_1_311' title='bbox 1797 2491 2018 2542; x_wconf 84' lang='lat' dir='ltr'><em>legendum,</em></span> <span class='ocrx_word' id='word_1_312' title='bbox 2029 2502 2110 2539; x_wconf 53' lang='lat' dir='ltr'><em>,pro</em></span> <span class='ocrx_word' id='word_1_313' title='bbox 2139 2490 2281 2540; x_wconf 86' lang='lat' dir='ltr'><em>syriaco</em></span> <span class='ocrx_word' id='word_1_314' title='bbox 2307 2491 2416 2527; x_wconf 67' lang='lat' dir='ltr'><em>titulo</em></span> <span class='ocrx_word' id='word_1_315' title='bbox 2442 2502 2553 2535; x_wconf 81' lang='lat' dir='ltr'><em>mar,</em></span> 
     </span>
     <span class='ocr_line' id='line_1_30' title="bbox 290 2550 2557 2604; baseline -0.001 -15"><span class='ocrx_word' id='word_1_316' title='bbox 290 2555 542 2601; x_wconf 73' lang='lat' dir='ltr'><em>Martyrium.</em></span> <span class='ocrx_word' id='word_1_317' title='bbox 572 2555 719 2591; x_wconf 87' lang='lat' dir='ltr'><em>Etenim</em></span> <span class='ocrx_word' id='word_1_318' title='bbox 750 2557 873 2592; x_wconf 82' lang='lat' dir='ltr'><em>Mart</em></span> <span class='ocrx_word' id='word_1_319' title='bbox 860 2557 988 2603; x_wconf 74' lang='lat' dir='ltr'><em>Jrius</em></span> <span class='ocrx_word' id='word_1_320' title='bbox 1014 2556 1079 2604; x_wconf 89' lang='lat' dir='ltr'><em>qui</em></span> <span class='ocrx_word' id='word_1_321' title='bbox 1105 2555 1177 2593; x_wconf 80' lang='lat' dir='ltr'><em>fuit</em></span> <span class='ocrx_word' id='word_1_322' title='bbox 1202 2554 1337 2592; x_wconf 88' lang='lat' dir='ltr'><em>deinde</em></span> <span class='ocrx_word' id='word_1_323' title='bbox 1362 2554 1572 2604; x_wconf 79' lang='lat' dir='ltr'><em>patriarcha</em></span> <span class='ocrx_word' id='word_1_324' title='bbox 1597 2553 1865 2597; x_wconf 80' lang='lat' dir='ltr'><em>antiochenus,</em></span> <span class='ocrx_word' id='word_1_325' title='bbox 1891 2562 2045 2591; x_wconf 87' lang='lat' dir='ltr'><em>coaevus</em></span> <span class='ocrx_word' id='word_1_326' title='bbox 2074 2552 2147 2589; x_wconf 75' lang='lat' dir='ltr'><em>fuit</em></span> <span class='ocrx_word' id='word_1_327' title='bbox 2175 2550 2420 2598; x_wconf 78' lang='lat' dir='ltr'><em>laudatorque</em></span> <span class='ocrx_word' id='word_1_328' title='bbox 2445 2550 2557 2598; x_wconf 79' lang='lat' dir='ltr'><em>Chry-</em></span> 
     </span>
     <span class='ocr_line' id='line_1_31' title="bbox 292 2610 2557 2663; baseline -0.001 -15"><span class='ocrx_word' id='word_1_329' title='bbox 292 2613 467 2658; x_wconf 84' lang='lat' dir='ltr'><em>sostomi,</em></span> <span class='ocrx_word' id='word_1_330' title='bbox 494 2612 650 2661; x_wconf 87' lang='lat' dir='ltr'><em>ideoque</em></span> <span class='ocrx_word' id='word_1_331' title='bbox 679 2614 792 2651; x_wconf 85' lang='lat' dir='ltr'><em>etiam</em></span> <span class='ocrx_word' id='word_1_332' title='bbox 821 2615 1084 2662; x_wconf 87' lang='lat' dir='ltr'><em>Mopsuesteno</em></span> <span class='ocrx_word' id='word_1_333' title='bbox 1114 2620 1458 2663; x_wconf 80' lang='lat' dir='ltr'><em>contemporaneus.</em></span> <span class='ocrx_word' id='word_1_334' title='bbox 1486 2614 1646 2655; x_wconf 81' lang='lat' dir='ltr'><em>Consule</em></span> <span class='ocrx_word' id='word_1_335' title='bbox 1674 2619 1840 2652; x_wconf 83' lang='lat' dir='ltr'><em>nostram</em></span> <span class='ocrx_word' id='word_1_336' title='bbox 1871 2623 2003 2656; x_wconf 83' lang='lat' dir='ltr'><em>novam</em></span> <span class='ocrx_word' id='word_1_337' title='bbox 2032 2611 2207 2660; x_wconf 87' lang='lat' dir='ltr'><em>biblioth.</em></span> <span class='ocrx_word' id='word_1_338' title='bbox 2235 2613 2305 2649; x_wconf 86' lang='lat' dir='ltr'><em>PP.</em></span> <span class='ocrx_word' id='word_1_339' title='bbox 2332 2612 2379 2647; x_wconf 92' lang='grc' dir='ltr'>Τ</span> <span class='ocrx_word' id='word_1_340' title='bbox 2404 2610 2557 2646; x_wconf 90' lang='lat' dir='ltr'><em>1V.ubi</em></span> 
     </span>
     <span class='ocr_line' id='line_1_32' title="bbox 293 2653 2557 2723; baseline -0.001 -15"><span class='ocrx_word' id='word_1_341' title='bbox 293 2677 349 2710; x_wconf 90' lang='lat' dir='ltr'><em>est</em></span> <span class='ocrx_word' id='word_1_342' title='bbox 372 2683 457 2720; x_wconf 85' lang='lat' dir='ltr'><em>pars</em></span> <span class='ocrx_word' id='word_1_343' title='bbox 485 2672 696 2722; x_wconf 80' lang='lat' dir='ltr'><em>panegyrici</em></span> <span class='ocrx_word' id='word_1_344' title='bbox 720 2673 760 2711; x_wconf 87' lang='lat' dir='ltr'><em>in</em></span> <span class='ocrx_word' id='word_1_345' title='bbox 783 2673 1088 2722; x_wconf 84' lang='lat' dir='ltr'><em>Chrysostomum</em></span> <span class='ocrx_word' id='word_1_346' title='bbox 1117 2674 1164 2711; x_wconf 88' lang='lat' dir='ltr'><em>ab</em></span> <span class='ocrx_word' id='word_1_347' title='bbox 1191 2675 1262 2712; x_wconf 87' lang='lat' dir='ltr'><em>hoc</em></span> <span class='ocrx_word' id='word_1_348' title='bbox 1283 2676 1479 2723; x_wconf 77' lang='lat' dir='ltr'><em>Martyrio</em></span> <span class='ocrx_word' id='word_1_349' title='bbox 1503 2673 1604 2717; x_wconf 75' lang='lat' dir='ltr'><em>dicti.</em></span> <span class='ocrx_word' id='word_1_350' title='bbox 1631 2655 1727 2719; x_wconf 80' lang='lat' dir='ltr'><em>Sane</em></span> <span class='ocrx_word' id='word_1_351' title='bbox 1757 2675 1867 2710; x_wconf 68' lang='lat' dir='ltr'><em>Tures</em></span> <span class='ocrx_word' id='word_1_352' title='bbox 1894 2672 2099 2714; x_wconf 82' lang='lat' dir='ltr'><em>monachus</em></span> <span class='ocrx_word' id='word_1_353' title='bbox 2127 2672 2265 2718; x_wconf 81' lang='lat' dir='ltr'><em>legitur</em></span> <span class='ocrx_word' id='word_1_354' title='bbox 2290 2653 2389 2718; x_wconf 88' lang='lat' dir='ltr'><em>apud</em></span> <span class='ocrx_word' id='word_1_355' title='bbox 2414 2670 2557 2717; x_wconf 86' lang='lat' dir='ltr'><em>praedi-</em></span> 
     </span>
     <span class='ocr_line' id='line_1_33' title="bbox 292 2731 2555 2781; baseline -0.001 -14"><span class='ocrx_word' id='word_1_356' title='bbox 292 2736 393 2767; x_wconf 87' lang='lat' dir='ltr'><em>ctum</em></span> <span class='ocrx_word' id='word_1_357' title='bbox 418 2731 698 2769; x_wconf 85' lang='lat' dir='ltr'><em>Ecchellensem</em></span> <span class='ocrx_word' id='word_1_358' title='bbox 725 2742 761 2779; x_wconf 90' lang='lat' dir='ltr'><em>p.</em></span> <span class='ocrx_word' id='word_1_359' title='bbox 781 2737 846 2777; x_wconf 87' lang='grc'><em>73,</em></span> <span class='ocrx_word' id='word_1_360' title='bbox 864 2731 939 2770; x_wconf 89' lang='lat' dir='ltr'><em>sed</em></span> <span class='ocrx_word' id='word_1_361' title='bbox 959 2733 1099 2770; x_wconf 83' lang='lat' dir='ltr'><em>omittit</em></span> <span class='ocrx_word' id='word_1_362' title='bbox 1122 2733 1228 2770; x_wconf 90' lang='lat' dir='ltr'><em>hunc</em></span> <span class='ocrx_word' id='word_1_363' title='bbox 1248 2736 1499 2778; x_wconf 89' lang='lat' dir='ltr'><em>Assemanus,</em></span> <span class='ocrx_word' id='word_1_364' title='bbox 1519 2734 1585 2781; x_wconf 90' lang='lat' dir='ltr'><em>qui</em></span> <span class='ocrx_word' id='word_1_365' title='bbox 1609 2743 1698 2770; x_wconf 88' lang='lat' dir='ltr'><em>eum</em></span> <span class='ocrx_word' id='word_1_366' title='bbox 1720 2733 1880 2770; x_wconf 82' lang='lat' dir='ltr'><em>scrihere</em></span> <span class='ocrx_word' id='word_1_367' title='bbox 1905 2731 2092 2769; x_wconf 82' lang='lat' dir='ltr'><em>debuisset</em></span> <span class='ocrx_word' id='word_1_368' title='bbox 2113 2731 2211 2767; x_wconf 89' lang='lat' dir='ltr'><em>iuter</em></span> <span class='ocrx_word' id='word_1_369' title='bbox 2238 2741 2343 2777; x_wconf 84' lang='lat' dir='ltr'><em>capp.</em></span> <span class='ocrx_word' id='word_1_370' title='bbox 2364 2733 2423 2765; x_wconf 91' lang='grc'><em>87.</em></span> <span class='ocrx_word' id='word_1_371' title='bbox 2441 2735 2478 2764; x_wconf 86' lang='lat' dir='ltr'><em>et</em></span> <span class='ocrx_word' id='word_1_372' title='bbox 2495 2733 2555 2764; x_wconf 84' lang='lat'><em>88</em></span> 
     </span>
     <span class='ocr_line' id='line_1_34' title="bbox 293 2786 2554 2839; baseline -0.001 -14"><span class='ocrx_word' id='word_1_373' title='bbox 293 2789 431 2826; x_wconf 87' lang='lat' dir='ltr'><em>Omisit</em></span> <span class='ocrx_word' id='word_1_374' title='bbox 453 2794 601 2836; x_wconf 87' lang='lat' dir='ltr'><em>autem,</em></span> <span class='ocrx_word' id='word_1_375' title='bbox 621 2789 708 2837; x_wconf 88' lang='lat' dir='ltr'><em>quia</em></span> <span class='ocrx_word' id='word_1_376' title='bbox 729 2795 890 2827; x_wconf 75' lang='lat' dir='ltr'><em>errorem·</em></span> <span class='ocrx_word' id='word_1_377' title='bbox 915 2800 994 2827; x_wconf 87' lang='lat' dir='ltr'><em>esse</em></span> <span class='ocrx_word' id='word_1_378' title='bbox 1014 2791 1163 2839; x_wconf 87' lang='lat' dir='ltr'><em>agnovit</em></span> <span class='ocrx_word' id='word_1_379' title='bbox 1187 2791 1459 2839; x_wconf 82' lang='lat' dir='ltr'><em>Eechellensis,</em></span> <span class='ocrx_word' id='word_1_380' title='bbox 1477 2792 1524 2829; x_wconf 89' lang='lat' dir='ltr'><em>de</em></span> <span class='ocrx_word' id='word_1_381' title='bbox 1549 2792 1655 2830; x_wconf 88' lang='lat' dir='ltr'><em>cuius</em></span> <span class='ocrx_word' id='word_1_382' title='bbox 1677 2791 1761 2828; x_wconf 83' lang='lat' dir='ltr'><em>aliis</em></span> <span class='ocrx_word' id='word_1_383' title='bbox 1786 2790 1933 2828; x_wconf 90' lang='lat' dir='ltr'><em>mendis</em></span> <span class='ocrx_word' id='word_1_384' title='bbox 1956 2789 2132 2827; x_wconf 83' lang='lat' dir='ltr'><em>admonet</em></span> <span class='ocrx_word' id='word_1_385' title='bbox 2155 2799 2223 2825; x_wconf 92' lang='lat' dir='ltr'><em>nos</em></span> <span class='ocrx_word' id='word_1_386' title='bbox 2247 2794 2347 2825; x_wconf 89' lang='lat' dir='ltr'><em>tomo</em></span> <span class='ocrx_word' id='word_1_387' title='bbox 2367 2786 2554 2834; x_wconf 81' lang='lat' dir='ltr'><em>praedicto</em></span> 
     </span>
     <span class='ocr_line' id='line_1_35' title="bbox 292 2848 665 2896; baseline 0 -12"><span class='ocrx_word' id='word_1_388' title='bbox 292 2859 328 2896; x_wconf 90' lang='lat' dir='ltr'><em>p.</em></span> <span class='ocrx_word' id='word_1_389' title='bbox 356 2853 388 2885; x_wconf 89' lang='lat'><em>1.</em></span> <span class='ocrx_word' id='word_1_390' title='bbox 417 2853 454 2886; x_wconf 90' lang='lat' dir='ltr'><em>et</em></span> <span class='ocrx_word' id='word_1_391' title='bbox 475 2853 511 2885; x_wconf 85' lang='lat'><em>4.</em></span> <span class='ocrx_word' id='word_1_392' title='bbox 538 2852 584 2885; x_wconf 89' lang='lat' dir='ltr'><em>A.</em></span> <span class='ocrx_word' id='word_1_393' title='bbox 611 2848 665 2885; x_wconf 90' lang='lat' dir='ltr'><em>M.</em></span> 
     </span>
    </p>

    <p class='ocr_par' dir='ltr' id='par_1_7' title="bbox 291 2905 2555 3134">
     <span class='ocr_line' id='line_1_36' title="bbox 376 2905 2555 2960; baseline -0.001 -16"><span class='ocrx_word' id='word_1_394' title='bbox 376 2912 425 2953; x_wconf 85' lang='lat'><em>(2)</em></span> <span class='ocrx_word' id='word_1_395' title='bbox 449 2911 636 2946; x_wconf 85' lang='lat' dir='ltr'><em>Estratea</em></span> <span class='ocrx_word' id='word_1_396' title='bbox 661 2907 824 2946; x_wconf 86' lang='lat' dir='ltr'><em>Allatius</em></span> <span class='ocrx_word' id='word_1_397' title='bbox 850 2919 902 2946; x_wconf 61' lang='lat' dir='ltr'><em>em</em></span> <span class='ocrx_word' id='word_1_398' title='bbox 917 2908 1130 2947; x_wconf 88' lang='lat' dir='ltr'><em>Echellensi</em></span> <span class='ocrx_word' id='word_1_399' title='bbox 1151 2921 1192 2959; x_wconf 89' lang='lat' dir='ltr'><em>p.</em></span> <span class='ocrx_word' id='word_1_400' title='bbox 1206 2914 1273 2956; x_wconf 85' lang='lat'><em>29,</em></span> <span class='ocrx_word' id='word_1_401' title='bbox 1275 2911 1365 2960; x_wconf 90' lang='lat' dir='ltr'><em>qui</em></span> <span class='ocrx_word' id='word_1_402' title='bbox 1389 2910 1502 2948; x_wconf 85' lang='lat' dir='ltr'><em>etiam</em></span> <span class='ocrx_word' id='word_1_403' title='bbox 1528 2911 1569 2948; x_wconf 93' lang='lat' dir='ltr'><em>in</em></span> <span class='ocrx_word' id='word_1_404' title='bbox 1590 2910 1714 2948; x_wconf 89' lang='lat' dir='ltr'><em>indice</em></span> <span class='ocrx_word' id='word_1_405' title='bbox 1741 2909 1780 2947; x_wconf 90' lang='lat' dir='ltr'><em>id</em></span> <span class='ocrx_word' id='word_1_406' title='bbox 1804 2908 1979 2947; x_wconf 89' lang='lat' dir='ltr'><em>mendum</em></span> <span class='ocrx_word' id='word_1_407' title='bbox 2007 2909 2244 2956; x_wconf 87' lang='lat' dir='ltr'><em>repetiverat‚</em></span> <span class='ocrx_word' id='word_1_408' title='bbox 2271 2917 2344 2954; x_wconf 88' lang='lat' dir='ltr'><em>quo</em></span> <span class='ocrx_word' id='word_1_409' title='bbox 2368 2905 2488 2942; x_wconf 86' lang='lat' dir='ltr'><em>errore</em></span> <span class='ocrx_word' id='word_1_410' title='bbox 2513 2916 2555 2942; x_wconf 85' lang='lat' dir='ltr'><em>ex</em></span> 
     </span>
     <span class='ocr_line' id='line_1_37' title="bbox 292 2965 2554 3015; baseline -0.002 -12"><span class='ocrx_word' id='word_1_411' title='bbox 292 2973 503 3004; x_wconf 86' lang='lat' dir='ltr'><em>maecenate</em></span> <span class='ocrx_word' id='word_1_412' title='bbox 529 2969 757 3013; x_wconf 80' lang='lat' dir='ltr'><em>Eustratio,</em></span> <span class='ocrx_word' id='word_1_413' title='bbox 782 2967 871 3004; x_wconf 84' lang='lat' dir='ltr'><em>fecit</em></span> <span class='ocrx_word' id='word_1_414' title='bbox 897 2970 1123 3006; x_wconf 82' lang='lat' dir='ltr'><em>Estrateam</em></span> <span class='ocrx_word' id='word_1_415' title='bbox 1151 2975 1352 3007; x_wconf 85' lang='lat' dir='ltr'><em>auctorem.</em></span> <span class='ocrx_word' id='word_1_416' title='bbox 1386 2969 1527 3007; x_wconf 88' lang='lat' dir='ltr'><em>Menda</em></span> <span class='ocrx_word' id='word_1_417' title='bbox 1555 2969 1807 3006; x_wconf 87' lang='lat' dir='ltr'><em>Ecchellensis</em></span> <span class='ocrx_word' id='word_1_418' title='bbox 1838 2979 1915 3005; x_wconf 88' lang='lat' dir='ltr'><em>non</em></span> <span class='ocrx_word' id='word_1_419' title='bbox 1947 2968 2096 3015; x_wconf 82' lang='lat' dir='ltr'><em>agnovit</em></span> <span class='ocrx_word' id='word_1_420' title='bbox 2125 2967 2313 3010; x_wconf 84' lang='lat' dir='ltr'><em>Allatius,</em></span> <span class='ocrx_word' id='word_1_421' title='bbox 2342 2965 2554 3011; x_wconf 87' lang='lat' dir='ltr'><em>linguarum</em></span> 
     </span>
     <span class='ocr_line' id='line_1_38' title="bbox 291 3023 2552 3077; baseline -0.002 -14"><span class='ocrx_word' id='word_1_422' title='bbox 291 3027 553 3071; x_wconf 86' lang='lat' dir='ltr'><em>orientalium,</em></span> <span class='ocrx_word' id='word_1_423' title='bbox 579 3031 623 3064; x_wconf 87' lang='lat' dir='ltr'><em>ut</em></span> <span class='ocrx_word' id='word_1_424' title='bbox 649 3026 815 3071; x_wconf 75' lang='lat' dir='ltr'><em>videtur,</em></span> <span class='ocrx_word' id='word_1_425' title='bbox 841 3027 1054 3076; x_wconf 77' lang='lat' dir='ltr'><em>imperitus3</em></span> <span class='ocrx_word' id='word_1_426' title='bbox 1081 3029 1188 3066; x_wconf 87' lang='lat' dir='ltr'><em>cuius</em></span> <span class='ocrx_word' id='word_1_427' title='bbox 1209 3029 1361 3067; x_wconf 85' lang='lat' dir='ltr'><em>hortatu</em></span> <span class='ocrx_word' id='word_1_428' title='bbox 1384 3029 1600 3077; x_wconf 88' lang='lat' dir='ltr'><em>ceteroquin</em></span> <span class='ocrx_word' id='word_1_429' title='bbox 1625 3039 1664 3066; x_wconf 90' lang='lat' dir='ltr'><em>se</em></span> <span class='ocrx_word' id='word_1_430' title='bbox 1687 3029 1794 3065; x_wconf 85' lang='lat' dir='ltr'><em>hunc·</em></span> <span class='ocrx_word' id='word_1_431' title='bbox 1810 3028 2019 3074; x_wconf 78' lang='lat' dir='ltr'><em>catalogum</em></span> <span class='ocrx_word' id='word_1_432' title='bbox 2044 3025 2226 3071; x_wconf 82' lang='lat' dir='ltr'><em>edidisse,</em></span> <span class='ocrx_word' id='word_1_433' title='bbox 2250 3030 2376 3062; x_wconf 85' lang='lat' dir='ltr'><em>narrat</em></span> <span class='ocrx_word' id='word_1_434' title='bbox 2398 3023 2552 3075; x_wconf 85' lang='lat' dir='ltr'><em>Ecchel-</em></span> 
     </span>
     <span class='ocr_line' id='line_1_39' title="bbox 293 3085 1740 3134; baseline 0.002 -11"><span class='ocrx_word' id='word_1_435' title='bbox 293 3087 409 3123; x_wconf 87' lang='lat' dir='ltr'><em>lensis</em></span> <span class='ocrx_word' id='word_1_436' title='bbox 434 3086 473 3123; x_wconf 91' lang='lat' dir='ltr'><em>in</em></span> <span class='ocrx_word' id='word_1_437' title='bbox 498 3085 612 3134; x_wconf 87' lang='lat' dir='ltr'><em>praef.</em></span> <span class='ocrx_word' id='word_1_438' title='bbox 640 3097 677 3134; x_wconf 89' lang='lat' dir='ltr'><em>p.</em></span> <span class='ocrx_word' id='word_1_439' title='bbox 704 3090 765 3124; x_wconf 82' lang='lat'><em>27.</em></span> <span class='ocrx_word' id='word_1_440' title='bbox 791 3090 837 3124; x_wconf 91' lang='lat' dir='ltr'><em>A.</em></span> <span class='ocrx_word' id='word_1_441' title='bbox 863 3089 915 3124; x_wconf 90' lang='lat' dir='ltr'><em>M.</em></span> <span class='ocrx_word' id='word_1_442' title='bbox 1725 3090 1740 3105; x_wconf 33' lang='grc' dir='ltr'>Χ</span> 
     </span>
    </p>

    <p class='ocr_par' dir='ltr' id='par_1_8' title="bbox 377 3145 1453 3195">
     <span class='ocr_line' id='line_1_40' title="bbox 377 3145 1453 3195; baseline 0.003 -13"><span class='ocrx_word' id='word_1_443' title='bbox 377 3149 426 3190; x_wconf 88' lang='grc'><em>(3)</em></span> <span class='ocrx_word' id='word_1_444' title='bbox 450 3146 726 3184; x_wconf 85' lang='lat' dir='ltr'><em>Ecchellensis:</em></span> <span class='ocrx_word' id='word_1_445' title='bbox 753 3146 803 3183; x_wconf 82' lang='lat' dir='ltr'><em>de</em></span> <span class='ocrx_word' id='word_1_446' title='bbox 824 3145 1063 3194; x_wconf 75' lang='lat' dir='ltr'><em>perfectione</em></span> <span class='ocrx_word' id='word_1_447' title='bbox 1091 3150 1301 3195; x_wconf 69' lang='lat' dir='ltr'><em>reqiminis.</em></span> <span class='ocrx_word' id='word_1_448' title='bbox 1326 3150 1373 3186; x_wconf 88' lang='lat' dir='ltr'><em>A.</em></span> <span class='ocrx_word' id='word_1_449' title='bbox 1399 3150 1453 3185; x_wconf 88' lang='lat' dir='ltr'><em>M.</em></span> 
     </span>
    </p>

    <p class='ocr_par' dir='ltr' id='par_1_9' title="bbox 290 3204 2554 3729">
     <span class='ocr_line' id='line_1_41' title="bbox 378 3204 2551 3258; baseline -0.001 -16"><span class='ocrx_word' id='word_1_450' title='bbox 378 3209 428 3250; x_wconf 89' lang='grc'><em>(4)</em></span> <span class='ocrx_word' id='word_1_451' title='bbox 452 3207 507 3244; x_wconf 90' lang='lat' dir='ltr'><em>De</em></span> <span class='ocrx_word' id='word_1_452' title='bbox 531 3208 782 3255; x_wconf 87' lang='lat' dir='ltr'><em>Mopsuesteni</em></span> <span class='ocrx_word' id='word_1_453' title='bbox 805 3207 951 3257; x_wconf 86' lang='lat' dir='ltr'><em>scriptis</em></span> <span class='ocrx_word' id='word_1_454' title='bbox 971 3207 1105 3255; x_wconf 7' lang='lat' dir='ltr'><em>,sedulo</em></span> <span class='ocrx_word' id='word_1_455' title='bbox 1132 3219 1200 3246; x_wconf 91' lang='lat' dir='ltr'><em>nos</em></span> <span class='ocrx_word' id='word_1_456' title='bbox 1225 3219 1374 3258; x_wconf 84' lang='lat' dir='ltr'><em>quoque</em></span> <span class='ocrx_word' id='word_1_457' title='bbox 1397 3207 1558 3253; x_wconf 78' lang='lat' dir='ltr'><em>diximus</em></span> <span class='ocrx_word' id='word_1_458' title='bbox 1583 3209 1624 3244; x_wconf 91' lang='lat' dir='ltr'><em>in</em></span> <span class='ocrx_word' id='word_1_459' title='bbox 1649 3207 1764 3256; x_wconf 83' lang='lat' dir='ltr'><em>praef.</em></span> <span class='ocrx_word' id='word_1_460' title='bbox 1786 3207 1877 3253; x_wconf 85' lang='lat' dir='ltr'><em>tomi</em></span> <span class='ocrx_word' id='word_1_461' title='bbox 1902 3207 1933 3243; x_wconf 89' lang='grc' dir='ltr'><em>Ι.</em></span> <span class='ocrx_word' id='word_1_462' title='bbox 1951 3206 2082 3254; x_wconf 82' lang='lat' dir='ltr'><em>prioris</em></span> <span class='ocrx_word' id='word_1_463' title='bbox 2105 3205 2277 3242; x_wconf 85' lang='lat' dir='ltr'><em>editionis</em></span> <span class='ocrx_word' id='word_1_464' title='bbox 2302 3204 2434 3252; x_wconf 86' lang='lat' dir='ltr'><em>Script.</em></span> <span class='ocrx_word' id='word_1_465' title='bbox 2456 3209 2525 3240; x_wconf 82' lang='lat' dir='ltr'><em>vet.</em></span> <span class='ocrx_word' id='word_1_466' title='bbox 2541 3232 2551 3249; x_wconf 85' lang='lat'><em>,</em></span> 
     </span>
     <span class='ocr_line' id='line_1_42' title="bbox 293 3263 2548 3315; baseline -0.002 -13"><span class='ocrx_word' id='word_1_467' title='bbox 293 3276 336 3302; x_wconf 86' lang='lat' dir='ltr'><em>ex</em></span> <span class='ocrx_word' id='word_1_468' title='bbox 358 3275 432 3313; x_wconf 90' lang='lat' dir='ltr'><em>quo</em></span> <span class='ocrx_word' id='word_1_469' title='bbox 455 3266 537 3302; x_wconf 91' lang='lat' dir='ltr'><em>loco</em></span> <span class='ocrx_word' id='word_1_470' title='bbox 561 3277 638 3304; x_wconf 91' lang='lat' dir='ltr'><em>non</em></span> <span class='ocrx_word' id='word_1_471' title='bbox 663 3272 864 3307; x_wconf 83' lang='lat' dir='ltr'><em>memorata</em></span> <span class='ocrx_word' id='word_1_472' title='bbox 887 3267 1070 3304; x_wconf 88' lang='lat' dir='ltr'><em>nonnulla</em></span> <span class='ocrx_word' id='word_1_473' title='bbox 1094 3268 1265 3314; x_wconf 86' lang='lat' dir='ltr'><em>cognosci</em></span> <span class='ocrx_word' id='word_1_474' title='bbox 1286 3272 1442 3315; x_wconf 88' lang='lat' dir='ltr'><em>possunt</em></span> <span class='ocrx_word' id='word_1_475' title='bbox 1464 3267 1510 3304; x_wconf 87' lang='lat' dir='ltr'><em>ab</em></span> <span class='ocrx_word' id='word_1_476' title='bbox 1533 3267 1695 3311; x_wconf 92' lang='lat' dir='ltr'><em>Allatio‚</em></span> <span class='ocrx_word' id='word_1_477' title='bbox 1723 3272 1759 3303; x_wconf 77' lang='lat' dir='ltr'><em>et</em></span> <span class='ocrx_word' id='word_1_478' title='bbox 1780 3267 1974 3314; x_wconf 79' lang='lat' dir='ltr'><em>praecipue</em></span> <span class='ocrx_word' id='word_1_479' title='bbox 2000 3276 2042 3302; x_wconf 87' lang='lat' dir='ltr'><em>ex</em></span> <span class='ocrx_word' id='word_1_480' title='bbox 2066 3265 2176 3301; x_wconf 87' lang='lat' dir='ltr'><em>Fabr.</em></span> <span class='ocrx_word' id='word_1_481' title='bbox 2204 3275 2289 3301; x_wconf 87' lang='lat' dir='ltr'><em>cum</em></span> <span class='ocrx_word' id='word_1_482' title='bbox 2314 3263 2419 3300; x_wconf 89' lang='lat' dir='ltr'><em>Harl.</em></span> <span class='ocrx_word' id='word_1_483' title='bbox 2438 3265 2483 3298; x_wconf 91' lang='lat' dir='ltr'><em>B.</em></span> <span class='ocrx_word' id='word_1_484' title='bbox 2502 3263 2548 3300; x_wconf 87' lang='lat' dir='ltr'><em>G.</em></span> 
     </span>
     <span class='ocr_line' id='line_1_43' title="bbox 292 3324 2551 3376; baseline -0.001 -15"><span class='ocrx_word' id='word_1_485' title='bbox 292 3326 336 3361; x_wconf 88' lang='lat' dir='ltr'><em>T.</em></span> <span class='ocrx_word' id='word_1_486' title='bbox 361 3326 412 3362; x_wconf 90' lang='lat' dir='ltr'><em>X.</em></span> <span class='ocrx_word' id='word_1_487' title='bbox 439 3336 475 3374; x_wconf 89' lang='lat' dir='ltr'><em>p.</em></span> <span class='ocrx_word' id='word_1_488' title='bbox 505 3330 586 3363; x_wconf 85' lang='grc'>346.</span> <span class='ocrx_word' id='word_1_489' title='bbox 613 3337 719 3375; x_wconf 78' lang='lat' dir='ltr'><em>sqq.;</em></span> <span class='ocrx_word' id='word_1_490' title='bbox 746 3327 785 3364; x_wconf 88' lang='lat' dir='ltr'><em>id</em></span> <span class='ocrx_word' id='word_1_491' title='bbox 811 3331 867 3364; x_wconf 87' lang='lat' dir='ltr'><em>est</em></span> <span class='ocrx_word' id='word_1_492' title='bbox 894 3327 1080 3375; x_wconf 77' lang='lat' dir='ltr'><em>lituryia‚</em></span> <span class='ocrx_word' id='word_1_493' title='bbox 1106 3327 1292 3376; x_wconf 78' lang='lat' dir='ltr'><em>hymnus,</em></span> <span class='ocrx_word' id='word_1_494' title='bbox 1317 3330 1556 3375; x_wconf 80' lang='lat' dir='ltr'><em>quaestiones</em></span> <span class='ocrx_word' id='word_1_495' title='bbox 1581 3327 1762 3375; x_wconf 73' lang='lat' dir='ltr'><em>biblicae,</em></span> <span class='ocrx_word' id='word_1_496' title='bbox 1792 3328 2090 3364; x_wconf 78' lang='lat' dir='ltr'><em>commentarius</em></span> <span class='ocrx_word' id='word_1_497' title='bbox 2114 3327 2156 3360; x_wconf 83' lang='lat' dir='ltr'><em>in</em></span> <span class='ocrx_word' id='word_1_498' title='bbox 2179 3327 2380 3371; x_wconf 76' lang='lat' dir='ltr'><em>Marcam,</em></span> <span class='ocrx_word' id='word_1_499' title='bbox 2408 3324 2456 3360; x_wconf 83' lang='lat' dir='ltr'><em>cle</em></span> <span class='ocrx_word' id='word_1_500' title='bbox 2482 3325 2551 3359; x_wconf 84' lang='lat' dir='ltr'><em>mi-</em></span> 
     </span>
     <span class='ocr_line' id='line_1_44' title="bbox 292 3384 2552 3440; baseline -0.001 -19"><span class='ocrx_word' id='word_1_501' title='bbox 292 3384 438 3422; x_wconf 82' lang='lat' dir='ltr'><em>raculis</em></span> <span class='ocrx_word' id='word_1_502' title='bbox 469 3385 633 3423; x_wconf 76' lang='lat' dir='ltr'><em>Christi.</em></span> <span class='ocrx_word' id='word_1_503' title='bbox 665 3387 757 3423; x_wconf 86' lang='lat' dir='ltr'><em>ltem</em></span> <span class='ocrx_word' id='word_1_504' title='bbox 787 3397 856 3423; x_wconf 89' lang='lat' dir='ltr'><em>nos</em></span> <span class='ocrx_word' id='word_1_505' title='bbox 887 3386 1023 3434; x_wconf 88' lang='lat' dir='ltr'><em>Script.</em></span> <span class='ocrx_word' id='word_1_506' title='bbox 1049 3391 1120 3423; x_wconf 89' lang='lat' dir='ltr'><em>vet.</em></span> <span class='ocrx_word' id='word_1_507' title='bbox 1147 3388 1190 3424; x_wconf 90' lang='lat' dir='ltr'><em>T.</em></span> <span class='ocrx_word' id='word_1_508' title='bbox 1218 3387 1299 3423; x_wconf 87' lang='lat' dir='ltr'><em>VII.</em></span> <span class='ocrx_word' id='word_1_509' title='bbox 1329 3398 1366 3434; x_wconf 89' lang='lat' dir='ltr'><em>p.</em></span> <span class='ocrx_word' id='word_1_510' title='bbox 1393 3391 1452 3424; x_wconf 87' lang='lat'><em>73.</em></span> <span class='ocrx_word' id='word_1_511' title='bbox 1483 3386 1731 3440; x_wconf 82' lang='lat' dir='ltr'><em>fragmentum</em></span> <span class='ocrx_word' id='word_1_512' title='bbox 1762 3386 1986 3434; x_wconf 83' lang='lat' dir='ltr'><em>protulimus</em></span> <span class='ocrx_word' id='word_1_513' title='bbox 2012 3386 2180 3432; x_wconf 73' lang='grc' dir='ltr'>Θεοδώρου</span> <span class='ocrx_word' id='word_1_514' title='bbox 2207 3386 2286 3432; x_wconf 63' lang='grc' dir='ltr'><em>περί</em></span> <span class='ocrx_word' id='word_1_515' title='bbox 2310 3387 2552 3432; x_wconf 61' lang='lat' dir='ltr'><em>nortem-1521,</em></span> 
     </span>
     <span class='ocr_line' id='line_1_45' title="bbox 290 3443 2550 3494; baseline -0 -14"><span class='ocrx_word' id='word_1_516' title='bbox 290 3444 354 3491; x_wconf 90' lang='lat' dir='ltr'><em>qui</em></span> <span class='ocrx_word' id='word_1_517' title='bbox 382 3450 507 3481; x_wconf 84' lang='lat' dir='ltr'><em>tamen</em></span> <span class='ocrx_word' id='word_1_518' title='bbox 537 3445 731 3483; x_wconf 83' lang='lat' dir='ltr'><em>raithenus</em></span> <span class='ocrx_word' id='word_1_519' title='bbox 763 3445 942 3492; x_wconf 88' lang='lat' dir='ltr'><em>fortasse,</em></span> <span class='ocrx_word' id='word_1_520' title='bbox 967 3456 1046 3483; x_wconf 93' lang='lat' dir='ltr'><em>non</em></span> <span class='ocrx_word' id='word_1_521' title='bbox 1077 3451 1382 3494; x_wconf 83' lang='lat' dir='ltr'><em>mopsuestenus,</em></span> <span class='ocrx_word' id='word_1_522' title='bbox 1407 3445 1675 3492; x_wconf 80' lang='lat' dir='ltr'><em>intelligendus</em></span> <span class='ocrx_word' id='word_1_523' title='bbox 1702 3451 1770 3483; x_wconf 90' lang='lat' dir='ltr'><em>est.</em></span> <span class='ocrx_word' id='word_1_524' title='bbox 1796 3446 1893 3482; x_wconf 89' lang='lat' dir='ltr'><em>Tum</em></span> <span class='ocrx_word' id='word_1_525' title='bbox 1924 3455 2007 3482; x_wconf 83' lang='lat' dir='ltr'><em>vero</em></span> <span class='ocrx_word' id='word_1_526' title='bbox 2035 3445 2075 3481; x_wconf 90' lang='lat' dir='ltr'><em>in</em></span> <span class='ocrx_word' id='word_1_527' title='bbox 2104 3450 2204 3482; x_wconf 86' lang='lat' dir='ltr'><em>tomo</em></span> <span class='ocrx_word' id='word_1_528' title='bbox 2231 3445 2295 3481; x_wconf 92' lang='lat' dir='ltr'><em>Vl.</em></span> <span class='ocrx_word' id='word_1_529' title='bbox 2322 3443 2453 3491; x_wconf 89' lang='lat' dir='ltr'><em>Script.</em></span> <span class='ocrx_word' id='word_1_530' title='bbox 2481 3449 2550 3479; x_wconf 80' lang='lat' dir='ltr'><em>vet.</em></span> 
     </span>
     <span class='ocr_line' id='line_1_46' title="bbox 291 3498 2554 3553; baseline -0 -13"><span class='ocrx_word' id='word_1_531' title='bbox 291 3507 374 3550; x_wconf 89' lang='lat' dir='ltr'><em>post</em></span> <span class='ocrx_word' id='word_1_532' title='bbox 398 3504 685 3543; x_wconf 85' lang='lat' dir='ltr'><em>commentarios</em></span> <span class='ocrx_word' id='word_1_533' title='bbox 709 3504 751 3542; x_wconf 76' lang='lat' dir='ltr'><em>in</em></span> <span class='ocrx_word' id='word_1_534' title='bbox 771 3500 860 3543; x_wconf 80' lang='grc' dir='ltr'><em>ΧΠ.</em></span> <span class='ocrx_word' id='word_1_535' title='bbox 891 3505 1053 3542; x_wconf 87' lang='lat' dir='ltr'><em>minores</em></span> <span class='ocrx_word' id='word_1_536' title='bbox 1080 3505 1297 3553; x_wconf 87' lang='lat' dir='ltr'><em>prophetas,</em></span> <span class='ocrx_word' id='word_1_537' title='bbox 1323 3498 1395 3542; x_wconf 81' lang='lat' dir='ltr'><em>alia</em></span> <span class='ocrx_word' id='word_1_538' title='bbox 1419 3505 1670 3552; x_wconf 85' lang='lat' dir='ltr'><em>Mopsuesteni</em></span> <span class='ocrx_word' id='word_1_539' title='bbox 1696 3504 1840 3552; x_wconf 87' lang='lat' dir='ltr'><em>copiosa</em></span> <span class='ocrx_word' id='word_1_540' title='bbox 1863 3504 2068 3552; x_wconf 86' lang='lat' dir='ltr'><em>fragmenta</em></span> <span class='ocrx_word' id='word_1_541' title='bbox 2096 3504 2343 3548; x_wconf 86' lang='lat' dir='ltr'><em>attexuimus,</em></span> <span class='ocrx_word' id='word_1_542' title='bbox 2369 3513 2463 3551; x_wconf 87' lang='lat' dir='ltr'><em>quae</em></span> <span class='ocrx_word' id='word_1_543' title='bbox 2490 3512 2554 3549; x_wconf 92' lang='lat' dir='ltr'><em>po·</em></span> 
     </span>
     <span class='ocr_line' id='line_1_47' title="bbox 291 3562 2553 3611; baseline -0 -13"><span class='ocrx_word' id='word_1_544' title='bbox 291 3566 367 3599; x_wconf 85' lang='lat' dir='ltr'><em>stea</em></span> <span class='ocrx_word' id='word_1_545' title='bbox 389 3562 499 3609; x_wconf 89' lang='lat' dir='ltr'><em>plena</em></span> <span class='ocrx_word' id='word_1_546' title='bbox 518 3573 636 3600; x_wconf 84' lang='lat' dir='ltr'><em>manu</em></span> <span class='ocrx_word' id='word_1_547' title='bbox 658 3563 885 3601; x_wconf 82' lang='lat' dir='ltr'><em>cumulaturi</em></span> <span class='ocrx_word' id='word_1_548' title='bbox 909 3574 1050 3601; x_wconf 89' lang='lat' dir='ltr'><em>sumus.</em></span> <span class='ocrx_word' id='word_1_549' title='bbox 1079 3565 1172 3600; x_wconf 81' lang='lat' dir='ltr'><em>Item</em></span> <span class='ocrx_word' id='word_1_550' title='bbox 1194 3569 1284 3601; x_wconf 89' lang='lat' dir='ltr'><em>tom.</em></span> <span class='ocrx_word' id='word_1_551' title='bbox 1305 3565 1335 3600; x_wconf 94' lang='lat'><em>1.</em></span> <span class='ocrx_word' id='word_1_552' title='bbox 1354 3563 1393 3600; x_wconf 87' lang='lat' dir='ltr'><em>in</em></span> <span class='ocrx_word' id='word_1_553' title='bbox 1416 3564 1479 3600; x_wconf 82' lang='lat' dir='ltr'><em>cit.</em></span> <span class='ocrx_word' id='word_1_554' title='bbox 1498 3563 1611 3611; x_wconf 84' lang='lat' dir='ltr'><em>praef.</em></span> <span class='ocrx_word' id='word_1_555' title='bbox 1638 3562 1798 3600; x_wconf 85' lang='lat' dir='ltr'><em>diximus</em></span> <span class='ocrx_word' id='word_1_556' title='bbox 1822 3574 1934 3611; x_wconf 87' lang='lat' dir='ltr'><em>quam</em></span> <span class='ocrx_word' id='word_1_557' title='bbox 1956 3562 2094 3600; x_wconf 85' lang='lat' dir='ltr'><em>frustra</em></span> <span class='ocrx_word' id='word_1_558' title='bbox 2114 3562 2223 3600; x_wconf 89' lang='lat' dir='ltr'><em>multi</em></span> <span class='ocrx_word' id='word_1_559' title='bbox 2247 3562 2406 3599; x_wconf 86' lang='lat' dir='ltr'><em>dixerint</em></span> <span class='ocrx_word' id='word_1_560' title='bbox 2430 3566 2553 3606; x_wconf 90' lang='lat' dir='ltr'><em>(nunc</em></span> 
     </span>
     <span class='ocr_line' id='line_1_48' title="bbox 292 3622 2552 3671; baseline 0 -15"><span class='ocrx_word' id='word_1_561' title='bbox 292 3625 418 3658; x_wconf 81' lang='lat' dir='ltr'><em>tamen</em></span> <span class='ocrx_word' id='word_1_562' title='bbox 439 3622 625 3670; x_wconf 84' lang='lat' dir='ltr'><em>Allatium</em></span> <span class='ocrx_word' id='word_1_563' title='bbox 647 3623 810 3671; x_wconf 86' lang='lat' dir='ltr'><em>excipio)</em></span> <span class='ocrx_word' id='word_1_564' title='bbox 828 3624 1130 3671; x_wconf 80' lang='lat' dir='ltr'><em>Mopsuestenum</em></span> <span class='ocrx_word' id='word_1_565' title='bbox 1152 3623 1342 3670; x_wconf 88' lang='lat' dir='ltr'><em>scripsisse</em></span> <span class='ocrx_word' id='word_1_566' title='bbox 1363 3622 1491 3660; x_wconf 84' lang='lat' dir='ltr'><em>decem</em></span> <span class='ocrx_word' id='word_1_567' title='bbox 1511 3622 1613 3660; x_wconf 90' lang='lat' dir='ltr'><em>milia</em></span> <span class='ocrx_word' id='word_1_568' title='bbox 1633 3622 1827 3660; x_wconf 90' lang='lat' dir='ltr'><em>librorum.</em></span> <span class='ocrx_word' id='word_1_569' title='bbox 1855 3623 1947 3670; x_wconf 90' lang='lat' dir='ltr'><em>Quis</em></span> <span class='ocrx_word' id='word_1_570' title='bbox 1963 3623 2062 3659; x_wconf 86' lang='lat' dir='ltr'><em>enim</em></span> <span class='ocrx_word' id='word_1_571' title='bbox 2081 3623 2156 3659; x_wconf 90' lang='lat' dir='ltr'><em>iam</em></span> <span class='ocrx_word' id='word_1_572' title='bbox 2177 3623 2314 3668; x_wconf 87' lang='lat' dir='ltr'><em>nescit,</em></span> <span class='ocrx_word' id='word_1_573' title='bbox 2335 3622 2552 3670; x_wconf 77' lang='lat' dir='ltr'><em>myriadem</em></span> 
     </span>
     <span class='ocr_line' id='line_1_49' title="bbox 293 3678 1728 3729; baseline 0.002 -15"><span class='ocrx_word' id='word_1_574' title='bbox 293 3678 366 3715; x_wconf 87' lang='lat' dir='ltr'><em>dici</em></span> <span class='ocrx_word' id='word_1_575' title='bbox 390 3690 412 3717; x_wconf 87' lang='lat' dir='ltr'><em>a</em></span> <span class='ocrx_word' id='word_1_576' title='bbox 435 3681 588 3718; x_wconf 87' lang='lat' dir='ltr'><em>Graecis</em></span> <span class='ocrx_word' id='word_1_577' title='bbox 611 3682 865 3729; x_wconf 78' lang='lat' dir='ltr'><em>proplurimo</em></span> <span class='ocrx_word' id='word_1_578' title='bbox 890 3692 1064 3726; x_wconf 78' lang='lat' dir='ltr'><em>flumem,</em></span> <span class='ocrx_word' id='word_1_579' title='bbox 1091 3686 1134 3718; x_wconf 84' lang='lat' dir='ltr'><em>ut</em></span> <span class='ocrx_word' id='word_1_580' title='bbox 1159 3692 1180 3718; x_wconf 91' lang='lat' dir='ltr'><em>a</em></span> <span class='ocrx_word' id='word_1_581' title='bbox 1204 3682 1349 3719; x_wconf 89' lang='lat' dir='ltr'><em>Latinis</em></span> <span class='ocrx_word' id='word_1_582' title='bbox 1371 3681 1579 3719; x_wconf 76' lang='lat' dir='ltr'><em>sexcenta?</em></span> <span class='ocrx_word' id='word_1_583' title='bbox 1602 3684 1648 3718; x_wconf 84' lang='grc' dir='ltr'><em>Α.</em></span> <span class='ocrx_word' id='word_1_584' title='bbox 1675 3683 1728 3718; x_wconf 91' lang='lat' dir='ltr'><em>M.</em></span> 
     </span>
    </p>

    <p class='ocr_par' dir='ltr' id='par_1_10' title="bbox 377 3739 2552 3788">
     <span class='ocr_line' id='line_1_50' title="bbox 377 3739 2552 3788; baseline -0 -14"><span class='ocrx_word' id='word_1_585' title='bbox 377 3741 428 3782; x_wconf 82' lang='lat'><em>(5)</em></span> <span class='ocrx_word' id='word_1_586' title='bbox 451 3740 562 3776; x_wconf 83' lang='lat' dir='ltr'><em>Hunc</em></span> <span class='ocrx_word' id='word_1_587' title='bbox 590 3740 748 3788; x_wconf 89' lang='lat' dir='ltr'><em>ipsemet</em></span> <span class='ocrx_word' id='word_1_588' title='bbox 778 3740 854 3778; x_wconf 90' lang='lat' dir='ltr'><em>vidi</em></span> <span class='ocrx_word' id='word_1_589' title='bbox 881 3740 1057 3788; x_wconf 87' lang='lat' dir='ltr'><em>appellari</em></span> <span class='ocrx_word' id='word_1_590' title='bbox 1088 3740 1198 3777; x_wconf 89' lang='lat' dir='ltr'><em>modo</em></span> <span class='ocrx_word' id='word_1_591' title='bbox 1229 3740 1439 3778; x_wconf 78' lang='lat' dir='ltr'><em>Diodorum</em></span> <span class='ocrx_word' id='word_1_592' title='bbox 1469 3740 1579 3778; x_wconf 92' lang='lat' dir='ltr'><em>modo</em></span> <span class='ocrx_word' id='word_1_593' title='bbox 1615 3741 1877 3787; x_wconf 80' lang='lat' dir='ltr'><em>Theodorum,</em></span> <span class='ocrx_word' id='word_1_594' title='bbox 1902 3741 1942 3778; x_wconf 88' lang='lat' dir='ltr'><em>in</em></span> <span class='ocrx_word' id='word_1_595' title='bbox 1970 3751 2059 3778; x_wconf 92' lang='lat' dir='ltr'><em>mss.</em></span> <span class='ocrx_word' id='word_1_596' title='bbox 2086 3741 2300 3788; x_wconf 82' lang='lat' dir='ltr'><em>praesertim</em></span> <span class='ocrx_word' id='word_1_597' title='bbox 2331 3739 2483 3788; x_wconf 84' lang='lat' dir='ltr'><em>syriacis</em></span> <span class='ocrx_word' id='word_1_598' title='bbox 2511 3749 2552 3774; x_wconf 83' lang='lat' dir='ltr'><em>ex</em></span> 
     </span>
    </p>
   </div>
   <div class='ocr_carea' id='block_1_6' title="bbox 291 3798 2550 3907">
    <p class='ocr_par' dir='ltr' id='par_1_11' title="bbox 291 3798 2550 3907">
     <span class='ocr_line' id='line_1_51' title="bbox 294 3798 2550 3896; baseline 0.002 -65"><span class='ocrx_word' id='word_1_599' title='bbox 294 3806 424 3841; x_wconf 85' lang='lat' dir='ltr'><em>graeco</em></span> <span class='ocrx_word' id='word_1_600' title='bbox 444 3799 650 3844; x_wconf 88' lang='lat' dir='ltr'><em>conversis;</em></span> <span class='ocrx_word' id='word_1_601' title='bbox 677 3804 714 3836; x_wconf 90' lang='lat' dir='ltr'><em>et</em></span> <span class='ocrx_word' id='word_1_602' title='bbox 734 3799 884 3847; x_wconf 89' lang='lat' dir='ltr'><em>quidem</em></span> <span class='ocrx_word' id='word_1_603' title='bbox 910 3799 1097 3837; x_wconf 90' lang='lat' dir='ltr'><em>interdum</em></span> <span class='ocrx_word' id='word_1_604' title='bbox 1120 3801 1159 3836; x_wconf 87' lang='lat' dir='ltr'><em>in</em></span> <span class='ocrx_word' id='word_1_605' title='bbox 1169 3799 1281 3896; x_wconf 69' lang='lat' dir='ltr'><em>Aillis1</em></span> <span class='ocrx_word' id='word_1_606' title='bbox 1287 3800 1398 3837; x_wconf 86' lang='lat' dir='ltr'><em>etiam</em></span> <span class='ocrx_word' id='word_1_607' title='bbox 1428 3800 1605 3838; x_wconf 85' lang='lat' dir='ltr'><em>Iohannis</em></span> <span class='ocrx_word' id='word_1_608' title='bbox 1631 3801 1887 3846; x_wconf 85' lang='lat' dir='ltr'><em>caesariensis,</em></span> <span class='ocrx_word' id='word_1_609' title='bbox 1913 3811 2071 3848; x_wconf 85' lang='lat' dir='ltr'><em>quorum</em></span> <span class='ocrx_word' id='word_1_610' title='bbox 2096 3800 2302 3848; x_wconf 83' lang='lat' dir='ltr'><em>fragmenta</em></span> <span class='ocrx_word' id='word_1_611' title='bbox 2328 3798 2550 3847; x_wconf 85' lang='lat' dir='ltr'><em>protulimus</em></span> 
     </span>
     <span class='ocr_line' id='line_1_52' title="bbox 291 3854 1140 3907; baseline 0.008 -17"><span class='ocrx_word' id='word_1_612' title='bbox 291 3854 332 3890; x_wconf 90' lang='lat' dir='ltr'><em>in</em></span> <span class='ocrx_word' id='word_1_613' title='bbox 359 3865 442 3892; x_wconf 89' lang='lat' dir='ltr'><em>nov.</em></span> <span class='ocrx_word' id='word_1_614' title='bbox 468 3855 562 3893; x_wconf 87' lang='lat' dir='ltr'><em>bibl.</em></span> <span class='ocrx_word' id='word_1_615' title='bbox 588 3858 658 3894; x_wconf 90' lang='lat' dir='ltr'><em>PP.</em></span> <span class='ocrx_word' id='word_1_616' title='bbox 686 3859 728 3894; x_wconf 93' lang='lat' dir='ltr'><em>T.</em></span> <span class='ocrx_word' id='word_1_617' title='bbox 757 3859 818 3895; x_wconf 86' lang='lat' dir='ltr'><em>IV.</em></span> <span class='ocrx_word' id='word_1_618' title='bbox 849 3860 1015 3907; x_wconf 79' lang='lat' dir='ltr'><em>itemque</em></span> <span class='ocrx_word' id='word_1_619' title='bbox 1039 3859 1140 3897; x_wconf 87' lang='lat' dir='ltr'><em>alibi.</em></span> 
     </span>
    </p>
   </div>
   <div class='ocr_carea' id='block_1_7' title="bbox 2274 3930 2319 3963">
    <p class='ocr_par' dir='ltr' id='par_1_12' title="bbox 2274 3930 2319 3963">
     <span class='ocr_line' id='line_1_53' title="bbox 2274 3930 2319 3963; baseline 0 0"><span class='ocrx_word' id='word_1_620' title='bbox 2274 3930 2319 3963; x_wconf 88' lang='lat'><em>18</em></span> 
     </span>
    </p>
   </div>
  </div>
 </body>
</html>
