2970 4420
1212 264 1268 294 m:
1301 262 1574 302 rniroumus.
2456 254 2517 298 47

613 346 707 402 Ον
743 345 792 400 δ’
830 346 1022 409 ἄλλοις
1059 347 1227 423 ἐφόρει
1264 348 1626 412 νεκυοστόλον,
1658 347 1814 411 αὐτὸς
1853 349 1924 415 ἐφ’
1961 350 2101 422 αὐτῷ

717 422 994 482 Ἀσκοίντην
1031 426 1054 478 ὁ
1090 424 1252 500 γέρων
1289 426 1610 498 ἅχθοφορων
1648 423 1857 481 ἔλαθεν.

403 500 587 546 XXXII.
627 499 761 546 Philo
783 499 976 547 Ausonii
999 498 1347 563 burdegalensis
1370 509 1672 564 procurator,
1697 502 1829 548 cuius
1853 516 2038 549 causam
2060 503 2159 564 ipse
2182 502 2373 549 Paulino
2395 520 2521 551 com-

275 580 439 632 mittit,
474 585 522 623 ut
556 576 681 640 apud
714 575 1062 640 Hebromagum
1094 593 1226 624 more
1254 577 1496 628 habitandi
1529 579 1589 626 ad
1610 577 1912 625 commodum
1943 595 2079 626 suum
2113 587 2296 634 utatur,
2326 583 2522 644 navique

274 654 482 718 praebita
516 653 662 716 frugis
704 653 1043 716 aliquantulum
1077 655 1138 701 ad
1178 656 1487 702 Lucaniacum
1529 655 1728 703 advehat
1748 691 1761 710 ,
1799 671 1938 718 quem
1969 672 2076 703 cum
2115 658 2214 720 ipse
2245 615 2522 705 adamussim

273 732 499 794 pinxerit,
528 746 627 777 non
656 730 1016 793 dedignabimur
1046 740 1094 778 et
1127 746 1213 778 nos
1242 732 1340 778 eius
1371 732 1448 778 hic
1476 731 1617 779 verba
1652 732 1912 780 exscribere
1946 748 2003 794 ex
2032 734 2228 796 epistola
2259 735 2400 780 XXII.

816 807 981 855 Philon
1016 823 1147 855 meus
1181 809 1262 870 qui
1294 807 1523 856 villicatus
1556 809 1784 872 praediis,

913 887 973 933 Ut
1007 888 1106 949 ipse
1137 885 1239 933 vult
1271 870 1539 949 epitropos,

814 966 930 1011 Nam
966 964 1223 1026 gloriosum
1253 963 1496 1025 graeculus
1530 979 1703 1012 nomen
1741 974 1874 1027 putat.
1927 987 1931 992 ·

911 1030 1048 1096 Quod
1082 1055 1236 1087 sermo
1270 1039 1395 1086 fucat
1429 1040 1643 1096 doricus,

817 1120 921 1165 Suis
954 1118 1158 1180 querelis
1191 1118 1351 1163 asserit
1382 1126 1563 1165 nostras
1595 1134 1781 1181 preces:

909 1195 1033 1250 Quas
1065 1195 1163 1256 ipse
1196 1194 1348 1240 lentus
1380 1209 1657 1257 prosequor.

815 1271 1004 1318 Videbis
1035 1272 1198 1324 istum,
1226 1271 1377 1332 qualis
1409 1279 1526 1318 astet
1560 1273 1846 1335 comminuS,

908 1350 1068 1411 Imago
1102 1347 1319 1394 fortunae
1353 1362 1480 1395 suae.

763 1452 766 1455 -
815 1426 989 1479 Canus,
1021 1439 1264 1478 comosus,
1296 1424 1532 1487 hispidus,
1565 1433 1698 1480 trux,
1733 1425 1941 1488 attubuS‚

908 1503 1207 1549 Terentianus
1239 1503 1485 1555 Phormio,

812 1581 1020 1626 Horrens
1057 1580 1237 1642 capillis
1271 1588 1324 1626 ut
1358 1580 1564 1626 marinus
1599 1581 1773 1642 asperis

909 1657 1140 1710 Echinus,
1176 1665 1255 1703 aut
1291 1672 1451 1703 versus
1485 1657 1595 1705 mei.

747 1720 752 1726 ⁵
813 1734 900 1779 Hic
933 1747 1069 1795 saepe
1104 1732 1246 1779 salsus
1277 1732 1506 1780 messibus
1538 1732 1874 1799 vegrandibus,

907 1812 1089 1857 Nomen
1125 1826 1321 1872 perosus
1354 1810 1524 1864 villici,

812 1883 1025 1934 Semente
1058 1903 1183 1942 sera,
1211 1889 1307 1935 sive
1339 1888 1541 1935 multum
1575 1903 1836 1952 praecoqua
1851 1923 1863 1941 ,

907 1967 965 2012 Et
996 1965 1186 2012 siderali
1222 1967 1430 2020 inscitia,
1586 1954 1589 1955 ⁷

813 2042 1002 2089 Caelum
1037 2042 1288 2098 lacessens,
1315 2059 1455 2106 seque
1491 2043 1656 2106 culpae
1688 2043 1990 2100 subtrahens,

871 2155 874 2158 Δ
908 2120 1028 2170 Reos
1061 2121 1242 2181 peregit
1275 2121 1475 2168 caelites.
1917 2139 1923 2144 ·
2359 2142 2380 2170 e

813 2198 918 2243 Non
954 2196 1109 2243 cultor
1146 2199 1344 2253 instans,
1374 2203 1471 2246 non
1504 2207 1663 2246 arator
1696 2201 1932 2262 gnaruris,

907 2274 1195 2337 Promusque
1229 2291 1371 2337 quam
1406 2276 1586 2323 condus
1618 2279 1789 2339 magis,

813 2353 1002 2398 Terram
1033 2351 1273 2399 infidelem
1305 2368 1390 2400 nec
1424 2353 1626 2401 feracem
1661 2356 1934 2410 criminans,

909 2430 1144 2491 Negotiari
1179 2431 1344 2477 maluit
1375 2440 1465 2478 etc

395 2507 600 2553 XXXIII.
639 2505 771 2552 Philo
796 2507 1070 2562 statuarius,
1097 2509 1228 2554 cuius
1249 2509 1462 2554 meminit
1487 2508 1663 2556 Plinius
1690 2509 1774 2556 lib.
1804 2512 2003 2556 XXXIV.
2038 2511 2112 2556 19.
2140 2510 2511 2574 Perzclymenus,

270 2582 462 2632 thlon,
494 2581 730 2632 Simenus,
764 2580 1030 2629 Timotheus
1061 2592 1148 2630 etc.
1186 2586 1336 2632 Huius
1365 2601 1485 2648 opus
1514 2585 1603 2633 fuit
1626 2587 1964 2647 Hephaestion,
1994 2596 2045 2633 ut
2069 2586 2209 2633 refert
2232 2590 2442 2635 Tatianus
2470 2590 2516 2634 in

268 2661 479 2746 oratione
512 2667 674 2705 contra
702 2660 901 2706 Graecos
934 2675 1036 2723 cap.
1066 2662 1145 2708 34.
1185 2649 1274 2705 δια
1300 2650 1356 2705 τί
1383 2675 1468 2709 την
1492 2653 1854 2719 ΜΗφαισΎιωνος
1886 2655 1974 2707 οὐκ
2001 2651 2232 2708 αἰδεῖσθε
2261 2660 2513 2729 πορνειᾝαν

271 2750 354 2781 και
395 2726 451 2779 εἷ
476 2724 603 2779 πάνυ
638 2729 810 2780 Φίλων
847 2725 996 2781 αὐτὸν
1032 2729 1059 2755 *
1097 2727 1336 2798 ἐντέχνως
1369 2730 1536 2796 ποιεῖς
2561 2738 2781 2775 commmu-

397 2813 600 2858 XXXIV.
636 2813 824 2872 Legitur
858 2821 904 2859 et
937 2815 1062 2875 apud
1100 2816 1352 2862 Lucianum
1392 2818 1441 2863 in
1475 2817 1664 2879 dialogo
1698 2820 1886 2879 Myrtii‚
1927 2820 2184 2880 Pamphili,
2225 2828 2268 2865 et
2303 2821 2510 2871 Doridis,

269 2889 403 2935 Philo
427 2888 618 2951 quidam
637 2888 976 2950 alopecensisffi
1004 2892 1095 2936 Et
1083 2907 1130 2937 m
1150 2892 1427 2939 Charidemo
1445 2893 1657 2955 dialogo,
1680 2896 1775 2941 sive
1797 2895 1856 2941 de
1880 2896 2251 2957 pulchritudine,
2271 2898 2308 2943 si
2331 2899 2515 2943 Luciani
2561 2897 2723 2970 pssdffilffist·
2715 2895 2838 2960 tTniin

269 2975 424 3013 tamen
450 2966 531 3012 ille
556 2966 770 3028 dialogus
797 2973 888 3020 est,
915 2966 1049 3014 Philo
1071 2968 1199 3014 alius
1229 2970 1390 3015 Diniae
1421 2969 1572 3025 filius,
1604 2972 1684 3033 qui
1714 2973 1893 3033 primus
1917 2973 2038 3018 inter
2065 2975 2282 3020 convivas
2308 2973 2517 3035 pulchri·
2560 2976 2590 3005 Ρ·
2611 2973 2644 2997 ⁶²
2646 2974 2672 2996 ⁰

268 3043 442 3089 tudinis
466 3042 628 3089 laudes
660 3043 872 3089 oratione
904 3043 1061 3091 habita
1096 3053 1335 3092 exsecutus
1366 3055 1458 3099 est;
1492 3046 1890 3108 quemadmodum
1921 3058 1966 3095 et
2002 3049 2127 3111 apud
2159 3050 2515 3112 Aristophanem

267 3121 316 3166 in
343 3118 546 3166 nubibus
569 3119 704 3165 Philo
726 3122 885 3182 auriga
906 3136 952 3166 v.
976 3122 1061 3167 25·
1089 3116 1291 3174 Φίλων,
1316 3109 1526 3174 ἀδικεῖς·
1555 3111 1734 3169 ἔλαυνε
1759 3136 1844 3169 τον
1873 3116 2058 3169 σαυὟου
2083 3113 2284 3188 δρόμον.
2315 3128 2371 3174 Et
2398 3129 2514 3174 alius

269 3198 393 3259 apud
426 3194 732 3243 Menandrum
765 3198 813 3243 in
849 3199 1167 3261 Hippocomo‚
1199 3208 1249 3246 ut
1280 3200 1495 3247 nonnulli
1522 3201 1704 3248 codices
1728 3203 1867 3248 etiam
1900 3206 2197 3278 manuscripti
2227 3206 2274 3252 in
2299 3207 2514 3268 Diogenis

268 3275 434 3320 Laertii
466 3275 673 3321 Monimo
696 3274 779 3320 lib.
808 3276 884 3321 VI.
915 3276 994 3321 83.
1021 3276 1205 3338 legunt:
1243 3265 1482 3337 Μόνιμός
1515 3290 1592 3329 τις
1628 3292 1683 3325 νιν
1719 3266 2017 3341 ἅνθρωπος,
2045 3275 2082 3323 ὠ
2111 3274 2310 3335 Φι’,λων
2342 3272 2510 3339 σοφός.

268 3351 356 3405 Qui
391 3366 500 3396 cum
529 3352 756 3398 incertum
791 3353 872 3406 sit,
902 3368 961 3399 an
994 3354 1227 3400 extiterint
1259 3355 1307 3400 in
1340 3369 1497 3400 rerum
1529 3363 1716 3409 natura,
1753 3371 1811 3401 an
1844 3371 1958 3403 vero
1991 3357 2173 3405 licentia
2202 3361 2357 3407 omnia
2390 3377 2513 3407 com·

268 3427 473 3489 ponendi
509 3428 761 3476 dramatica
797 3430 936 3476 efficti
971 3430 1164 3484 fuerint,
1192 3446 1286 3478 non
1318 3433 1554 3478 immerito
1587 3447 1667 3478 eos
1692 3448 1747 3478 ex
1782 3433 1871 3479 hoc
1894 3434 2141 3481 Philonum
2167 3436 2276 3484 albo
2307 3439 2513 3485 excludi-

230 3520 236 3535 ·
269 3519 387 3549 mus.
425 3506 550 3551 Sicut
573 3514 620 3551 et
643 3506 885 3552 Philonem
908 3508 1275 3553 commentitium
1297 3508 1499 3556 Thomae
1529 3508 1869 3556 Aldobrandini
1884 3545 1895 3564 ‚
1923 3514 2003 3573 qui
2025 3514 2073 3557 in
2097 3514 2190 3559 vita
2212 3514 2511 3578 Theophrasti

266 3581 392 3642 apud
417 3583 669 3644 Diogenem
691 3585 923 3631 Laertium
957 3585 1196 3631 Philonem
1223 3587 1378 3632 nescio
1401 3602 1541 3648 quem
1567 3588 1913 3650 corrumpendo
1945 3597 2121 3636 textum
2146 3607 2365 3654 graecum
2393 3596 2512 3640 inter

268 3658 620 3720 theophrasteos
654 3661 908 3724 discipulos
949 3671 1178 3709 numerat.
1217 3665 1398 3726 Quippe
1432 3665 1613 3711 Philion
1653 3665 1732 3712 ille
1766 3666 1852 3713 fuit
1884 3667 2191 3730 alopecensis‚
2230 3685 2323 3716 non
2358 3672 2505 3717 Philo.

266 3734 351 3779 His
383 3736 523 3796 igitur
556 3739 758 3792 omissis,
786 3740 866 3801 qui
901 3735 1105 3803 scriptis,
1134 3738 1263 3802 q'uod
1296 3755 1384 3802 ego
1416 3742 1578 3796 sciam,
1607 3741 1721 3788 nihil
1744 3743 2048 3798 mandarunt,
2075 3745 2133 3791 ad
2166 3762 2245 3794 eos
2271 3757 2511 3795 converta-

266 3824 371 3856 mus
403 3814 684 3867 orationem,
712 3816 791 3876 qui
823 3818 1135 3863 monumentis
1168 3816 1338 3863 famam
1373 3817 1498 3880 apud
1533 3827 1744 3881 posteros
1777 3823 2009 3868 consecuti
2040 3831 2161 3869 sunt.
