2970 4420
0 3336 18 3387 ..wa
7 3294 12 3299 -
11 3236 13 3239 -
8 3191 18 3210 -,
3 3108 19 3138 ,41
12 3069 19 3092 «,.
8 3036 13 3046 Α·
0 3006 10 3019 k'
0 2953 3 2956 ’

19 3379 23 3383 ”
22 3291 29 3300 ·-
22 3206 30 3258 A·
21 3120 39 3147 J]
23 3018 25 3022 ·
31 2924 33 2926 .
28 2879 36 2885 .

8 3983 35 4020 r·
0 3394 36 3955 *fr-«aw-ersnv-Qm
21 3360 29 3368 .
11 3244 39 3302 ,1,

1243 267 1300 297 m:
1332 265 1596 298 Tnaonoms.
1917 306 1921 310 ,
1995 296 1997 298 ,
2076 275 2098 300 ,κ
2465 252 2554 298 135

286 363 338 402 et
376 355 491 419 dum
531 354 650 399 facta
690 351 778 399 sibi
819 352 1047 414 tantisper
1088 351 1305 399 facultate
1340 368 1365 399 a
1405 350 1674 399 monasterii
1712 348 1972 412 praefectO,
2010 349 2057 394 in
2095 347 2214 395 urbe
2248 358 2485 404 versatur,
2512 353 2562 397 in

290 441 603 479 transversum
631 431 804 492 agitur,
833 437 877 475 et
901 430 1050 476 carnis
1073 429 1306 476 illecebris
1327 430 1556 483 irretitus,
1585 428 1911 479 Hermionem,
1939 440 2084 487 quam
2110 425 2426 474 ardentissime
2452 428 2563 475 ada·
2614 415 2618 423 ¹

292 516 527 560 maverat‚
555 509 694 554 etiam
731 507 1029 554 matrimonio
1063 507 1149 554 sibi
1180 508 1462 569 coniungere
1494 504 1704 569 parabat.
1741 505 1827 550 Hic
1860 504 2039 566 primus
2073 502 2304 548 Theodori
2341 504 2433 548 iam
2461 520 2560 551 mo

295 585 430 632 nachi
466 585 622 647 lapsus
654 584 703 629 in
735 584 944 630 luxuriae
978 600 1203 639 coenum,
1231 593 1284 630 ut
1319 584 1676 644 Clirysostomus
1712 582 1812 643 ipse
1847 588 2004 631 notat,
2041 593 2129 630 *τῆς
2168 588 2254 630 σῆς
2290 567 2464 638 ψυχῆς
2499 569 2560 624 το

293 652 490 724 πρωᾰον
523 673 769 712 amovens
800 674 997 721 πτωμα
1033 662 1153 707 Ante
1186 676 1327 723 quam
1350 675 1465 706 vero
1489 661 1537 705 in
1567 673 1777 706 eremum
1806 656 2062 709 secederet,
2091 656 2328 702 immerito
2350 657 2563 703 eiusdem

291 740 426 786 coeni
461 747 507 784 et
537 738 854 800 impudicitiae
881 753 905 784 a
939 739 1108 785 Savilio
1142 737 1465 791 insimulatur,
1493 738 1573 798 qui
1607 749 1855 799 perperam
1888 734 2064 796 accepit
2094 734 2142 778 in
2179 732 2348 778 malam
2382 743 2564 795 partem

291 815 418 861 illud
455 805 527 866 εἷς
561 805 783 877 μουσεῖα
815 806 1084 870 φοιτῶντι,
1121 823 1344 877 putatque
1377 804 1600 874 μουσεῖα
1636 813 1776 859 fuisse
1800 810 2073 858 Antiochiae
2110 810 2212 855 loca
2246 809 2564 872 voluptatibus

290 901 338 939 et
370 893 584 939 lasciviae
616 892 790 945 dicata,
827 908 946 954 quae
977 892 1252 939 Theodorus
1283 891 1551 938 adolescens
1585 875 1928 952 frequentaret;
1967 903 2073 934 cum
2108 885 2173 932 ibi
2207 886 2564 948 Chrysostomus

289 970 461 1016 usitato
481 970 666 1016 Graecis
690 969 925 1016 vocabulo
946 969 1112 1016 ludum
1135 969 1412 1015 litterarium
1439 969 1671 1020 nominet,
1696 965 2094 1030 quemadmodum
2118 965 2167 1009 in
2192 963 2390 1026 epistola
2413 965 2563 1026 prima

282 1047 304 1108 (
325 1046 438 1092 edit.
470 1048 520 1093 Τ.
551 1048 587 1092 Ι.
622 1063 669 1109 p.
669 1048 780 1092 28.
803 1047 817 1109 )
854 1047 914 1092 ad
948 1046 1151 1093 eundem
1184 1045 1481 1091 Theodorum
1519 1045 1578 1091 de
1613 1044 1787 1092 Urbani
1822 1043 2062 1107 phoenicis
2097 1040 2195 1087 filio
2230 1041 2357 1086 idem
2391 1057 2563 1088 nomen

289 1123 347 1170 a'd
384 1139 485 1170 rem
518 1124 793 1170 litterariam
828 1122 1179 1185 significandam
1215 1123 1371 1168 sumit.
1412 1108 1577 1173 Οὗτος
1609 1111 1666 1165 τὸ
1703 1110 1796 1183 μὲν
1830 1132 2024 1185 πρωτον
2063 1106 2330 1182 ἔρῥῶσθαι
2368 1107 2562 1162 «πολλοι

287 1190 407 1251 ταῖς
445 1190 492 1244 ἐν
527 1214 639 1251 τοις
674 1195 936 1275 μουσείοις
974 1187 1277 1264 διατριβαῖς
1315 1187 1478 1243 ειπών
1514 1198 1610 1244 Ηιο
1635 1215 1853 1262 przmum
1886 1196 2080 1260 quedem
2116 1196 2312 1258 longum
2350 1195 2453 1241 vale
2487 1193 2563 1240 dl-

288 1293 396 1322 eens
431 1275 729 1326 scholasti'czs
762 1271 1178 1326 exercitamentzs,
1218 1277 1312 1342 suis
1347 1276 1517 1322 deinde
1553 1277 1678 1322 visus
1713 1285 1781 1322 est
1818 1274 2022 1325 inutilis,
2059 1273 2283 1334 quoniam
2322 1280 2374 1317 ut
2407 1272 2562 1317 statim

288 1353 649 1416 Chrysostomus
685 1354 841 1406 addit,
879 1343 971 1417 πρὸ
1010 1341 1142 1418 ὠρας
1175 1365 1272 1397 των
1307 1366 1417 1414 περι
1456 1341 1575 1404 τοὺς
1605 1341 1786 1403 λόΓους
1821 1339 1978 1396 πόνων
2016 1335 2374 1400 ἀποπηδήσας,
2398 1335 2560 1409 μηδέν

290 1420 491 1474 ἐκεῖθεν
528 1419 904 1492 καρπώσασθαι
932 1417 1170 1477 ἐδυνκὸκ
1208 1431 1530 1494 Praepropere
1564 1429 1818 1476 lz'tterarlz's
1844 1427 2088 1474 laborabas
2112 1443 2170 1472 re
2198 1425 2456 1476 sabeluoez't,
2489 1437 2560 1470 zta

287 1520 341 1553 ut
368 1508 479 1554 znde
505 1507 633 1554 ηιΙιίί
655 1508 889 1555 ιιιιᾚίιῑαιις
907 1519 1191 1572 perc-eperzt.
1230 1500 1322 1553 Et
1307 1524 1357 1554 ln
1381 1507 1613 1571 psalmum
1644 1515 1887 1569 quartum.
1928 1495 2019 1548 οὐκ
2049 1495 2118 1555 εἷς
2150 1515 2393 1563 μουσειον
2422 1491 2560 1545 ἀπιέ-
2562 1532 2574 1539 χ

289 1598 370 1628 ναι
407 1573 518 1637 ὃει,
549 1573 665 1636 οὐδὲ
704 1573 1083 1648 παιδαγωγοὺς
1115 1575 1415 1645 μισθωσαι,
1444 1597 1525 1629 και
1563 1572 1781 1649 ῥήτορας
1817 1596 1900 1626 και
1945 1570 2206 1636 σοφιστάς.
2242 1581 2403 1643 Neque
2441 1595 2559 1642 opus

285 1674 355 1707 est
378 1662 545 1708 ladam
570 1638 708 1708 αιῖἰνε
733 1661 1029 1708 litterarium
1045 1699 1054 1711 ‚
1084 1678 1234 1724 neque
1259 1661 1470 1708 mercede
1490 1660 1804 1725 paedagogos
1828 1658 2111 1708 conducere,
2141 1673 2289 1719 neque
2317 1655 2555 1706 rhetoras,

285 1755 435 1800 neque
469 1738 724 1802 sophistas.
766 1739 853 1786 Sed
880 1755 937 1785 eo
971 1740 1126 1785 minus
1151 1756 1307 1786 errare
1339 1739 1534 1785 Savilius
1569 1755 1626 1785 eo
1654 1740 1701 1784 in
1734 1738 1840 1784 loco
1866 1736 2115 1786 debuerat,
2148 1734 2278 1796 quod
2303 1735 2407 1780 voci
2441 1744 2561 1793 μου·

284 1807 402 1859 σε’ἷοι
436 1817 676 1862 coniunxit
711 1825 875 1863 auctor.
902 1815 1100 1865 verbum
1139 1808 1321 1879 φοιτᾷν
1341 1849 1352 1869 ,
1387 1817 1519 1879 quod
1557 1818 1708 1879 graeci
1732 1809 1993 1878 >scriptores
2029 1814 2092 1859 ita
2120 1828 2286 1863 exusu
2315 1812 2373 1857 ad
2407 1811 2560 1869 studia

281 1893 644 1947 transtulerunt,
676 1903 725 1940 ut
757 1894 867 1939 inde
902 1893 1161 1955 discipulos
1196 1883 1441 1950 φοιτητὰς
1478 1894 1778 1957 appellarint.

410 1972 649 2033 Denique,
680 1987 738 2018 ne
771 1971 860 2018 hoc
885 1972 1025 2018 etiam
1051 1972 1432 2026 dissimulemus,
1461 1973 1685 2034 epistolae
1709 1971 2136 2033 chrysostomianae
2160 1969 2301 2020 CXII,
2328 1966 2449 2012 male
2479 1966 2559 2011 Sa-

282 2047 421 2093 vilius
457 2048 695 2102 inscribit,
736 2036 1036 2111 &2035'3'90
1018 2061 1280 2111 επισκοπῳ
1316 2051 1496 2112 Nempe
1530 2051 1740 2111 ignorat,
1769 2057 1941 2113 quanta
1978 2047 2117 2093 fuerit
2153 2047 2273 2091 inter
2309 2051 2464 2106 patres
2499 2041 2558 2087 de

281 2124 362 2170 illa
402 2126 599 2187 epistola
642 2127 960 2173 controversia
1001 2125 1089 2173 sub
1130 2095 1387 2173 Iustiniano
1429 2129 1712 2189 imperatore
1735 2161 1747 2180 ‚
1785 2124 2200 2188 leponendumque
2235 2122 2427 2168 omnino
2461 2133 2558 2165 esse

283 2188 592 2265 Θεοδώρῳ
572 2191 824 2265 επισκόπῳ
844 2235 855 2256 ,
890 2205 1022 2264 isque
1048 2213 1115 2250 est
1150 2205 1502 2266 Mopsuestenus
1526 2205 1602 2250 hic
1628 2204 1687 2249 de
1715 2219 1811 2266 quo
1845 2203 2049 2264 agimus
2050 2210 2128 2247 111
2160 2200 2394 2246 affirmant
2424 2193 2563 2254 Libe-¹

242 2295 246 2296 ν
279 2275 408 2319 ratus
441 2268 831 2329 carthaginiensis
853 2269 1108 2322 diaconus,
1145 2277 1191 2315 et
1222 2270 1470 2316 Facundus
1504 2270 1840 2316 hermianensis
1875 2266 1958 2313 lib.
1993 2268 2090 2313 VlI.
2129 2268 2176 2311 7.
2216 2264 2296 2326 qui
2332 2265 2558 2323 integram

279 2358 380 2389 eam
412 2345 656 2405 epistolam
687 2345 912 2391 latinitate
939 2346 1161 2391 donatam
1193 2362 1280 2393 suo
1320 2348 1494 2409 scripto
1529 2347 1740 2410 inseruit.
1781 2344 2025 2405 Facundus
2059 2357 2173 2389 vero
2208 2343 2306 2387 eius
2335 2337 2558 2401 epistolae

280 2422 549 2467 testimonio
574 2431 711 2483 urget
737 2422 1029 2468 adversarios
1051 2423 1286 2469 Theodori
1313 2426 1647 2487 mopsuesteni.
1676 2422 1902 2475 Liberali,
1925 2431 1968 2468 et
1986 2419 2192 2467 Facundi
2211 2417 2411 2478 antiquis
2430 2414 2556 2461 codi-

280 2496 436 2550 cibus,
466 2498 584 2545 hene
609 2498 919 2562 respondent
923 2492 1120 2547 vaticani
1143 2502 1447 2563 epistolarum
1467 2502 1787 2563 Chtysostomi
1812 2501 1994 2547 codices
2017 2498 2226 2545 DCCXll.
2251 2504 2296 2542 et
2320 2493 2551 2540 MCXClV.
2604 2494 2607 2501 '

282 2575 562 2622 lastinianus
587 2586 741 2623 autem
765 2573 1021 2647 imperator
1042 2577 1090 2624 in
1115 2578 1280 2626 libello
1312 2580 1614 2626 confessionis
1642 2579 1753 2626 fidei
1786 2580 1969 2625 unicam
1996 2577 2182 2622 videtur
2215 2574 2378 2635 legisse
2410 2570 2557 2632 Chry-

283 2651 477 2698 sostomi
505 2654 564 2698 ad
587 2653 887 2700 Theodorum
913 2655 1184 2716 epistolam,
1212 2671 1314 2702 eam
1336 2658 1558 2702 nimirum
1578 2673 1723 2718 quam
1747 2657 1807 2702 ad
1829 2671 1938 2702 eum
1962 2654 2145 2716 lapsum
2171 2650 2388 2704 dederat3
2418 2646 2555 2691 aliam

281 2743 420 2780 vero,
449 2745 568 2790 quae
598 2730 808 2776 eiusdem
846 2730 1008 2777 laudes
1044 2734 1326 2785 contineret,
1358 2748 1455 2779 non
1491 2749 1759 2795 agnoscere
1798 2735 1953 2778 Patres
1989 2738 2142 2776 autem
2176 2725 2556 2783 constantinopo-

280 2805 410 2851 litani
437 2806 630 2851 secundi
664 2807 874 2860 concilii,
902 2807 1007 2854 licet
1026 2823 1132 2853 eam
1160 2808 1496 2868 Chrysostomo
1531 2826 1626 2856 non
1653 2809 1891 2862 abdicent,
1922 2808 2054 2854 aliter
2090 2814 2245 2850 tamen
2279 2802 2338 2846 de
2369 2798 2449 2844 illa
2481 2799 2554 2842 iu—

278 2882 459 2935 dicant,
488 2883 629 2943 quain
659 2883 866 2930 fautores
884 2884 1119 2930 Theodori
1146 2888 1478 2947 mopsuesteni.
1516 2889 1660 2940 Nam,
1688 2887 1928 2948 inquiunt·
1956 2901 2033 2929 sm
2056 2893 2218 2928 autem
2243 2875 2421 2939 alzquzs
2442 2870 2554 2919 eon—

276 2960 417 3006 cedat
446 2961 516 3030 ad
550 2961 706 3024 ipsum
743 2960 1037 3007 Ilzeodoram
1071 2962 1301 3026 scriptam
1337 2980 1446 3009 eam
1476 2964 1653 3022 sulsse,
1695 2976 1875 3011 certum
1908 2973 1975 3007 est
2009 2959 2138 3023 quod
2165 2955 2430 3003 Iohannem⁸
2469 2950 2554 3013 qai

273 3053 363 3100 per
392 3049 569 3083 totum
565 3055 715 3083 suam
745 3039 1085 3123 ponttfieatum
1109 3040 1326 3086 veritam·
1361 3041 1551 3088 verbum
1579 3052 1720 3087 reete
1734 3050 1983 3089 tractam,
2015 3050 2246 3100 zgnorans
2280 3031 2399 3077 cales
2426 3028 2550 3074 blas-

269 3112 496 3177 phemzas
536 3115 868 3178 eonserz‘pscsse
904 3115 1227 3167 Theodorum,
1267 3115 1544 3163 lzumsmodi
1580 3117 1649 3162 ad
1681 3133 1789 3162 eum
1827 3116 2013 3162 lateras
2054 3112 2268 3158 dederat.
2309 3107 2398 3153 Alii
2432 3105 2551 3151 duos

280 3199 472 3237 narrant
495 3191 790 3246 Theodoros,
820 3193 1038 3238 ecclesiae
1065 3184 1417 3255 mopsuestenae
1451 3195 1767 3256 praepositOS,
1796 3202 1842 3239 et
1869 3193 1927 3238 ad
1958 3190 2261 3253 posteriorem
2293 3185 2433 3231 fuisse
2466 3182 2550 3227 da-

280 3277 372 3314 tam
400 3285 502 3315 eam
535 3270 658 3315 Chrv
652 3271 857 3315 sostomi
883 3270 1126 3332 epistolam
1153 3270 1336 3316 volunt.
1372 3271 1678 3333 Theophanes
1710 3272 1756 3316 in
1781 3268 2107 3329 chronologia:
2143 3279 2171 3312 71
2205 3252 2258 3306 δὲ
2296 3251 2390 3304 Τοῦ
2417 3253 2547 3322 Χρυ-

282 3346 532 3417 σοσΤόμου
563 3347 850 3443 ἔπισὛολη
826 3372 851 3406 ⁷1
878 3372 1000 3420 προς
1029 3345 1292 3422 Θεόδωρον
1320 3347 1713 3428 Mozloqecfslag,
1742 3347 1861 3417 οὐχι
1889 3370 2009 3421 προς
2037 3344 2123 3399 τόν
2151 3364 2372 3417 πρωτον,
2400 3335 2546 3391 αλλα

275 3447 401 3496 προς
435 3423 522 3479 τὸν
562 3423 785 3494 ἔσχατον
822 3423 1092 3499 γενόμενον
1130 3425 1275 3480 {off-lm
1316 3433 1636 3498 Chrysostomz
1664 3434 1866 3498 epzstola
1903 3433 1971 3479 ad
2006 3430 2297 3478 Theodorum
2335 3440 2547 3488 mopsue-

278 3523 489 3562 stenum,
524 3529 619 3558 non
642 3513 712 3558 ad
731 3529 963 3559 senzorem
995 3528 1097 3558 etus
1119 3512 1342 3559 eecleszae
1372 3513 1666 3576 epl'wrcopum
1696 3513 1782 3558 sed
1807 3512 1875 3557 ad
1899 3526 2132 3557 tumorem
2161 3507 2280 3554 data
2302 3503 2429 3567 fult.
2458 3503 2547 3548 Ve—

282 3604 387 3634 rum
421 3598 546 3636 errat
569 3591 890 3654 Theophanes.
929 3593 1046 3638 Nam
1071 3591 1380 3638 Theodorus
1367 3592 1546 3644 1uni0r,
1575 3605 1743 3652 genere
1769 3591 1940 3652 galata,
1968 3603 2240 3652 supremum
2271 3585 2393 3640 diem
2427 3582 2546 3626 vitae

280 3666 395 3725 egit,
425 3675 476 3712 ut
511 3669 756 3730 perspicue
790 3668 1052 3721 declarant,
1081 3677 1126 3714 et
1163 3683 1298 3730 saepe
1332 3655 1551 3730 repetunt
1577 3676 1674 3714 acta
1699 3668 1882 3715 concilii
1910 3665 2224 3729 mopsuesteni
2253 3677 2376 3709 anno
2410 3658 2546 3704 Iusti—

279 3743 403 3787 niani
427 3743 724 3805 imperatoris
756 3746 1007 3806 vigesimo,
1036 3744 1207 3790 scilicet
1239 3746 1487 3790 centesimo
1512 3745 1870 3806 quadragesimo
1902 3751 1947 3790 et
1979 3744 2177 3805 amplius
2213 3741 2271 3787 ab
2305 3738 2437 3786 obitu
2471 3737 2542 3780 Io-

278 3819 444 3864 hannis
478 3819 806 3881 chrysostomi.
846 3824 1006 3883 Neque
1041 3821 1258 3883 diptycha
1291 3821 1416 3868 illius
1449 3822 1664 3868 ecclesiae
1696 3823 1743 3868 in
1770 3822 1931 3869 eadem
1965 3838 2014 3883 s)
2021 3821 2148 3868 nodo
2177 3820 2363 3866 recitata
2398 3811 2541 3862 alium
