2970 4420
1383 174 1394 200 l

481 246 541 292 98
908 249 911 252 ’
1422 259 1574 291 LEONtS
1607 259 1785 290 atnam

481 347 709 401 thesauri,
739 347 776 392 si
804 346 864 394 de
897 348 962 394 eis
992 356 1169 394 taceant
1199 346 1473 393 Possevinus
1502 354 1548 392 et
1585 347 1751 392 Sixtus.
1790 346 1980 407 Ignorat
2012 347 2150 409 plane
2176 350 2364 396 Rivetus
2397 350 2510 396 haec
2534 350 2742 412 Gregorii

478 438 621 485 opera
645 422 727 470 diu
755 433 858 471 ante
884 424 949 471 ab
976 425 1140 471 eodem
1169 425 1330 471 Vossio
1355 423 1477 469 notis
1503 417 1733 473 illustrata
1763 423 1992 485 prodiisse
2015 440 2176 487 graece
2202 434 2246 472 et
2270 427 2412 474 latine
2428 462 2438 480 ‚
2467 435 2512 473 et
2537 436 2590 473 ut
2616 436 2745 489 post-

476 500 672 547 modum
705 502 910 554 Parisiis,
937 502 1201 563 Moguntiae
1227 515 1350 545 anno
1380 500 1519 545 1604.
1560 498 1654 554 Qui
1674 516 1849 545 merces
1876 499 2010 550 illas,
2038 505 2273 563 quantum
2301 515 2479 567 potest,
2509 518 2744 549 commen-

477 577 580 624 dat.
612 578 886 624 lllaudabile
910 587 978 625 est
1002 579 1174 624 scilicet
1203 578 1395 630 Rivem,
1423 577 1593 638 scripta
1619 586 1804 639 patrum
1830 578 2186 632 commendare,
2214 588 2261 626 et
2281 595 2459 627 merces
2487 581 2604 627 adeo
2634 596 2742 643 pre-

477 657 616 701 tiosas
642 664 688 702 et
710 655 1069 717 pulcherrimas,
1100 662 1149 700 ut
1178 663 1228 700 ut
1253 669 1334 700 eae
1357 662 1491 707 sunt,
1518 652 1830 700 ambientibus
1858 656 2122 716 propinare.
2160 657 2486 710 Commendat,
2514 666 2742 719 quantum

475 740 654 794 potest,
688 732 1016 792 Thaumaturgi
1049 731 1241 792 scripta,
1275 745 1395 792 quae
1429 731 1773 777 commendavit
1805 733 2079 792 antiquitas,
2115 741 2161 779 et
2192 735 2463 795 posterioris
2499 735 2598 780 aevi
2631 734 2743 780 illu-

475 809 666 855 striores
694 809 909 854 doctores
934 807 1223 853 ecclesiastici
1261 822 1447 860 omnes3
1482 815 1526 853 at
1557 809 1924 854 exterminarunt
1951 808 2196 863 haeretici,
2225 811 2350 872 apud
2383 826 2514 872 quos·
2532 806 2670 857 etiam
2693 811 2742 856 in

476 901 529 932 ea
556 886 872 932 aestimatione
897 884 1050 938 fuere,
1081 894 1131 930 ut
1157 885 1231 930 vel
1259 900 1424 931 eorum
1448 885 1551 931 solo
1575 886 1840 931 testimonio
1864 901 1946 931 sua
1971 885 2270 933 constabilire
2295 888 2592 934 crediderint.
2611 888 2742 934 ‚Hinc

476 971 545 1009 tot
579 963 695 1016 illis,
724 952 1084 1013 malis'artibus,
1115 976 1314 1015 annexa,
1344 970 1390 1008 et
1420 970 1604 1023 praeter
1628 977 1808 1008 morem
1845 971 1982 1024 atque
2015 963 2174 1025 legem·
2197 964 2459 1026 proborum
2493 966 2742 1011 hominum

474 1040 740 1085 immutata:
769 1039 992 1101 pleraque
1017 1039 1156 1084 etiam
1181 1039 1414 1085 orationes
1439 1047 1577 1100 atque
1600 1039 1825 1101 opuscula
1853 1054 1908 1085 ex
1933 1055 2058 1102 penu
2083 1040 2421 1087 haereticorum
2444 1042 2512 1087 illi
2537 1030 2736 1104 appicta.

472 1118 614 1163 Tanta
651 1125 748 1163 erat
782 1117 830 1162 in
869 1116 1001 1161 unius
1038 1116 1230 1162 huiusce
1265 1117 1609 1163 commentariis
1646 1118 1917 1163 auctoritas!
1950 1118 2302 1164 Commendavit
2335 1120 2492 1180 itaque
2524 1119 2738 1171 Vossius,

474 1209 593 1255 quae
629 1202 734 1240 ante
768 1209 874 1239 eum
909 1201 976 1239 tot
1010 1194 1350 1256 exscriptorum
1387 1193 1551 1239 calami
1585 1194 1706 1240 inter
1742 1194 1831 1240 alia
1862 1204 2128 1241 sanctorum
2165 1204 2350 1258 patrum
2374 1197 2542 1258 scripta
2567 1196 2742 1257 scripto

471 1270 930 1316 commendaverant,
960 1270 1298 1316 Commendant
1322 1270 1504 1316 codices
1528 1271 1860 1332 antiquissimi,
1885 1280 1931 1318 et
1954 1273 2156 1334 optimae
2181 1281 2341 1327 notae,
2367 1273 2447 1334 qui
2472 1271 2624 1318 dictas
2638 1272 2741 1318 Gre-

472 1349 590 1408 gorii
622 1348 855 1393 orationes
889 1346 1098 1409 praefixo
1132 1348 1322 1394 nomine
1355 1348 1565 1409 Gregorii
1599 1347 1838 1393 exhibent.

599 1423 787 1469 Dubius
810 1441 906 1470 esse
927 1424 1106 1487 probat
1130 1423 1408 1470 Perkinsius
1438 1441 1502 1469 eac
1527 1440 1600 1474 eo,
1631 1424 1760 1486 quod
1784 1422 1909 1470 vitae
1930 1437 2228 1477 sanctorum,
2261 1425 2374 1471 item
2397 1437 2442 1470 et
2472 1424 2643 1489 hymni
2663 1441 2741 1470 eo-

471 1516 579 1545 rum
594 1500 742 1562 sestis
764 1500 1106 1551 convenientes,
1129 1500 1346 1564 primum
1372 1516 1403 1546 α
1432 1501 1600 1547 Carolo
1621 1515 1801 1564 magno
1827 1501 2076 1546 constituti
2096 1512 2230 1552 sunt,
2261 1501 2392 1547 circ-a
2417 1516 2599 1546 annum
2622 1502 2736 1548 807.

471 1580 643 1624 Petrus
661 1577 905 1641 Aemylius
931 1577 1013 1623 lib.
1037 1579 1110 1623 ΙΙ.
1133 1578 1191 1623 de
1212 1577 1359 1641 gestis
1382 1579 1697 1628 Francorum,
1723 1577 2134 1640 Sz'gebertusitem
2159 1593 2285 1623 anno
2308 1579 2425 1631 807,
2448 1576 2612 1623 multis
2630 1587 2742 1640 post

474 1655 890 1719 leaumaturgum
924 1655 1144 1701 saeculis.
1183 1655 1473 1702 Perkinsium
1509 1657 1616 1717 ipse.
1642 1670 1738 1701 non
1763 1655 1875 1701 vidi.
1913 1655 2064 1701 Credo
2095 1663 2248 1702 tamen
2272 1655 2487 1702 Rivetum
2515 1653 2740 1701 Perkinsii

470 1731 615 1779 verba
646 1748 798 1794 neque
829 1733 1094 1785 invertisse,
1126 1748 1278 1794 neque
1312 1732 1573 1785 mutilasse‚
1604 1731 1685 1778 sed
1720 1732 1919 1793 ingenue
1953 1747 2236 1778 numerasse.
2270 1731 2544 1785 Videamus,
2573 1738 2626 1777 ut
2649 1729 2740 1778 sibi

472 1819 653 1857 constet
688 1807 915 1857 Perkinsii
949 1811 1091 1867 rati03
1124 1825 1328 1872 namque
1367 1811 1403 1856 si
1441 1825 1494 1856 ea
1530 1809 1770 1865 ceciderit,
1805 1810 1937 1856 cadet
1972 1811 2110 1855 etiam
2147 1809 2372 1856 sententia
2409 1808 2658 1863 Perkinsii,
2679 1816 2738 1854 ⁴et

471 1889 705 1934 orationes
739 1888 996 1950 praedictas
1032 1887 1200 1934 dubias
1230 1903 1345 1934 esse.
1384 1888 1498 1933 Cum
1530 1889 1643 1933 istae
1679 1888 1914 1933 orationes
1948 1886 2094 1933 factae
2128 1895 2419 1939 asseruntur,
2452 1895 2552 1932 tum
2586 1899 2739 1946 neque

474 1967 595 2013 vitae
623 1975 915 2020 sanctorum,
943 1981 1093 2027 neque
1125 1965 1287 2026 hymni
1313 1964 1632 2011 eorum'festis
1665 1966 1991 2011 convenientes
2017 1965 2066 2010 in
2098 1964 2289 2011 ecclesia
2315 1972 2468 2010 erant:
2499 1978 2606 2009 nam
2639 1962 2738 2024 pri-

471 2059 575 2089 mus
610 2044 802 2090 Carolus
836 2043 984 2088 multa
1021 2051 1126 2105 post
1162 2042 1343 2089 saecula
1367 2043 1626 2088 constituit:
1664 2057 1777 2103 ergo
1800 2042 1951 2088 dictae
1977 2043 2210 2088 orationes
2243 2041 2367 2087 festis
2401 2040 2567 2087 diebus
2590 2047 2637 2086 et
2661 2054 2739 2086 so-

472 2120 789 2167 lemnitatibus
824 2129 1089 2168 sanctorum
1123 2121 1474 2173 convenientes,
1504 2135 1600 2166 non
1627 2127 1881 2181 potuerunt
1905 2118 2047 2165 scribi
2073 2134 2098 2165 a
2122 2119 2347 2181 Gregorio
2377 2118 2735 2178 thaumaturgO,

472 2201 552 2261 qui
577 2199 728 2245 multo
752 2199 970 2245 Carolum
997 2206 1323 2261 praecesserat.
1361 2196 1532 2243 Probat
1556 2206 1843 2259 assumptum
1872 2198 2143 2243 auctoritate
2166 2197 2393 2258 Aemylii‚
2420 2204 2466 2242 et
2491 2193 2732 2256 Sigeberti.
2779 2228 2782 2230 -

471 2278 587 2323 Tum
622 2277 720 2338 ipse
754 2276 922 2322 infero.
961 2276 1022 2321 At
1056 2275 1223 2322 falsum
1256 2283 1346 2328 est,
1374 2276 1578 2337 primum
1605 2274 1823 2321 Carolum
1856 2273 1905 2319 id
1938 2275 2214 2327 instituisse,
2242 2273 2473 2335 quidquid
2496 2271 2738 2333 Aemylius

474 2361 519 2399 et
553 2352 818 2415 Sigebertus
852 2354 1097 2399 crocitent:
1135 2367 1249 2415 ergo
1285 2352 1455 2398 falsum
1488 2367 1677 2414 quoque
1708 2352 1819 2406 erit,
1852 2351 1935 2398 has
1970 2352 2204 2398 orationes
2237 2349 2404 2397 dubias
2433 2364 2548 2396 esse.
2585 2349 2737 2394 Immo

475 2439 624 2477 certas
657 2440 795 2492 atque
828 2429 1113 2476 indubitatas
1146 2445 1246 2476 esse
1284 2418 1542 2482 evincitur,
1580 2444 1685 2476 cum
1718 2438 1842 2476 certe
1885 2438 2022 2491 atque
2061 2427 2321 2475 indubitate
2354 2428 2732 2482 demonstretur,

475 2518 580 2555 ante
609 2509 827 2555 Carolum
861 2509 1095 2554 orationes
1118 2516 1165 2553 et
1191 2507 1390 2568 hymnos
1413 2507 1462 2552 in
1487 2505 1878 2553 sollemnitatibus
1910 2513 2200 2558 sanctorum,
2229 2513 2274 2551 et
2300 2504 2359 2551 ab
2382 2506 2485 2567 ipso
2510 2504 2737 2550 nascentis

476 2587 694 2633 ccclesiae
727 2585 921 2631 exordio
946 2586 994 2630 in
1020 2584 1211 2630 ecclesia
1236 2583 1503 2645 frequentes
1528 2582 1684 2629 fuisse.
1722 2583 1778 2628 Et
1801 2581 1998 2628 Iudaeos
2031 2583 2156 2644 ipsos
2185 2597 2239 2628 ex
2264 2590 2419 2628 vetere
2452 2589 2639 2643 patrum
2663 2581 2737 2625 in-

476 2664 714 2710 stitutione
748 2662 967 2724 legitimis
997 2660 1345 2723 praefinitisque
1379 2659 1545 2721 diebus
1579 2673 1634 2706 ex
1668 2659 1771 2721 lege
1804 2668 1850 2705 et
1882 2659 2123 2721 prophetis
2148 2659 2368 2705 lectiones
2401 2659 2593 2704 recitare
2625 2672 2737 2703 con-

475 2741 706 2794 suevisse,
743 2739 884 2786 tradit
917 2738 1124 2784 Isidorus
1157 2737 1242 2783 lib.
1277 2739 1313 2783 Ι.
1349 2737 1408 2784 de
1447 2737 1765 2784 ecclesiasticis
1797 2738 1921 2784 offic.
1960 2731 2061 2799 eap.
2102 2738 2160 2782 10
2182 2771 2193 2789 ,
2227 2735 2489 2799 probatque
2521 2733 2737 2780 Rabanus

472 2820 660 2864 Maurus
684 2816 769 2863 lib.
798 2818 856 2863 11.
886 2816 945 2862 de
970 2817 1167 2861 institut.
1197 2815 1353 2861 cleric.
1381 2830 1483 2877 cap.
1514 2816 1560 2860 5.
1588 2815 1860 2861 Lectionum
1882 2814 2095 2860 meminit
2118 2813 2343 2875 Origenes
2366 2820 2527 2859 contra
2552 2811 2735 2858 Celsum

476 2895 558 2942 lib.
596 2897 676 2941 ΙΙ.Ι
714 2896 793 2940 50.
822 2882 959 2957 ‘'09oe
996 2880 1053 2940 dn
1092 2905 1174 2936 και
1218 2882 1264 2936 ἐν
1299 2879 1504 2942 τούτοις
1543 2886 1657 2936 τίνα
1696 2879 1895 2952 τρόπον
1930 2881 2064 2953 mdc
2107 2896 2445 2943 συκοφαντει,
2482 2878 2735 2950 ἔξομοιων

476 2986 587 3024 τοις
627 2962 675 3017 ἐν
710 2962 828 3023 ταῖς
865 2960 1074 3031 οἰΓοροιις
1109 2983 1174 3014 τοι
1211 2957 1600 3055 οἷπορῥιΠόταα-οι
1636 2955 2063 3029 ἐπιδεικνυμένοις
2098 2979 2181 3010 και
2221 2956 2491 3029 οἶΓείρουσι·
2522 2959 2644 3008 ποία
2674 2953 2731 3006 δὲ

480 3037 872 3113 ἁπορρητότατα
911 3034 1337 3108 ἐπιδεικνύμεθα,
1365 3060 1391 3093 n
1422 3040 1477 3088 τί
1505 3034 1708 3097 τούτοις
1736 3033 2087 3107 παραπλήσιον
2120 3032 2430 3108 πράττομενς
2462 3054 2507 3083 οι
2548 3053 2630 3083 και
2670 3027 2733 3082 δι’

479 3114 902 3188 οἶνοιΓνωσμοῖτων,
939 3137 1021 3167 και
1063 3110 1151 3167 διὰ
1186 3136 1283 3168 των
1322 3112 1394 3174 εἷς
1428 3111 1492 3166 τοὶ
1528 3111 1660 3166 αὐτοὶ
1699 3110 1983 3183 διηγήσεων
2018 3109 2393 3202 προὙρέποντ-ες
2404 3107 2496 3178 μὲν
2533 3106 2607 3160 ε’πι
2646 3103 2734 3164 την

481 3193 550 3254 εἷς
584 3217 670 3249 τον
711 3189 821 3248 θεον
851 3215 948 3247 των
986 3188 1120 3245 ὅλων
1152 3189 1443 3256 εὖσεβειαν,
1473 3212 1555 3242 και
1571 3188 1687 3250 «τὰς
1717 3186 2014 3261 συν-θρόνους
2042 3186 2203 3258 «ταύτῃ
2233 3183 2433 3257 ἀρετ-οἷς.
2476 3193 2590 3239 Vzde
2621 3210 2736 3265 quo-

477 3280 615 3326 modo
651 3298 700 3326 ιη
722 3280 797 3327 lus
823 3296 1007 3343 quoque
1037 3278 1187 3326 verbls
1220 3276 1466 3324 calumnla
1499 3292 1584 3322 nos
1620 3275 1826 3336 offic-zat,
1861 3291 1976 3338 quos
2010 3291 2117 3320 cum
2151 3271 2540 3321 cz‘Qreulatorzbus
2572 3282 2737 3334 turpza

478 3368 524 3401 et
557 3357 772 3418 nefanda
807 3357 857 3402 in
878 3357 997 3418 soro
1024 3354 1397 3419 proponentibus
1431 3365 1698 3416 comparat.
1738 3353 1869 3406 Quae
1899 3367 2004 3398 vero
2037 3350 2253 3412 nefanda
2279 3346 2620 3431 proponimus?
2650 3359 2736 3393 aut

478 3433 598 3496 qued
618 3434 862 3495 jacemus,
892 3433 1021 3496 quod
1052 3433 1120 3478 ad
1151 3430 1428 3477 hui'usmoclz
1457 3429 1704 3476 hommum
1742 3428 2089 3492 impudentzum
2123 3426 2345 3473 accedat?
2372 3441 2475 3475 nos,
2506 3440 2729 3485 mquam,

470 3528 560 3582 qul
582 3526 670 3573 per
692 3511 933 3561 leleones
963 3522 1009 3555 ec
1026 3526 1115 3573 per
1138 3525 1305 3555 earum
1331 3506 1769 3570 anterpretatzones
1798 3505 2011 3551 hommes
2035 3504 2102 3550 ad
2126 3514 2358 3567 pletatem
2379 3516 2499 3565 erga
2523 3517 2736 3546 omnzum

482 3603 643 3633 rerum
666 3588 844 3637 Deum,
876 3599 1158 3649 νινῑιιῑεεᾳιιε
1182 3602 1304 3648 quae
1327 3585 1542 3636 easdem,
1569 3596 1712 3647 atque
1741 3595 1920 3647 pletas,
1948 3582 2076 3628 sedes
2100 3580 2296 3630 habent,
2323 3579 2591 3625 hortamur.
2619 3577 2736 3625 Vide

481 3664 691 3711 eiusdem
725 3664 783 3710 de
817 3664 1182 3725 engastrimytho
1221 3662 1605 3710 commentarium
1639 3661 1702 3724 (1)
1738 3662 1786 3707 in
1827 3660 2072 3724 principio.
2109 3659 2298 3704 Sanctus
2338 3658 2627 3718 Augustinus
2655 3655 2734 3717 (in

568 3778 616 3818 (t)
642 3775 907 3820 Interpretatus
932 3779 986 3810 est
1011 3779 1120 3820 atque
1151 3773 1268 3811 edidit
1298 3774 1367 3812 hoc
1398 3771 1723 3822 opuseulum'ipse
1747 3771 1906 3809 Allatius
1937 3780 2021 3807 cum
2052 3773 2283 3818 syntagmate
2312 3766 2526 3804 doctissimo
2554 3765 2599 3803 de
2624 3776 2735 3813 enga-

484 3834 694 3883 strimytho.
722 3833 898 3881 Lugduni
925 3837 1027 3870 1629.
1056 3836 1100 3869 Α.
1129 3835 1181 3869 Μ.
