2970 4380
471 275 566 321 594
1531 292 1661 323 mnnx

460 360 645 403 Claudius
672 361 822 409 quidam
849 362 1018 410 prInceps
1044 373 1081 410 p.
1106 366 1187 399 400.

457 421 582 458 (ssavis
609 427 827 469 perpetuum
856 422 955 458 Petri
984 432 1041 468 ap.
1070 421 1213 468 insigne
1241 432 1276 468 p.
1306 422 1479 458 XXXVI.

463 480 664 528 Χλωροπική
692 481 895 518 humeralis
921 480 1074 517 fortasse
1101 480 1211 518 vestis
1237 491 1354 528 genus
1383 492 1418 528 p.
1447 485 1527 518 340.

460 541 661 578 Cobellutii
687 540 885 578 cardinaliS
909 540 991 576 laus
1018 551 1052 586 p.
1079 540 1186 575 XIX.

463 601 640 638 Collectio
670 601 789 648 prisca
816 600 1078 638 auctoritatum
1111 610 1175 647 pro
1205 599 1349 636 duabus
1377 600 1416 636 in
1446 601 1554 637 Chri-

534 665 590 697 sto
615 660 760 697 naturis
785 670 821 707 p.
851 663 930 695 109.

462 718 684 756 Communio
708 717 778 755 sub
802 724 956 765 utraque
981 717 1100 764 specie
1120 727 1139 753 a
1160 716 1309 754 Graecis
1324 722 1553 765 propugnata

533 788 572 823 p.
598 780 684 814 572.

463 836 722 883 conceptionis
737 838 780 873 B.
801 836 937 873 Mariae
951 835 1086 873 festum
1102 835 1291 882 antiquius
1306 835 1406 871 Sixto
1421 841 1553 882 quarto

532 897 604 932 PP.
632 907 668 943 p.
695 897 864 934 XLV111.
1412 922 1415 926 «

463 955 895 1001 (30301113111101113113111
925 953 1098 991 adversus
1129 953 1374 1000 Theophilum
1407 954 1552 990 alexan-

534 1014 684 1052 drinum
711 1026 748 1062 p.
768 1019 849 1052 269.
876 1012 1175 1051 Chalcedonense
1200 1011 1247 1049 ad
1273 1013 1459 1060 Quercum
1486 1012 1553 1050 ad-

533 1085 658 1112 versus
683 1074 985 1122 chrysostomum
1010 1083 1046 1121 p.
1073 1077 1156 1109 276.
1183 1081 1284 1120 seqq.

464 1134 716 1172 confessarius
739 1133 822 1170 Vid.
850 1132 1015 1170 medicis.
1347 1174 1352 1179 ι

464 1193 622 1231 Conradi
648 1194 738 1240 imp.
765 1193 842 1229 filia
868 1192 976 1229 nubit
1002 1191 1165 1228 Manueli
1191 1192 1378 1228 Comneno
1405 1202 1441 1238 p.
1467 1193 1554 1228 404.

532 1263 610 1301 seq.

465 1311 697 1349 Constantini
728 1311 853 1358 magni
883 1311 957 1348 vita
986 1310 1148 1354 inedita,
1180 1315 1328 1347 auctore
1359 1309 1554 1347 Theodoro

536 1370 772 1408 meliteniota.
804 1371 895 1407 Item
923 1369 1088 1407 eiusdem
1114 1369 1207 1406 aliae
1226 1368 1391 1415 ineditae
1413 1380 1449 1416 p.
1466 1371 1551 1407 477.

465 1430 832 1477 Constantinopoleos
872 1429 1054 1466 horrenda
1094 1428 1238 1466 obsidio
1273 1428 1342 1465 sub
1382 1429 1553 1466 Heraclio

532 1490 622 1536 imp.
641 1494 677 1526 et
694 1489 819 1536 Sergio
844 1490 873 1524 1.
895 1488 1101 1535 patriarcha
1126 1499 1162 1535 p.
1183 1491 1265 1524 423.
1286 1498 1386 1535 seqq.
1414 1488 1550 1535 Deipa-

534 1559 596 1585 rae
621 1548 736 1585 tutela
763 1548 916 1585 solvitur
943 1559 978 1595 p.
1006 1544 1090 1584 432.
1115 1558 1192 1595 seq.

463 1608 729 1645 Constantinus
750 1608 837 1655 imp.
857 1603 1019 1644 Heraclii
1040 1607 1140 1644 filius
1160 1606 1393 1644 Theodorum
1418 1617 1552 1654 papam

534 1667 717 1714 fidemque
745 1678 935 1704 romanam
963 1666 1130 1704 dilaudat
1155 1677 1191 1714 p.
1221 1670 1304 1703 512.

465 1726 727 1764 Constantinus
751 1728 874 1763 Irenes
900 1725 998 1762 filius
1022 1724 1184 1770 adulter,
1208 1724 1442 1762 Theodorum
1465 1725 1550 1762 Stu—

535 1785 650 1822 ditam
678 1785 826 1832 piosque
853 1785 945 1822 alios
971 1785 1201 1830 persequitur
1225 1794 1260 1830 p.
1288 1788 1368 1820 306.
1393 1794 1496 1831 seqq.

465 1844 663 1881 Contelorii
688 1844 818 1881 Felicis
844 1844 1003 1891 elogium
1030 1853 1065 1889 p.
1092 1843 1267 1878 XXVIII.

427 1929 429 1931 -
464 1904 662 1951 crapulae,
683 1904 894 1951 praesertim
917 1908 997 1950 post
1020 1913 1049 1939 s.
1071 1903 1387 1947 communionem,
1407 1903 1548 1949 vitupe-

534 1964 626 2000 ratio
650 1975 685 2011 p.
712 1968 795 2002 496.
821 1974 897 2009 seq.

463 2024 659 2060 Crescentii
683 2023 785 2060 locus
810 2023 849 2059 in
874 2023 958 2060 sinu
982 2020 1248 2061 nicomediensi
1276 2032 1311 2068 p.
1340 2025 1420 2058 354.

462 2083 588 2121 Crucis
610 2083 838 2121 exaltationis
861 2082 994 2126 festum
1021 2081 1138 2118 multo
1159 2086 1246 2118 ante
1271 2080 1431 2117 Heraclii
1454 2081 1544 2128 imp.

531 2149 694 2190 tempora
721 2153 757 2190 p.
783 2143 901 2179 XLII.

463 2202 589 2249 Cynici
611 2212 678 2237 cur
702 2212 740 2237 se
765 2201 817 2237 ita
843 2199 1104 2247 appellaverint
1127 2210 1162 2245 p.
1180 2203 1264 2236 209.
1290 2198 1386 2242 (Sed
1411 2200 1548 2246 turpio-

533 2270 609 2296 rem
635 2259 746 2296 huius
769 2258 1024 2306 appellationis
1045 2257 1227 2304 originem
1253 2256 1366 2293 tradit
1389 2259 1547 2294 Lactan-

532 2320 605 2355 tius
631 2319 717 2355 inst.
743 2318 808 2354 lib.
828 2318 902 2352 III.
932 2320 1015 2360 15.)

462 2378 590 2427 Cyrilli
609 2378 699 2414 alex.
720 2377 891 2413 adversus
913 2375 1146 2413 Theodorum
1169 2381 1205 2412 et
1224 2374 1428 2412 Diodorum
1452 2375 1547 2422 frag-

534 2441 653 2472 menta
681 2446 772 2472 nova
797 2446 832 2481 p.
862 2439 941 2471 117.
968 2433 1054 2471 adn.
1098 2459 1100 2462 ψ

463 2495 590 2544 cyrilli
616 2494 779 2531 eiusdem
799 2494 937 2530 dictum
961 2491 1145 2540 quoddam
1169 2503 1205 2538 p.
1227 2496 1307 2528 344.
1335 2494 1427 2528 Item
1450 2493 1545 2529 eius·

531 2553 614 2590 dem
646 2553 760 2604 falsus
788 2553 918 2589 titulus
948 2551 1203 2589 commentarii
1232 2550 1278 2587 ad
1309 2550 1388 2587 Ioh.
1416 2561 1542 2597 evang.

531 2614 571 2649 in
597 2612 677 2649 cod.
705 2617 774 2649 vat.
803 2623 840 2659 p.
868 2611 924 2648 17.

987 2671 1019 2705 D

462 2732 528 2769 Dei
548 2732 698 2768 nomina
726 2732 779 2768 vel
803 2731 924 2778 potius
947 2729 1104 2776 epitheta
1127 2729 1285 2776 plurima
1306 2739 1327 2764 a
1355 2728 1546 2766 Theodoro

531 2792 679 2829 Lascari
704 2791 791 2838 imp.
819 2790 968 2827 collecta
994 2800 1028 2837 p.
1050 2792 1131 2825 259.
1152 2798 1252 2836 seqq.
1268 2815 1278 2833 ,
1304 2787 1408 2825 locus
1433 2788 1545 2826 helle-

532 2852 640 2888 nistis
665 2849 861 2887 notandus.

462 2910 639 2958 Deiparae
665 2909 844 2956 templum
868 2907 1015 2954 insigne
1035 2907 1073 2943 in
1101 2905 1314 2944 Blachernis
1339 2905 1546 2943 Constanti-

531 2969 655 3016 nopoli
679 2980 720 3016 ·p.
747 2972 829 3005 431.
856 2978 932 3014 seq.
965 2969 1079 3014 Prope
1109 2965 1202 3003 illud
1231 2965 1356 3003 eadem
1388 2966 1544 3012 Deipara

533 3028 686 3064 classem
713 3027 872 3063 hostium
900 3026 1070 3073 profligat
1094 3036 1129 3072 p.
1155 3029 1237 3061 433.
1352 3059 1356 3062 .

462 3087 549 3123 Dies
586 3085 786 3134 aegyptiaci
822 3096 863 3132 p:
887 3085 931 3121 L.
973 3083 1214 3128 (conferatur
1245 3083 1282 3119 S.
1315 3082 1544 3129 Augustinus

533 3155 666 3182 comm.
692 3145 732 3181 in
754 3144 945 3191 epistolam
975 3143 1021 3179 ad
1047 3143 1197 3179 Galatas
1221 3153 1259 3178 n.
1287 3145 1371 3185 35.)

462 3204 645 3240 Diodorus
660 3204 833 3240 tarsensis
849 3201 1034 3239 interdum
1050 3201 1170 3238 dictus
1185 3200 1397 3238 Theodorus
1410 3211 1445 3248 p.
1462 3204 1541 3236 137.

533 3264 674 3310 Scripta
694 3262 770 3300 eius
789 3262 929 3308 aliquot
944 3271 1061 3308 nuper
1076 3259 1172 3297 edita
1188 3271 1224 3307 p.
1247 3263 1323 3296 142.
1338 3263 1419 3296 240.
1446 3259 1542 3295 Scri-

533 3327 653 3368 pserat
671 3327 803 3358 contra
829 3320 945 3357 fatum
972 3331 1007 3367 p.
1034 3323 1116 3356 247.

464 3380 659 3428 Disputare
683 3391 768 3417 cum
796 3379 987 3417 haereticis
1015 3378 1230 3426 plerumque
1251 3376 1383 3413 inutile
1405 3387 1441 3424 p.
1461 3379 1540 3415 327.

986 3439 1016 3474 Ε

465 3498 712 3535 Ecchellensis
739 3498 970 3541 Abrahamus
993 3495 1209 3533 emendatur
1232 3506 1268 3543 p.
1296 3499 1376 3532 137.
1404 3498 1483 3531 140.

466 3557 621 3605 Eclogae
647 3556 803 3594 ineditae
826 3568 868 3594 ex
891 3556 1027 3593 Basilio
1051 3555 1300 3602 neopatrensi,
1319 3555 1441 3591 Leone
1462 3564 1540 3590 ma-

535 3616 647 3663 gistro
669 3642 679 3660 ,
718 3616 879 3652 Iohanne
915 3614 1068 3652 diacono
1088 3641 1099 3659 ,
1137 3619 1173 3649 et
1210 3602 1315 3649 Petro
1354 3611 1540 3649 laodiceno

534 3685 568 3720 p.
595 3676 766 3711 540-544.

465 3733 666 3770 Eleutherii
691 3732 831 3779 regium
855 3731 1030 3778 palatium
1047 3728 1146 3777 apud
1162 3729 1379 3777 Byzantium
1403 3731 1538 3776 p.320.

467 3791 713 3838 Energumeni
752 3791 847 3828 intra
888 3790 1066 3837 templum
1101 3799 1180 3826 esse
1217 3798 1292 3825 non
1329 3786 1544 3825 sinebantur

536 3860 572 3896 p.
599 3853 679 3886 495.

1626 365 1904 413 Epigrammata
1921 367 1995 405 duo
2019 369 2265 419 Anthologiae
2280 373 2455 415 'addenda
2473 391 2508 426 p.
2526 385 2583 419 82.
2602 389 2637 420 et
2652 389 2710 422 86.

1626 425 1825 471 Epiphanii
1842 427 1987 473 magni,
2001 433 2043 464 ut
2056 427 2127 465 fert
2140 429 2330 478 inscriptio
2342 434 2381 471 in
2393 437 2473 474 cod.
2489 445 2557 475 vat.
2575 452 2609 488 p.
2624 447 2708 480 537.

1696 484 1883 530 quoddam
1913 487 2103 534 scriptum.
2140 486 2359 536 (Epiphanii
2388 495 2543 545 episcopi
2572 500 2710 540 latinus

1693 553 1816 581 sermo
1841 544 1886 582 de
1914 551 2073 583 extremo
2099 546 2236 585 iudicio
2262 554 2316 586 est
2339 550 2379 586 in
2405 553 2476 590 alio
2500 557 2579 594 cod.
2608 566 2707 606 vat.)

1623 602 1855 649 Epiphanius
1871 605 1978 653 Cypri
1992 605 2082 652 quid
2097 605 2142 643 de
2157 606 2415 656 Chrysostomo
2432 610 2560 652 dixerit
2575 629 2610 665 p.
2624 623 2703 657 282.

1621 661 1840 708 Epis-tolaris
1865 664 2067 710 elegantiae
2091 666 2291 712 specimina
2316 678 2352 714 p.
2379 672 2550 709 439-444.

1622 720 1879 759 Eucharistiae
1905 724 2118 772 mysterium
2145 731 2272 762 contra
2298 725 2391 764 duos
2421 730 2632 778 praecipuos
2651 734 2711 774 er'.

1698 790 1798 817 rores
1826 780 2039 819 defenditur
2067 792 2104 830 p.
2130 779 2214 821 449.
2240 788 2322 821 450.
2351 786 2496 826 Prolixe
2526 793 2712 836 exponitur

1693 840 1737 875 ‘et
1761 839 2040 877 commendatur
2063 851 2100 888 p.
2123 845 2295 880 478-493.
2322 847 2404 880 543.
2432 849 2513 882 544.
2530 848 2713 893 Ἐπικῆ-

1699 897 1791 937 stiae
1816 891 1946 936 veritas
1970 899 2095 937 differt
2123 900 2169 938 ab
2200 902 2426 949 imagInibus
2459 916 2494 952 p.
2524 909 2607 944 483.
2633 909 2722 947 Non

1700 962 1755 994 est
1780 950 2008 1006 symbolum,
2034 958 2098 996 sed
2125 965 2182 997 res
2206 971 2243 1007 p.
2269 963 2351 999 552.
2383 963 2473 1001 Eius
2503 975 2578 1002 non
2601 967 2716 1005 infre-

1699 1026 1816 1063 quens
1840 1017 2028 1065 susceptIo
2041 1018 2320 1057 commendatur
2339 1031 2376 1068 p.
2395 1025 2478 1059 491.
2498 1025 2580 1060 572.
2607 1025 2715 1063 Eius·

1698 1073 1781 1111 dem
1806 1074 1978 1112 salutaris
2005 1073 2167 1114 effectus'
2182 1088 2218 1125 p.
2237 1082 2320 1116 488.
2338 1090 2414 1128 seq.
2438 1082 2509 1118 Pro
2535 1083 2716 1121 Euchari-

1696 1134 1766 1170 stia
1790 1134 1999 1172 testimonia
2021 1146 2112 1173 nova
2130 1137 2171 1173 in
2191 1137 2298 1175 libris
2323 1140 2458 1178 nostris
2481 1149 2716 1182 recensentur

1698 1196 1843 1238 p.‘498.
1869 1193 1955 1231 adn.
1984 1196 2075 1232 Item
2101 1206 2137 1243 p.
2164 1200 2245 1233 552.

1626 1251 1868 1289 Euchitarum
1895 1253 2053 1293 haeresis
2079 1266 2114 1302 p.
2141 1259 2223 1293 579.

1626 1309 1788 1347 Eudoxia
1815 1318 1969 1359 augusta
1989 1314 2221 1361 persequitur
2235 1315 2537 1365 Chrysostomum
2549 1346 2559 1363 ,
2577 1321 2711 1367 passim

1695 1371 1736 1408 in
1753 1372 1823 1408 vita
1840 1383 1946 1409 nova.
1972 1374 2128 1420 Legatos
2143 1385 2315 1413 romanos
2335 1377 2376 1414 in
2400 1388 2579 1415 carcerem
2598 1381 2712 1418 conii-

1694 1431 1745 1467 cit
1768 1442 1804 1478 p.
1825 1435 1907 1469 286.
1933 1432 2154 1471 verberatur
2179 1433 2225 1471 ab
2248 1431 2407 1473 Arcadio
2432 1443 2469 1474 et
2493 1427 2710 1476 miserabili·

1694 1495 1749 1526 ter
1774 1491 1929 1528 moritur
1953 1502 1988 1539 p.
2007 1487 2280 1540 287.'EpiStola
2297 1495 2376 1532 eius
2401 1498 2560 1544 genuina
2585 1497 2631 1534 ad
2652 1500 2710 1536 In-

1694 1550 1905 1587 nocentium
1930 1552 2000 1588 PP.
2029 1562 2064 1598 p.
2090 1555 2172 1589 288.

1623 1607 1864 1656 Eulogiarum
1890 1615 1972 1658 post
1997 1611 2145 1647 missam
2170 1610 2380 1650 distributio
2405 1624 2441 1661 p.
2467 1619 2548 1652 582.

1622 1666 1769 1714 Eulogii
1786 1667 1878 1705 alex.
1896 1667 2145 1715 fragmentum
2164 1681 2282 1718 nuper
2297 1671 2435 1719 editum
2462 1684 2497 1721 p.
2520 1679 2587 1712 107
2592 1704 2604 1712 ..
2618 1675 2704 1713 adn.

1622 1726 1769 1763 Eusebii
1794 1728 1953 1765 emeseni
1977 1727 2224 1774 fragmentum
2249 1742 2285 1778 p.
2312 1735 2400 1769 239.-

1622 1784 1811 1833 Euthymii
1834 1786 2020 1835 Zygaheni
2044 1788 2180 1836 scripta
2204 1800 2225 1826 a
2250 1789 2356 1829 nobis
2377 1791 2520 1831 edenda
2543 1805 2579 1841 p.
2601 1799 2680 1832 111.

1621 1844 1860 1898 EvangelistiS
1885 1845 2051 1894 symbola
2074 1847 2171 1884 varie
2194 1848 2332 1886 tributa
2357 1861 2378 1887 a
2403 1851 2554 1889 Graecis
2578 1858 2616 1891 et
2633 1855 2705 1890 La·

1691 1903 1781 1941 tinis
1805 1915 1840 1952 p.
1868 1910 1925 1942 37.

2145 1965 2178 2002 G

1621 2022 1775 2059 Gothiae
1800 2023 1967 2071 princeps
1991 2035 2027 2072 p.
2057 2029 2137 2062 307.

1621 2080 1781 2118 Gradius
1797 2082 2003 2128 Stephanus
2018 2083 2145 2119 scribit
2157 2084 2270 2120 vitam
2283 2086 2327 2120 L.
2345 2070 2474 2122 All‘atii
2490 2098 2525 2132 p.
2540 2077 2584 2125 V.
2600 2098 2700 2137 seqq.

1620 2139 1793 2177 Graeciae
1818 2140 1998 2178 litteratae
2025 2141 2107 2178 laus
2132 2152 2167 2189 p.
2193 2142 2263 2178 XI.
2628 2182 2632 2185 ,

1620 2199 1819 2246 Gregorius
1834 2200 2092 2248 Syracusarum
2119 2200 2310 2248 episcopus
2333 2212 2370 2249 p.
2389 2205 2470 2239 351.
2497 2204 2592 2247 (Hic
2610 2205 2702 2251 pho-

1690 2258 1872 2294 tianarum
1899 2258 2056 2304 partium
2077 2258 2150 2294 fuit
2167 2259 2396 2304 praecipuus.
2422 2255 2699 2298 Conci1.'Labh.

1689 2315 1746 2352 ed.
1772 2321 1842 2351 vet.
1870 2317 1912 2351 T.
1938 2317 2038 2350 VIII.
2064 2315 2134 2350 col.
2162 2319 2242 2351 963.
2270 2319 2380 2358 989.)

1619 2374 1817 2421 Gregorius
1835 2373 2119 2420 thaumaturgus
2135 2373 2263 2410 dictus·
2271 2378 2377 2415 antea
2394 2374 2618 2412 Theodorus.
2639 2378 2701 2413 'De

1689 2432 1766 2468 eius
1780 2431 1924 2478 scriptis
1936 2431 2057 2478 ampla
2069 2433 2112 2467 L.
2124 2431 2252 2468 Allatii
2266 2432 2464 2479 disputatio
2479 2444 2513 2479 p.
2527 2438 2584 2469 95.
2597 2443 2697 2480 seqq.
2719 2468 2723 2473 ,

1687 2490 1828 2537 Scripta
1853 2491 1931 2527 eius
1955 2489 2134 2537 quaedam
2158 2500 2277 2537 nuper
2300 2489 2396 2527 edita
2423 2501 2458 2538 p.
2488 2496 2569 2529 107.
2594 2495 2675 2529 108.

1766 2570 1769 2573 ᾗ
2139 2550 2174 2584 Η

1619 2607 1789 2645 Haeresis
1813 2607 1982 2643 omnium
2007 2606 2186 2643 malorum
2212 2612 2328 2644 mater
2351 2600 2387 2655 p.
2415 2601 2495 2645 395.

1619 2665 1777 2703 Heraclii
1804 2666 1891 2712 imp.
1918 2665 2086 2712 religiosa
2114 2665 2229 2713 pietas
2253 2676 2288 2714 p.
2316 2670 2397 2704 426.
2425 2673 2461 2704 et
2482 2671 2565 2704 436.

1620 2725 1795 2763 Herennii
1812 2725 1904 2762 liber
1922 2725 1970 2766 εἷς
1991 2726 2033 2760 τά
2051 2727 2142 2772 μετὰ
2160 2726 2287 2774 φυσικοὶ
2313 2735 2430 2773 nuper
2445 2725 2565 2763 editus
2582 2737 2619 2774 p.
2638 2731 2696 2763 66.

1686 2784 1772 2822 adn.
1798 2783 1984 2822 Dicendus
2005 2784 2126 2832 potius
2143 2784 2415 2832 philosophus,
2430 2795 2542 2832 quam
2562 2785 2696 2831 Philo,

1687 2843 1836 2880 ibidem.
2059 2850 2080 2879 ⁴.

1618 2902 1805 2951 Hippolyti
1833 2903 1919 2947 (S.)
1942 2901 2188 2949 fragmentum
2212 2913 2249 2950 p.
2274 2906 2362 2939 239.

1617 2961 1798 2997 Historiae
1823 2961 1940 3008 prima
1967 2960 2033 2998 dos
2057 2961 2189 2997 veritas
2212 2971 2248 3008 p.
2274 2961 2323 2997 X.
2416 2955 2429 2966 ⁴
2470 3007 2473 3009 ‚

1615 3021 1770 3057 Honorii
1795 3020 1882 3067 imp.
1910 3020 2062 3068 epistola
2087 3020 2134 3057 ad
2158 3019 2358 3057 Arcadium
2384 3031 2420 3067 p.
2445 3023 2528 3056 285.
2557 3018 2563 3025 ‘

1616 3079 1816 3116 Humilitas
1841 3089 1928 3125 apex
1953 3079 2126 3115 virtutum
2153 3089 2188 3125 p.
2215 3082 2297 3114 460.

1616 3140 1846 3187 Hymnorum
1872 3137 2120 3174 canendorum
2146 3137 2370 3175 consuetudo
2394 3138 2465 3175 late
2488 3137 2696 3182 defenditur

1686 3208 1720 3244 p.
1750 3201 1828 3234 100.
1856 3207 1956 3244 seqq.
1977 3210 1999 3213 ⁴¹

1616 3258 1781 3305 Hypatus
1806 3255 2106 3303 philosophorum
2131 3266 2167 3302 p.
2193 3259 2228 3291 4.

2147 3316 2162 3350 I

1612 3374 1890 3418 Ἰδιοῦποστσίγως
1917 3373 2126 3411 adverbium
2151 3373 2275 3410 lexicis
2299 3371 2509 3410 addendum
2528 3369 2569 3420 -pL
2587 3376 2668 3410 556.

1615 3433 1749 3481 Ignatii
1773 3433 1944 3481 martyris
1968 3431 2108 3470 dictum
2132 3442 2167 3479 p.
2195 3435 2276 3469 328.

1615 3492 1780 3539 Ignatius
1811 3491 2041 3539 metropolita
2070 3490 2254 3539 Selybriae
2280 3489 2415 3527 dicitur
2443 3495 2570 3527 auctor
2599 3489 2689 3524 vitae

1685 3550 1914 3588 Constantini
1945 3551 1996 3586 M.
2024 3545 2120 3593 (Sed
2146 3549 2186 3585 in
2216 3548 2351 3586 codicis
2377 3548 2534 3585 vaticani
2561 3541 2687 3583 notitia

1682 3608 1782 3656 apud
1806 3607 2027 3655 Lequinium
2054 3607 2116 3644 Or.
2145 3607 2202 3643 ch.
2230 3617 2330 3644 error
2353 3610 2429 3650 est)
2454 3617 2489 3653 p.
2516 3608 2571 3641 36.

1615 3667 1822 3714 Iinaginum
1847 3671 2056 3702 sanctarum
2081 3664 2349 3702 commendatio
2369 3675 2406 3712 p.
2425 3665 2506 3700 549.
2531 3661 2685 3695 Venera-

1684 3726 1735 3762 tio
1760 3724 1970 3762 earumdem
1996 3723 2203 3761 defenditur
2227 3734 2262 3771 p.
2287 3727 2366 3775 325.

1615 3778 1740 3821 Indiae
1765 3783 1994 3820 cellarienses
2018 3782 2155 3830 species
2179 3787 2216 3819 et
2239 3779 2447 3818 conditurae
2472 3787 2507 3822 p.
2534 3778 2616 3810 276.

1614 3842 1850 3880 Innocentius
1874 3843 1944 3884 ΡΒ.
1971 3841 2135 3889 augustis
2159 3838 2333 3882 Arcadio,
2353 3834 2535 3877 Honorio,
2557 3837 2593 3870 et
2616 3833 2687 3868 Eu-

2861 1101 2970 1260 ,Χ
