2970 4420
445 303 507 350 60
1167 304 1173 309 ’
1351 311 1355 313 ’
1392 317 1544 349 molus
1577 317 1754 349 ALLATn
1821 357 1827 366 ι

446 392 572 448 ἐσὝὶν
607 390 823 465 ὄρΓοῖνων
852 395 878 451 ἦ
909 391 1189 469 ὕδραυλις,
1219 392 1249 452 ἢ
1273 394 1370 449 τῶν
1399 392 1627 447 ἐνταὛῶν.’
1655 391 2004 467 ἈρισὙόξενος
2036 393 2128 468 μὲν
2160 392 2246 451 οὖν
2274 397 2426 451 τοῦτο
2458 398 2548 453 οὔκ
2575 395 2702 458 οἶδε·
2732 460 2742 466 ,

441 467 653 542 λε’γέΤαι
687 467 740 523 δὲ
772 469 1028 540 Πλάτωνα
1057 469 1241 544 μικράν
1270 492 1385 525 τινα
1415 466 1607 524 ἔννοιαν
1634 466 1811 523 δοῦναι
1841 470 1937 524 τοῦ
1963 471 2467 545 καὙασκευοίσματος,
2496 477 2702 550 νυκὟερι-

443 546 522 600 νόν
550 544 822 603 notio-affec
853 547 1155 620 ὦρολόΓιον,
1188 545 1350 607 εὀικός
1377 544 1451 618 τῷ
1479 542 1810 620 ὑδραυλικῷ,
1841 542 1949 602 οἷον
1976 547 2273 622 κλεψύδραν
2307 549 2531 619 μεΓοίλκν
2562 558 2698 608 λίαν.

439 635 495 679 Et
532 633 749 680 inferius:
792 621 919 677 ἔοικε
959 621 1015 677 δὲ
1048 619 1109 676 vo*
1145 620 1364 696 ὄργανον
1397 622 1559 694 βωμῷ
1595 621 1928 696 στρογγύλῳ·
1963 622 2053 678 καὶ
2087 625 2211 689 φασὶ
2250 627 2402 681 τοῦτο
2441 629 2693 701 εὑρῆσθαι

440 697 552 754 demo*
588 704 872 767 Κτησιβίου
909 697 1124 772 κουρέως
1164 695 1380 752 ἐνταῦθα
1417 697 1678 760 οἰκοῦντος
1716 699 1765 753 ἐν
1799 699 1863 771 τῇ
1889 698 2174 775 Ἀσπενδίᾳ
2213 698 2295 756 ἐπὶ
2325 703 2420 756 τοῦ
2454 701 2692 780 δευτέρου

438 775 730 850 Εὐεργέτου
754 819 764 839 ,
796 774 1079 848 διαπρέψαι
1116 797 1167 828 τε
1208 772 1332 839 φασὶ
1370 773 1639 846 μεγοίλως·
1675 774 1877 831 worm}
1918 772 2005 833 οὖν
2039 776 2124 830 καὶ
2159 776 2243 835 τὴν
2278 779 2442 832 αὐτοῦ
2471 778 2690 854 διδάξαι

438 853 644 909 Γυναῖκα
676 850 867 906 Θαΐδα.
903 861 1039 924 Vides
1066 861 1190 906 hunc
1220 859 1468 906 Ptolemaei
1495 861 1686 913 secundi
1712 856 1964 924 Evergetae
1990 864 2174 911 saeculo
2199 866 2480 913 excelluisse.
2507 870 2575 915 De
2603 869 2696 916 hoc

437 940 628 994 eodem,
655 949 698 986 et
723 941 781 986 de
814 941 911 986 eius
934 938 1130 983 inventis
1156 938 1393 983 Vitruvius
1424 936 1550 984 libro
1575 939 1653 983 IX.
1684 954 1785 1001 cap.
1817 941 1862 985 9.
1900 941 2024 985 Item
2057 953 2168 987 sunt
2200 959 2264 988 ex
2293 958 2422 1006 aqua
2454 944 2694 1007 conquisi-

436 1029 515 1063 tae
550 1017 612 1062 ab
650 1017 824 1062 eisdem
857 1014 1165 1078 scriptoribus
1195 1013 1552 1078 horologiorum
1588 1015 1820 1066 rationes,
1848 1016 2155 1080 primumque
2191 1034 2223 1064 a
2256 1020 2454 1066 Ctesibio
2489 1022 2694 1069 alexan-

435 1094 595 1145 drino,
633 1093 718 1156 qui
746 1092 892 1138 etiam
925 1091 1122 1155 spiritus
1155 1092 1436 1143 naturales,¹
1456 1092 1877 1156 pneumaticasque
1909 1109 1982 1139 res
2010 1093 2202 1141 invenit.
2240 1097 2335 1142 Sed
2365 1097 2440 1142 uti
2458 1098 2687 1160 fuerant,

434 1187 490 1217 ea
523 1171 787 1234 exquisita,
825 1169 1027 1232 dignum
1061 1168 1286 1215 studiosis
1324 1180 1393 1215 est
1429 1185 1700 1233 agnoscere.
1742 1169 1968 1217 Ctesibius
2002 1170 2129 1217 enim
2154 1172 2330 1234 suerat
2359 1175 2693 1223 *Alexandriae

433 1259 596 1298 natus,
614 1259 756 1310 patre
778 1257 977 1292 tonsore.
1002 1247 1051 1290 Is
1076 1245 1268 1308 ingenio
1292 1257 1337 1291 et
1357 1245 1598 1292 industria
1617 1262 1801 1310 magna
1818 1258 2016 1311 praeter
2037 1248 2240 1311 reliquos
2258 1250 2693 1302 excellens,'dictus

431 1336 500 1369 est
533 1322 808 1385 artificiosis
827 1322 974 1375 ,rebus
1001 1339 1048 1367 se
1073 1322 1324 1368 delectare.
1362 1324 1582 1385 Namque
1614 1339 1721 1368 cum
1753 1324 1971 1370 voluisset
1996 1324 2046 1370 in
2078 1324 2280 1371 taberna
2307 1325 2396 1372 sui.
2408 1327 2567 1390 patris
2589 1345 2691 1392 spe-

432 1402 588 1446 culum
618 1401 688 1446 ita
714 1399 945 1464 pendere,
977 1411 1029 1445 ut
1051 1399 1158 1445 cum
1183 1400 1480 1451 educeretur,
1510 1416 1789 1463 sursumque
1813 1401 2138 1453 reduceretur,
2173 1402 2305 1448 linea*
2324 1403 2476 1450 latens
2503 1405 2693 1468 pondus

432 1477 704 1528 deduceret,
739 1476 810 1522 ita
842 1476 1087 1523 collocavit
1123 1475 1545 1523 machinationem.
1587 1477 1810 1522 Canalem
1845 1476 2057 1540 ligneum
2083 1479 2168 1524 sub
2202 1478 2337 1543 tigno
2364 1479 2485 1536 fi'oeit
2513 1489 2601 1528 etc.
2633 1483 2690 1529 Et

429 1553 513 1599 lib.
543 1555 600 1599 X.
630 1569 732 1616 cap.
768 1555 841 1599 12.
880 1555 987 1599 Post
1013 1554 1268 1615 expositam
1300 1552 1562 1599 ctesibicam
1586 1552 1873 1607 machinam,
1901 1566 2020 1616 quae
2044 1554 2262 1602 altissime
2286 1555 2465 1603 extollit
2494 1571 2684 1619 aquam,

430 1629 602 1677 subdit.
642 1631 738 1676 Nec
771 1642 932 1675 tamen
970 1629 1088 1675 haec
1120 1630 1222 1675 sola
1256 1630 1384 1676 ratio
1423 1628 1616 1676 Ctesibii
1640 1629 1811 1691 fertur
1844 1630 2117 1694 exquisita,
2152 1631 2237 1677 sed
2265 1632 2413 1679 etiam
2438 1633 2603 1696 plures
2643 1646 2689 1680 et

430 1707 577 1754 variis
598 1707 849 1771 generibus
880 1706 1033 1758 aliae,
1065 1722 1188 1769 quae
1215 1706 1276 1752 ab
1299 1723 1351 1752 eo
1385 1706 1566 1769 liquore
1585 1706 1911 1770 pressionibus
1938 1720 2101 1755 coacto
2128 1708 2321 1772 spiritu,
2351 1711 2517 1772 efferre
2542 1726 2574 1756 a
2597 1726 2689 1758 na-

428 1797 540 1830 tura
574 1796 817 1831 mutuatos
844 1787 1036 1847 effectus
1064 1784 1400 1830 ostenduntur:
1429 1784 1514 1829 uti*
1535 1784 1853 1836 merularum,
1884 1801 2007 1848 qaae
2030 1801 2186 1848 aquae
2218 1797 2348 1832 motu
2382 1803 2511 1834 voces
2542 1788 2689 1834 edunt

428 1874 570 1924 atque
594 1862 845 1925 engibata,
874 1877 997 1924 quae
1031 1861 1242 1907 bibentia
1278 1861 1470 1906 tandem
1503 1872 1687 1907 movent
1719 1860 1907 1925 sigilla,
1937 1873 2184 1925 ceteraque
2215 1879 2338 1926 quae
2359 1863 2688 1911 delectationi*

430 1940 514 1985 bus
538 1941 781 1986 oculorum
814 1951 858 1985 et
884 1939 1078 1986 aurium
1112 1955 1272 1985 sensus
1307 1935 1622 1985 blandiuntur
1631 1958 1647 1991 ,·
1678 1955 1703 1983 e
1736 1939 1908 2001 quibus
1939 1956 2062 2002 quae
2091 1940 2307 1986 maxime
2334 1940 2498 1992 utilia,
2527 1953 2574 1988 et
2603 1958 2686 1987 ne-

428 2017 636 2062 cessaria
671 2016 907 2067 iudicavi,
935 2016 1106 2079 selegi;
1133 2027 1178 2061 et
1210 2016 1259 2061 in
1289 2015 1450 2079 priori
1480 2015 1713 2063 volumine
1735 2016 1793 2061 de
1817 2015 2101 2080 horologiis.
2132 2016 2182 2062 in
2214 2015 2302 2063 hoc
2325 2029 2486 2064 autem
2515 2017 2576 2082 =de
2599 2035 2685 2065 ex-

423 2093 743 2155 pressionibus
777 2108 932 2156 aquae
966 2092 1218 2138 dicendum
1244 2091 1435 2155 putavi.
1473 2092 1674 2155 Reliqua
1704 2107 1827 2155 quae
1860 2109 1954 2138 non
1987 2104 2098 2138 sunt
2130 2093 2200 2139 ad
2228 2094 2573 2146 necessitatem,
2601 2095 2688 2141 sed

427 2172 496 2216 ad
527 2171 811 2218 deliciarum
846 2172 1158 2233 voluptatem,
1188 2169 1274 2232 qui
1305 2169 1574 2234 cupidiores
1598 2181 1758 2221 erunt,
1787 2170 1888 2216 eius
1911 2170 2200 2218 subtilitates
2225 2188 2288 2216 ex
2322 2171 2469 2234 ipsius
2494 2170 2686 2218 Ctesibii

427 2248 780 2295 commentariis
797 2259 1022 2311 poterunt
1047 2246 1269 2293 invenire.
1298 2248 1355 2292 Et
1386 2247 1561 2293 Plinius
1584 2247 1669 2293 lib.
1697 2248 1795 2294 Vll.
1823 2263 1923 2310 cap.
1953 2247 2033 2295 38.
2059 2248 2310 2294 Laudatus
2334 2260 2402 2294 est
2428 2247 2677 2310 Ctesibius,

422 2324 726 2387 pnevmatica
755 2323 941 2369 ratione
974 2335 1018 2368 et
1043 2322 1343 2386 hydraulicis
1374 2323 1573 2386 organis
1595 2323 1809 2387 repertis.
1848 2324 2011 2370 Senior
2034 2323 2244 2371 diversus
2270 2323 2329 2371 ab
2354 2324 2682 2379 alexandrino,

425 2410 701 2463 praeceptor
735 2401 934 2447 Heronis
969 2400 1162 2445 senioris
1198 2400 1278 2460 qui
1319 2400 1640 2453 mechanicus,
1678 2408 1731 2445 ut
1766 2398 1824 2446 ab
1864 2399 2166 2446 alexandrino
2204 2399 2596 2462 distingueretur,
2635 2409 2683 2447 et

424 2487 618 2540 propter
642 2479 767 2524 varia
795 2479 840 2522 in
868 2477 1144 2522 mechanicis
1167 2485 1489 2530 monumenta,
1520 2475 1953 2539 cognominabatur.
1979 2474 2444 2523 MeminitVitruvius
2466 2476 2554 2537 lib.
2577 2478 2678 2524 VII.

424 2556 471 2600 in
506 2556 777 2616 prooemio,
816 2570 870 2600 ex
905 2569 1053 2615 eoque
1087 2569 1134 2600 se
1167 2553 1417 2616 profecisse
1451 2554 1637 2600 fatetur.
1676 2554 1783 2599 Non
1816 2553 1973 2599 minus
2011 2552 2068 2598 de
2099 2551 2537 2599 machinationibus
2571 2570 2683 2600 con-

423 2631 731 2695 scripserant,
763 2631 836 2676 uti
867 2630 1083 2684 ,Cliades,
1110 2629 1358 2681 Architas,
1386 2629 1712 2681 Archimedes,
1751 2629 2001 2681 Ctesibius,
2031 2628 2398 2693 Nymphodorus
2431 2638 2519 2683 etc.
2558 2631 2682 2686 Ouo-

424 2726 529 2754 rum
562 2726 625 2755 ecc
659 2708 1011 2755 commentariis
1045 2724 1167 2771 quae
1200 2707 1342 2753 utilia
1370 2723 1466 2754 esse
1501 2707 1551 2753 in
1585 2706 1661 2753 his
1694 2707 1831 2754 rebus
1861 2706 2204 2758 animadverti,
2234 2707 2429 2753 collecta
2455 2706 2507 2753 in
2531 2723 2680 2754 unum

423 2786 558 2849 coe'gi
584 2802 767 2850 corpus.
806 2787 907 2831 Hoc
932 2785 1229 2831 manifestum
1262 2783 1313 2830 fit
1349 2800 1404 2831 ex
1437 2784 1661 2831 Athenaei
1685 2783 1810 2830 dicto
1837 2784 1969 2838 loco,
1995 2782 2077 2830 ubi
2099 2783 2396 2846 Tryphonem
2426 2780 2679 2845 reprehen-

422 2864 514 2915 dit,
543 2865 623 2925 qui
648 2863 930 2926 hydrauleos
960 2863 1227 2916 inventum,
1254 2861 1384 2923 quod
1410 2861 1468 2908 ad
1486 2860 1848 2908 'alexandrinum
1872 2861 2173 2909 referendum
2207 2868 2327 2914 erat,
2356 2860 2415 2906 ad
2444 2860 2680 2907 mechani-

423 2956 527 2987 cum
562 2941 798 2992 retulerit,
827 2939 1026 3001 ideoque
1060 2939 1218 2986 scribit
1250 2939 1584 2985 hallucinatum
1617 2939 1665 2984 in
1699 2939 1906 2985 nomine.
1946 2926 2157 3003 Τρύφων
2194 2923 2243 2978 δ’
2281 2926 2330 2982 ἐν
2363 2931 2512 3000 τρίτῳ
2547 2925 2672 3002 «περὶ

422 3008 702 3079 ὀνομασιῶν
743 3004 873 3076 (ἕσἿί
911 3003 963 3059 δὲ
1001 3003 1061 3060 τδ
1097 3003 1408 3080 σύγΓραμμα
1442 3005 1552 3079 περὶ
1591 3005 1764 3061 αὖλόῖν
1797 3002 1886 3058 καί
1917 3002 2174 3078 ὀργάνων)
2215 3001 2511 3076 συγΓροίψαι
2551 3002 2673 3068 φησὶ

426 3083 534 3158 περὶ
568 3085 655 3145 τῆς
687 3081 985 3158 ὑδραύλεως
1016 3079 1407 3149 Κτησίβιοντόν
1437 3080 1736 3152 μηχανικόν·
1769 3079 1866 3149 ε’·γῶ
1898 3078 1954 3135 δὲ
1987 3081 2077 3134 οὐκ
2105 3075 2224 3133 οἶδα
2255 3076 2389 3151 εἴπερ
2421 3078 2478 3132 τὸ
2513 3076 2676 3150 ὄνομα

426 3158 713 3224 σφοῖλλεὟαι
733 3202 744 3223 ,
781 3170 855 3216 vel
887 3178 939 3216 ut
964 3170 1040 3215 alii
1075 3169 1259 3231 legunt,
1301 3158 1342 3212 εἷ
1372 3158 1481 3231 περὶ
1514 3158 1571 3212 τό
1605 3156 1767 3230 ὄνομα
1795 3156 2100 3223 σφάλλεἹαι.
2135 3167 2280 3214 Idest:
2312 3165 2530 3230 Tryphon
2552 3166 2674 3226 libs-o

422 3246 561 3294 tertio
587 3247 643 3292 de
668 3263 826 3293 rerum
862 3246 1262 3310 appellationibus
1298 3249 1398 3305 (est
1432 3257 1593 3291 autem
1621 3245 1675 3290 id
1698 3260 1815 3308 opus
1847 3244 1905 3289 de
1938 3243 2070 3289 tibiis
2099 3255 2145 3289 et
2179 3242 2503 3289 instrumentis
2525 3244 2677 3289 musi·
2713 3272 2715 3275 -

423 3338 584 3367 corum
607 3323 923 3387 compositum
937 3325 955 3383 )
992 3335 1164 3369 narrat
1197 3320 1805 3388 Ctesibiumvmechanicum
1836 3320 1895 3366 de
1927 3318 2180 3382 hydraulis
2214 3319 2453 3381 quaedam
2483 3319 2674 3382 scriptis

422 3398 692 3457 mandasse.
720 3399 844 3446 Mihi
867 3416 971 3447 vero
996 3411 1285 3463 compertum
1308 3415 1402 3445 non
1429 3410 1520 3449 esc,
1546 3414 1612 3444 an
1633 3398 1691 3443 de
1717 3396 1818 3461 ipso
1839 3395 2029 3442 nomine
2050 3394 2374 3440 hallucinatus
2396 3394 2476 3440 sit.
2506 3393 2678 3442 Obiicit

420 3474 684 3536 Tryphoni,
717 3476 845 3539 quod
869 3477 1187 3523 mechanicum
1214 3476 1518 3539 appellaverit
1538 3473 1792 3522 Ctesibium
1815 3471 2097 3535 hydrauleos
2120 3471 2433 3524 inventorem,
2461 3486 2567 3517 cum
2596 3471 2677 3518 de-

422 3549 597 3596 buisset
628 3551 861 3613 appellare
894 3553 1261 3599 alexandrinum.
1298 3553 1355 3597 Et
1387 3551 1500 3597 haec
1534 3558 1603 3597 est
1633 3550 1856 3605 sententia
1891 3547 2137 3599 Athenaei,
2171 3561 2267 3593 non
2303 3562 2443 3608 quam
2474 3548 2673 3594 somniat

423 3625 719 3673 Casaubonus
750 3628 949 3674 animad.
981 3628 1065 3675 lib.
1095 3630 1169 3676 IV.
1200 3644 1301 3692 cap.
1329 3628 1408 3675 23.
1446 3629 1541 3674 Nec
1573 3626 1727 3674 obstat
1760 3626 1935 3679 dicere,
1963 3625 2197 3671 Heronem
2233 3623 2462 3670 seniorem
2492 3622 2552 3671 de
2583 3623 2673 3685 hy-

423 3703 643 3750 draulicis
673 3702 896 3749 machinis
922 3705 1147 3753 nonnulla
1181 3703 1307 3752 libro
1342 3704 1620 3767 spiritalium
1653 3703 1924 3756 inseruisse,
1960 3715 2079 3763 quae
2109 3699 2292 3745 nonnisi
2327 3698 2385 3746 ad
2418 3698 2671 3746 Ctesibium

423 3779 745 3827 mechanicum
778 3779 941 3826 referri
968 3789 1185 3842 possunt,
1214 3797 1320 3828 cum
1348 3780 1674 3828 alexandrinus
1689 3779 1850 3827 multo
1869 3777 1954 3824 illo
1974 3776 2165 3823 inferior
2185 3777 2258 3823 sit.
2295 3777 2505 3838 Namque
2527 3775 2672 3824 Athe-

424 3871 564 3903 naeus
604 3855 772 3918 aliique
809 3871 904 3904 non
940 3871 1101 3905 omnes
1133 3857 1514 3918 hydraulicorum
1550 3857 1922 3905 ratiocinationes
1954 3852 2254 3902 alexandrino
2288 3852 2402 3901 dant
2433 3850 2672 3903 sednon-
