2970 4420
441 247 503 292 92
777 311 783 315 .
1388 265 1539 296 Lnoms
1572 266 1748 297 ΑιιΑΤιι

569 348 812 410 Praetereo
846 350 921 396 hic
951 349 1242 398 dialecticum
1270 351 1566 397 Theodorum
1590 352 1798 398 Cronum
1830 351 2146 408 dialecticum,
2173 363 2481 401 memoratum
2514 370 2540 401 a
2569 356 2695 403 Stra-

440 423 564 471 bone
599 424 682 471 lib.
712 428 850 473 XVII.
890 427 999 490 (ed.
1028 429 1175 474 Amst.
1206 445 1252 490 p.
1283 429 1394 474 838.
1422 427 1610 491 marg.)
1644 429 1871 491 quando
1859 445 1952 477 lam
1979 430 2275 478 Casaubonus
2305 432 2551 478 lectionem
2574 431 2715 479 hanc·

439 502 486 546 in
520 505 781 563 germanica
818 504 1020 551 editione
1057 520 1301 591 perperam
1335 505 1608 566 impressam
1642 508 1889 596 expunxit,
1916 515 1962 554 et
1995 522 2051 554 ex
2081 508 2314 586 veteribus
2347 507 2584 555 codicibus
2615 524 2696 554 ve-

439 594 536 625 iam
574 580 820 628 lectionem
853 584 1125 633 restituens,
1154 582 1201 626 in
1231 581 1496 627 Diodorum
1527 584 1804 631 immutavit.

564 659 677 704 LIV.
714 659 984 705 Theodorus
1022 658 1214 704 solensis
1250 659 1572 706 mathematica
1609 660 1813 707 Platonis
1853 662 2180 725 interpretatus
2220 671 2316 717 est,
2359 649 2628 725 Θεόδωρος
2664 652 2688 704 ὁ

439 724 620 786 σολεὺς
651 726 674 777 ὁ
708 724 1035 798 ἐξκΓούμενος
1067 722 1132 778 τοὶ
1167 722 1503 795 μαθηματικοὶ
1528 728 1623 780 τοῦ
1648 722 1935 791 Πλάτωνος.
1972 739 2245 787 Plutarchus
2278 740 2336 786 de
2368 739 2551 786 defectu
2585 754 2692 786 ora-

436 810 650 857 culorum
687 812 850 874 (Conf.
881 812 955 858 ed.
990 809 1160 858 Reiskii
1191 813 1241 858 T.
1270 813 1368 858 Vll.
1404 828 1452 875 p.
1488 813 1637 876 684.)
1672 815 1889 862 Eiusdem
1923 817 2134 863 meminit
2166 817 2225 862 de
2262 818 2440 862 animae
2480 830 2692 877 procrea-

435 889 561 934 tione
597 889 707 950 (ed.
740 891 816 934 cit.
852 889 899 934 T.
929 891 986 934 X.
1020 905 1067 950 p.
1103 890 1214 934 240
1239 888 1253 951 )
1287 889 1506 951 illiusque
1548 893 1595 937 in
1629 892 1799 939 lemma
1839 892 2123 955 platonicum
2163 894 2498 955 expositionem
2538 891 2688 938 affert.

436 965 765 1026 (Theodoium
803 946 1114 1028 platonicum,
1141 975 1372 1012 memorat
1404 969 1643 1015 Nemesius
1678 969 1738 1015 de
1770 977 1865 1015 nat.
1895 969 2024 1016 hom.
2061 985 2163 1031 cap.
2191 971 2250 1016 ΙΙ.
2289 958 2550 1020 Εἷτωόντος
2584 957 2691 1032 γὰρ

434 1031 711 1094 Πλάτωνος
740 1033 833 1094 τοὶς
857 1031 948 1102 μὲν
979 1030 1193 1104 θυμικάς
1219 1031 1302 1086 καὶ
1334 1033 1568 1106 ὅρΓίλους
1595 1034 1679 1089 καὶ
1710 1034 2015 1110 οἱρπακΎικοὶς
2043 1034 2223 1107 ψυχας
2249 1035 2415 1091 λόκων
2441 1058 2524 1090 και
2553 1033 2694 1090 λεόν-

435 1132 530 1164 των
567 1108 777 1198 cuipam
811 1106 1295 1181 μεταμφιεννυσθαι·
1329 1109 1421 1171 τοὶς
1455 1108 1509 1164 δὲ
1542 1111 1652 1185 περὶ
1688 1135 1773 1170 την
1806 1112 2094 1167 ἀκολασίαν
2125 1111 2481 1184 κσχολκμένας
2518 1109 2692 1175 δ’νὟων,

435 1209 519 1240 και
559 1210 653 1240 των
687 1184 929 1240 τοιούτων
961 1185 1348 1256 ἀναλαμβάνειν
1385 1186 1616 1255 σώμαὛα,
1651 1189 1699 1243 οἱ
1734 1188 1828 1260 μὲν
1862 1188 2046 1265 κυρίως
2081 1187 2300 1247 ἥκουσαν
2335 1188 2453 1250 τοὺς
2486 1187 2692 1250 λεόνΤας

436 1262 522 1316 καὶ
562 1262 680 1324 τοὺς
717 1262 906 1324 λύκους
949 1286 1031 1316 και
1072 1286 1189 1325 τους
1227 1260 1385 1325 ὅνους·
1424 1264 1471 1316 οἱ
1511 1260 1569 1317 δὲ
1599 1289 1864 1335 τροτωικως
1901 1266 2052 1322 αὐτὸν
2062 1265 2355 1362 εἰρηκέναι
2378 1263 2692 1339 διέγνωσαν,

433 1363 497 1392 τα
535 1338 632 1397 ἔθη
669 1336 758 1393 δια
787 1364 883 1394 των
919 1338 1054 1414 ζωων
1085 1346 1512 1435 παρεμφαίνοντα.
1546 1339 1759 1414 Κρόνιος
1790 1367 1880 1412 μεν
1912 1366 2019 1417 ’γαρ
2057 1343 2104 1399 ἐν
2136 1343 2210 1415 τῷ
2240 1365 2350 1414 περι
2385 1352 2694 1415 παλιγγενε·

435 1415 581 1479 σιάς,
613 1414 741 1470 οὕτω
777 1415 830 1470 δὲ
866 1417 1023 1471 καλει
1055 1440 1141 1474 την
1175 1415 1643 1489 με’Τενσωματωσιν,
1676 1417 1887 1480 λοΓικοὶς
1914 1419 2078 1479 ποίσας
2114 1418 2375 1484 βοόλὲῖαι·
2414 1419 2600 1490 ὁμοίως
2636 1414 2688 1471 δε

435 1516 516 1547 και
559 1475 885 1568 Θεόδωρος
861 1518 883 1546 ο
920 1492 1239 1574 πλατωνικὸς
1277 1494 1324 1549 ἐν
1355 1495 1455 1567 τῷ,
1494 1490 1569 1547 ότι
1605 1519 1630 1552 n
1664 1492 1810 1566 ψυχῇ
1846 1493 2010 1550 πάντα
2043 1494 2109 1549 τοὶ
2144 1493 2253 1552 εἴδη
2293 1494 2416 1548 ἐστι·
2449 1518 2530 1549 και
2566 1499 2693 1578 Πορ-

435 1569 616 1645 φόριος
653 1571 853 1641 ὅμοι’·ως
885 1566 1201 1643 Ἰαμβλιχος
1247 1568 1305 1625 δε
1338 1595 1422 1629 τῆν
1462 1571 1684 1626 ἐναντίαν
1725 1570 1929 1634 τούτοις
1966 1569 2203 1644 δραμων,
2240 1572 2343 1625 κατ’
2384 1568 2520 1632 εἶδος
2562 1576 2690 1625 εἰναι

430 1647 616 1721 λέγει,
647 1646 806 1720 κ’γουν
843 1645 952 1707 ειὸη
990 1646 1234 1721 διαφορα·
1265 1646 1547 1722 γεΤραπται
1579 1649 1709 1722 γοῦν
1742 1649 1883 1723 αὐτῷ’
1913 1647 2234 1721 μονόβιβλον
2272 1646 2581 1723 ἐπιγραφὲν,
2613 1644 2690 1701 ὅτι

387 1759 390 1762 Δ
432 1725 521 1779 οὐκ
554 1725 640 1778 ἀπ’
676 1723 943 1799 ἀνθρώπων
979 1747 1049 1787 εις
1083 1724 1218 1797 ζωα,
1249 1723 1369 1779 οὐδε
1404 1725 1499 1779 oin-5
1539 1723 1746 1793 ἀλόγων
1783 1726 1854 1787 εἷς
1889 1724 2189 1796 ἀνθρωπους
2225 1726 2280 1779 αἱ
2315 1722 2694 1798 με’Τενσωματω-

431 1825 534 1863 σεις
560 1807 825 1875 γίνονται,
863 1802 1010 1857 αλλοὶ
1045 1801 1155 1856 οἷωό
1194 1801 1333 1898 ζοξων
1368 1824 1440 1864 εις
1474 1802 1610 1875 ζωα,
1647 1801 1731 1856 καὶ
1767 1801 1879 1856 oleas&
1918 1800 2212 1876 ἀνθρώπων
2249 1824 2319 1864 εις
2353 1800 2690 1873 ἅνθρωωους·

431 1878 583 1952 κᾴμοι
626 1877 768 1933 ὃοκει
798 1880 1008 1950 μαλλον
1046 1875 1194 1941 οὗτος
1233 1901 1371 1933 ενεκα
1404 1879 1589 1933 τούτου
1626 1880 1798 1941 καλως
1835 1877 2277 1949 κατεστοχοῖσθαι,
2311 1903 2377 1950 μη
2414 1901 2569 1949 μονον
2601 1900 2692 1939 της

428 1954 706 2018 Πλατωνος
737 1979 967 2027 γνωμης,
998 1955 1146 2011 αλλα
1179 1980 1261 2011 και
1302 1980 1392 2019 της
1424 1954 1671 2019 αλκθείας
1705 1956 1878 2018 αὐτῆς·
1914 1957 1980 2018 ὥς
2017 1954 2115 2010 ἕσἿί
2147 1979 2239 2028 μεν
2270 1979 2352 2009 και
2394 1978 2448 2009 εκ
2480 1955 2693 2008 πολλων

431 2030 612 2089 ἄλλων
652 2032 941 2106 ἐπιδεῖξαι,
968 2033 1199 2104 μα’λισἻα
1235 2031 1288 2088 δὲ
1329 2033 1381 2086 ἐκ
1414 2032 1603 2088 τούτων
1636 2056 1677 2087 κ.
1706 2057 1749 2088 τ.
1779 2042 1830 2087 λ.
1865 2033 1953 2103 (ι).
1992 2044 2106 2089 Cum
2133 2042 2261 2089 enim
2286 2043 2426 2088 Plato
2452 2040 2695 2105 scripserit
2733 2053 2738 2061 ’

412 2118 641 2179 furiosas
667 2133 711 2165 et
740 2120 1001 2187 iracundas
1034 2132 1079 2165 et
1103 2136 1301 2184 rapaces
1325 2120 1540 2172 animas,
1572 2119 1623 2166 in
1648 2121 1869 2184 luporum
1891 2130 1942 2167 et,
1961 2120 2148 2166 leonum
2172 2134 2371 2182 corpora
2405 2116 2667 2179 transferri
2676 2135 2691 2170 ‚-

426 2211 551 2257 quae
576 2213 679 2254 vero
707 2197 1016 2262 intemperate
1040 2197 1290 2249 vixissent,
1320 2198 1565 2244 asinorum
1599 2209 1644 2243 et
1677 2197 1912 2244 similium
1946 2212 2147 2261 corpora
2177 2212 2440 2251 assumerc;
2465 2195 2558 2242 alii
2580 2210 2697 2258 pro-

420 2273 527 2335 prie
553 2272 890 2320 intelleoeerunt
916 2276 1068 2321 leones
1092 2287 1137 2320 et
1163 2275 1297 2338 lupos
1325 2287 1370 2320 et
1395 2274 1583 2328 asinos‚·
1613 2274 1705 2322 alii
1725 2273 1993 2321 mutatione
2025 2274 2271 2321 verborum
2303 2289 2410 2319 eum
2438 2288 2576 2318 usum
2599 2287 2695 2317 esse

430 2349 730 2409 iudicarunt,
762 2368 820 2397 ac
844 2369 996 2398 mores
1021 2369 1113 2416 per
1137 2352 1378 2398 animalia
1402 2352 1695 2415 designasse.
1736 2351 1932 2398 Cronius
1956 2351 2082 2397 enim
2108 2351 2159 2396 in
2183 2351 2326 2402 libro,
2356 2366 2494 2412 quem
2517 2349 2575 2395 de
2608 2348 2695 2394 ite-

428 2440 535 2473 rato
568 2440 676 2474 ortu
704 2428 892 2491 scripsit
930 2432 947 2489 (
963 2429 1034 2474 ita
1057 2428 1183 2474 enim
1210 2428 1553 2493 migrationem
1586 2429 1723 2475 illam
1757 2428 1815 2474 de
1849 2445 1942 2476 uno
1976 2443 2168 2491 corpore
2200 2428 2250 2473 in
2284 2427 2423 2473 aliud
2450 2426 2692 2489 appellat)

427 2516 586 2570 omncs
617 2506 808 2552 animas
844 2507 1030 2553 ratione
1057 2507 1312 2571 praeditas
1344 2523 1440 2552 csse
1471 2507 1587 2553 vult.
1625 2496 1861 2553 Similiter
1896 2504 2161 2552 Theodorus
2188 2504 2459 2568 platonicus
2493 2503 2542 2548 in
2573 2502 2696 2548 libro

427 2583 512 2644 qui
545 2583 843 2635 inscribitur,
875 2584 1093 2630 animam
1123 2601 1218 2630 esse
1244 2601 1403 2630 omnes
1437 2583 1630 2647 species.
1669 2585 1884 2646 Itemque
1913 2581 2226 2646 Porphyrius.
2265 2578 2558 2628 lamblichus
2590 2594 2696 2626 vero

428 2661 725 2708 contrariam
756 2662 993 2708 rationem
1026 2662 1262 2725 sequitur,
1299 2674 1344 2707 et
1373 2662 1572 2726 perinde
1605 2673 1857 2723 utcumque
1877 2660 2041 2722 fuerit
2073 2659 2246 2723 species
2280 2657 2589 2707 animalium,
2621 2656 2693 2702 ita

429 2737 623 2785 animae
655 2739 853 2802 speciem
876 2756 972 2785 esse
997 2739 1139 2793 clicit‚·
1165 2739 1293 2802 quod
1318 2738 1443 2784 lianc
1465 2737 1608 2784 habet
1634 2738 1752 2788 vim,
1781 2737 1955 2801 species
1982 2736 2382 2782 animarum'esse
2403 2734 2691 2796 differentes.

428 2816 557 2860 Nam
595 2815 771 2862 libr-um
805 2816 958 2862 edidit
986 2832 1134 2862 unum
1167 2833 1276 2862 cum
1306 2815 1621 2879 inscriptione
1656 2814 1771 2860 hac:
1799 2830 1894 2866 non
1912 2814 2039 2876 fieri
2068 2812 2382 2877 migrationes
2414 2810 2695 2857 animarum

431 2891 493 2937 ab
518 2891 788 2939 hominibus
822 2894 890 2940 ad
920 2893 1119 2944 bestias,
1150 2910 1298 2956 neque
1332 2909 1365 2939 a
1399 2892 1558 2939 bestiis
1587 2892 1656 2938 ad
1682 2890 1921 2944 homz‘nes‚·
1947 2891 2032 2944 sed
2062 2890 2123 2936 ab
2157 2888 2454 2936 animalibus
2488 2887 2556 2933 ad
2584 2886 2694 2932 ani-

430 2969 605 3020 malia,
641 2982 686 3016 et
720 2971 781 3016 ab
815 2969 1086 3017 hominibus
1122 2970 1192 3016 ad
1214 2969 1447 3017 homines.
1486 2971 1547 3016 In
1586 2985 1678 3032 quo
1716 2967 1840 3015 mihi
1873 2966 1952 3013 liic
1985 2967 2176 3030 quidem
2210 2966 2394 3013 videtur
2427 2981 2520 3011 non
2554 2962 2693 3009 modo

430 3048 646 3094 Platonis
671 3048 960 3112 opinionem,
987 3050 1072 3096 sed
1095 3048 1243 3094 etiam
1273 3048 1520 3095 veritatem
1545 3064 1669 3111 prae
1693 3047 1860 3094 ceteris
1890 3062 1986 3093 esse
2019 3057 2282 3096 assecutus,
2313 3056 2365 3090 ut
2388 3055 2490 3089 tum
2523 3041 2687 3088 multis

431 3126 566 3177 altis,
597 3138 698 3172 tum
731 3126 805 3172 liis
834 3126 1091 3190 praecipue
1126 3125 1393 3173 rationibus
1430 3125 1538 3171 licet
1567 3124 1809 3171 ostendere
1841 3132 1930 3171 etc.
1952 3123 1967 3186 )

560 3206 650 3250 LV.
687 3204 998 3250 Theodorum
1020 3205 1254 3250 asinaeum
1280 3203 1472 3249 Proclus
1500 3201 1561 3249 ad
1590 3202 1875 3264 theologiam
1901 3200 2106 3246 Platonis
2135 3198 2220 3244 lib.
2248 3200 2284 3244 Ι.
2315 3212 2416 3260 cap.
2450 3199 2492 3243 1.
2522 3193 2606 3242 lib.
2634 3195 2690 3241 V.

434 3295 535 3342 cap.
567 3283 645 3327 30.
674 3281 758 3327 lib.
787 3282 862 3328 lV.
892 3296 993 3343 cap.
1028 3282 1102 3327 16.
1132 3289 1178 3326 et
1203 3279 1287 3326 hb
1316 3281 1396 3325 111.
1427 3279 1486 3325 ad
1508 3280 1769 3325 Timaeum.
1811 3267 1865 3321 ἐκ
1897 3289 1985 3327 τνις
2014 3266 2213 3326 ΗΑσινκς
2242 3262 2558 3330 φιλόσοφον,
2594 3264 2719 3318 ast-⁴

435 3372 608 3402 naeum
628 3357 961 3421 philosophum
986 3366 1142 3404 vocat:
1176 3372 1260 3403 nec
1287 3357 1431 3402 alium
1457 3356 1718 3417 intelligere
1742 3370 1883 3416 quam
1905 3353 2230 3404 Theodorum,
2259 3367 2314 3397 ex
2339 3352 2411 3396 his
2436 3365 2554 3412 quae
2582 3348 2694 3395 sub-

436 3433 528 3487 dit,
556 3435 849 3481 manifestum
876 3444 960 3481 est.
998 3435 1127 3480 Illius
1151 3449 1340 3496 quoque
1364 3434 1422 3480 de
1446 3431 1715 3479 nominibus
1742 3431 1916 3478 librum
1945 3429 2106 3476 laudat
2139 3427 2333 3474 ibidem.
2365 3417 2429 3469 O
2466 3416 2556 3487 μὲν
2585 3438 2691 3489 γαρ

2548 3492 2573 3504 Ν
2624 3492 2670 3511 ¹),

440 3499 492 3552 ἐκ
530 3502 617 3560 wig
647 3501 844 3562 ’'Aotvnc
880 3500 1168 3567 φιλόσοφος
1203 3500 1277 3574 τῷ
1309 3505 1550 3572 Πλωτίνῳ
1587 3496 1922 3571 πειθόμενος,
1952 3495 2009 3551 τό
2045 3516 2310 3570 προσεχως
2343 3492 2440 3547 oin-5
2477 3515 2567 3546 του
2606 3515 2693 3565 αρ-

523 3661 571 3702 (1)
596 3659 703 3694 Hanc
731 3664 892 3705 partem,
913 3670 1023 3706 quam
1048 3660 1156 3697 uncis
1181 3659 1334 3706 inclusi,
1355 3659 1473 3706 reperi
1498 3668 1665 3696 seorsum
1690 3658 1731 3694 in
1751 3655 1886 3694 scheda
1908 3654 2058 3698 Allata,
2078 3662 2190 3700 quam
2216 3656 2295 3689 erat
2319 3651 2406 3688 huie
2430 3655 2474 3687 ut
2498 3654 2587 3698 puto
2612 3649 2693 3687 loco

439 3718 620 3755 diatribae
645 3727 731 3754 suae
757 3717 961 3755 additurus.
987 3719 1159 3756 Latinam
1192 3730 1274 3756 vero
1307 3719 1646 3767 interpretationem
1680 3717 1819 3766 sumpsi
1849 3727 1892 3753 ex
1925 3713 2155 3763 plantiniana
2178 3712 2339 3749 Nemesii
2363 3711 2536 3748 editione.
2564 3708 2692 3747 Obiter

439 3776 641 3814 lectoribus
666 3776 869 3822 nunciam,
889 3782 1034 3814 notatos
1060 3778 1152 3815 mihi
1179 3789 1257 3817 esse
1273 3778 1477 3816 nonnullos
1501 3783 1663 3817 veterum
1688 3777 1735 3815 de
1759 3776 1883 3814 anima
1907 3783 1995 3812 mss.
2017 3777 2193 3810 tractatus
2218 3781 2384 3820 graecos,
2401 3780 2493 3818 quos
2516 3774 2559 3806 ut
2582 3778 2688 3817 spero

440 3835 573 3873 deinde
603 3831 705 3885 typis¹
726 3834 881 3872 tradam.
908 3838 954 3871 A.
981 3837 1031 3871 M.

2967 2845 2970 2852 .
2964 2806 2970 2818 ,ι
2953 2507 2970 2793 ,fmx—Qssd—
2967 2483 2970 2492 -
2967 2450 2970 2472 .-.
2965 2411 2970 2438 ,Δ
2961 2377 2970 2385 „i
