2970 4420
452 250 543 296 132
1395 265 1546 297 moins
1579 266 1758 297 ALLA'rn

446 362 650 411 ταγμα,
685 366 788 401 cum
823 360 869 397 et
904 360 1013 398 tunc
1043 359 1088 398 et
1122 353 1300 415 aliquot
1329 360 1447 413 post,
1468 351 1662 397 saeculis
1688 351 2006 412 Chrysostomi
2033 369 2294 417 cognomen
2325 358 2538 420 ignotum
2569 359 2709 407 fuisse

446 427 684 480 videatur,
711 435 763 473 ut
798 442 854 473 ex
884 428 1084 490 Georgio
1118 427 1421 475 alexandrino
1454 428 1535 488 qui
1567 435 1673 489 post
1707 428 1934 479 ducentos
1971 431 2216 478 minimum
2251 448 2398 480 annos
2433 435 2570 490 vixit,
2599 451 2712 482 con-

447 512 567 550 stare
591 512 760 566 potest.
795 506 894 560 Qua
919 512 1064 551 aetate
1090 505 1309 551 ,auditum
1335 504 1393 549 sit
1427 519 1598 550 nomen
1621 503 1964 565 Chrysostomi,
1991 506 2137 553 fusius
2162 506 2274 572 alibj
2300 510 2525 566 diximus,
2554 511 2712 558 subdit

446 582 754 634 Alemannus,
783 589 834 627 ut
866 582 941 627 hic
974 590 1185 643 repetere
1217 596 1335 642 opus
1370 595 1466 625 non
1500 580 1575 626 sit.
1614 580 1844 627 Addimus
1872 582 1930 628 ad
1965 582 2221 631 illa-modo
2250 587 2381 633 haec.
2418 589 2543 634 Licet
2567 588 2710 651 Chry-

447 666 678 704 sostomus
704 666 808 704 ante
831 673 970 718 quam
994 658 1043 703 in
1079 657 1379 703 solitudinem
1410 658 1614 710 veniret,
1644 672 1782 720 saepe
1817 673 1925 704 suae
1960 660 2254 722 eloquentiae
2285 664 2516 725 specimen
2549 665 2711 712 edide-

448 735 534 788 rit,
572 743 624 779 ut
657 735 705 779 in
737 734 816 780 illa
850 734 909 779 de
941 734 1264 779 Valentiniano
1294 735 1587 795 imperatore
1620 735 1811 795 eiusque
1844 734 2004 782 liberis
2038 739 2247 785 oratione
2268 773 2279 793 ,
2316 755 2456 801 quam
2491 740 2711 788 Libanius

448 820 516 857 est
549 812 831 864 admiratus,
867 819 1018 856 tamen
1053 812 1248 872 propius
1284 810 1342 856 ad
1383 811 1625 856 veritatem
1660 811 1874 873 accedit,
1898 820 1952 858 ut
1990 814 2290 874 postmodum
2323 817 2404 863 illa
2441 807 2711 878 ε’ωωνυμία

449 888 555 934 data
589 889 922 950 Chrysostomo
960 888 1034 933 sit.
1073 889 1128 932 Et
1162 889 1316 949 primo
1346 887 1419 934 vel
1458 879 1525 934 ab'
1551 887 1874 941 Antiochenis‚
1903 897 1954 934 ut
1979 891 2310 952 Metaphrastes
2342 894 2428 947 ait,
2456 894 2530 940 vel
2562 910 2587 941 a
2620 896 2712 956 By·
2774 952 2778 956 ,

445 967 642 1012 zantinis
675 965 828 1011 eidem
863 965 1178 1017 concionanti,
1211 973 1307 1011 tam
1338 965 1599 1012 honorifice
1632 967 1690 1012 sit
1723 966 2043 1012 acclamatum.
2079 968 2351 1016 Theodorus
2382 986 2496 1017 vero
2529 974 2712 1034 scripsit

450 1042 508 1087 ad
534 1042 915 1102 Chrysostomum
940 1042 1052 1087 dum
1079 1041 1231 1087 adhuc
1255 1043 1302 1087 in
1327 1042 1580 1089 solitudine
1608 1050 1889 1089 versaretur.
1927 1043 2081 1089 Codex
2111 1059 2226 1091 vero
2251 1047 2483 1093 vaticanus
2506 1049 2709 1103 DLXVI,

450 1133 503 1163 ex
533 1133 628 1178 quo
654 1118 848 1164 Savilius
875 1117 1155 1178 descriptam
1183 1116 1346 1181 habuit
1370 1118 1489 1164 hanc
1511 1118 1744 1164 Theodori
1771 1118 2038 1179 epistolam,
2066 1110 2368 1182 perantiquus
2399 1131 2492 1176 est,
2521 1124 2602 1171 sed
2627 1140 2712 1172 no-

450 1210 557 1240 men
582 1194 896 1255 Chrysostomi
921 1193 1105 1239 admisit
1129 1192 1185 1240 ex
1207 1196 1442 1255 margine:
1468 1210 1575 1240 nam
1599 1195 1781 1242 codices
1804 1194 2009 1249 DLXIX,
2037 1203 2082 1242 et
2103 1197 2378 1245 MCCCCLV.
2405 1196 2507 1245 eam
2539 1214 2711 1264 παρεν-

454 1258 601 1318 On'mw
636 1286 731 1316 non
765 1270 956 1317 habent.
995 1272 1081 1326 Qui
1110 1272 1243 1317 sicuti
1267 1272 1501 1318 Iohannis·
1522 1257 1773 1335 ἔπὼνυμίᾳ
1807 1287 1902 1318 non
1926 1271 2163 1327 officiunt,
2192 1275 2257 1320 sic
2281 1275 2361 1321 ille
2387 1277 2519 1351 prior
2541 1278 2712 1327 Savilio

450 1349 565 1393 nihil
600 1349 736 1410 plane
771 1348 1050 1410 suffragatur
1087 1350 1143 1396 ad
1178 1350 1411 1396 Theodori
1445 1349 1689 1412 epistolam
1725 1351 1984 1412 impostura
2019 1352 2290 1398 notandam.

578 1425 730 1470 Aliam
759 1426 1069 1487 imposturam
1090 1425 1333 1473 observat.
1372 1427 1500 1472 Circa
1525 1426 1692 1479 finem,
1722 1428 1900 1488 inquit,
1929 1428 2179 1490 compellat
2209 1430 2591 1491 Chrysostomum
2617 1449 2712 1497 pa-

453 1513 591 1551 trem,
624 1517 729 1547 cum
767 1511 946 1555 tamen,
973 1504 1059 1548 nisi
1089 1502 1250 1556 fallor,
1278 1504 1456 1549 iuvenis
1491 1503 1846 1564 Chrysostomus
1872 1503 1930 1549 ad
1957 1504 2253 1552 Theodorum
2282 1507 2381 1555 sine
2412 1508 2559 1556 dubio
2582 1511 2713 1558 iuve-

451 1593 587 1631 nem,
621 1587 673 1623 ut
706 1580 786 1639 qui
817 1579 1028 1624 nondum
1065 1581 1278 1641 attigerat
1313 1595 1497 1625 annum·
1523 1581 1683 1626 aetatis
1718 1595 1827 1626 suae
1860 1580 2160 1641 vigesimum,
2195 1584 2447 1644 scripserit.
2486 1586 2558 1632 Sic
2589 1589 2714 1638 enim

453 1655 702 1716 compellat
723 1652 1019 1702 Theodorus:
1063 1643 1423 1714 θεοφιλέσὛατε
1463 1643 1658 1710 daem}
1698 1646 1780 1699 καὶ
1821 1645 1998 1717 ποίτερ·
2030 1646 2111 1700 καὶ
2150 1648 2253 1722 γὰρ
2290 1650 2354 1710 ὦς
2386 1650 2575 1725 παὙέρα
2610 1654 2713 1708 ἐπι·

453 1719 752 1796 γράψεσθαι
772 1764 783 1785 ,
813 1719 902 1775 καὶ
935 1723 1000 1783 ὠς
1035 1710 1252 1796 Ram&
1285 1722 1350 1776 τοὶ
1387 1723 1636 1795 πρεσβεῖα
1666 1719 1838 1778 δοῦναι
1859 1765 1870 1786 ,
1902 1720 2135 1778 οὐδέποὛε
2166 1725 2530 1797 οἱμφέβαλλον.
2566 1741 2622 1786 Et
2651 1741 2712 1788 de

453 1803 712 1863 sodali,-et⁴
737 1819 985 1856 coaetaneo
1009 1826 1094 1856 suo
1122 1809 1339 1856 Libanius
1371 1811 1420 1856 in
1454 1809 1579 1856 libro
1613 1798 1721 1872 περὶ
1759 1800 1845 1860 τῆς
1884 1800 2065 1855 ἑαοὙοῦ
2096 1799 2260 1870 τύχης
2295 1815 2360 1859 sic
2387 1813 2555 1861 hahet:
2594 1811 2713 1881 Κρι-

455 1882 602 1949 σπίνῳ
639 1874 788 1946 μάλα
826 1875 1060 1949 ἐχρώμην
1091 1874 1385 1948 ἧρακλεῶτῃ
1425 1881 1687 1949 νεανίσκῳ,
1726 1874 1777 1937 ὃς
1814 1874 2086 1937 ἡλικιώτης
2122 1875 2186 1932 ὢν
2226 1878 2374 1949 ἐμὸς,
2407 1882 2615 1957 «πατέρα
2647 1901 2710 1954 με

455 1950 579 2026 ᾠέτο
615 1953 910 2026 ωροσορᾷν,
945 1953 1057 2014 τοῖς
1096 1953 1240 2025 ἐμοῖς
1277 1952 1450 2024 νόμοις
1489 1954 1535 2008 ἐν
1567 1949 1765 2026 μείζοσι
1809 1950 1897 2006 καὶ
1934 1953 2177 2007 ε’λοίττοσι
2220 1955 2553 2029 «πειθόμενος.
2580 1964 2712 2024 'Quid

454 2053 567 2101 ergo
597 2041 769 2085 mirum
800 2041 836 2085 si
869 2040 1140 2086 Theodorus
1170 2040 1553 2101 Chrysostomum
1585 2054 1681 2085 non
1717 2037 1929 2086 absolute
1955 2051 2150 2102 patrem
2181 2044 2417 2096 nominat,
2454 2045 2537 2090 sed
2572 2047 2714 2093 etiam

456 2119 647 2164 fratrem
680 2118 914 2180 appellat?
948 2119 1130 2163 Patrem
1154 2133 1248 2163 non
1281 2117 1424 2178 longo
1449 2108 1607 2163 aetatis
1637 2131 1908 2179 progressa,
1936 2117 2018 2162 sed
2052 2119 2339 2173 maturitate,
2368 2121 2640 2182 prudentia,
2668 2131 2716 2169 et

456 2194 670 2241 consilio:
701 2209 850 2256 neque
875 2194 999 2239 enim
1023 2194 1164 2239 semel
1190 2202 1344 2255 partes
1369 2195 1463 2255 egit
1488 2193 1631 2254 patris
1657 2193 1779 2255 apud
1806 2192 2103 2239 Theodorum
2128 2194 2506 2255 Chrysostomus‚
2534 2208 2581 2245 et
2607 2215 2715 2246 cum

453 2271 512 2317 ad
548 2272 669 2318 vitae
711 2271 990 2316 monasticae
1025 2271 1288 2316 institutum
1327 2269 1675 2332 suscipiendum
1712 2269 1898 2324 allexit,
1937 2277 1989 2315 ut
2029 2279 2220 2316 narrant
2252 2272 2460 2318 Socrates
2493 2281 2540 2320 et
2578 2275 2714 2324 Sozo-

451 2364 642 2402 menus,
673 2356 718 2393 et
751 2363 856 2393 cum
891 2347 1031 2393 ambo
1066 2346 1218 2393 adhuc
1253 2348 1386 2409 pueri
1418 2345 1661 2397 Libanium
1697 2346 1892 2392 Athenis
1928 2345 2204 2400 audiebant,
2242 2338 2386 2394 ἡνίκα
2420 2363 2497 2393 σοι
2533 2342 2712 2395 πολλοὶ

455 2413 701 2488 παρῄνουν
740 2414 810 2474 εἷς
846 2414 1070 2484 μουσεῖα
1106 2415 1360 2477 φοιτῶντι.
1399 2425 1537 2472 Cum,
1567 2423 1740 2484 inquit,
1769 2423 1925 2468 multa
1950 2433 1992 2467 te
2017 2422 2333 2469 admonebam
2367 2425 2416 2470 in
2443 2427 2609 2472 ludum
2633 2428 2715 2474 lit-

454 2500 687 2546 terarium
713 2500 1037 2547 ventz'tanlem.
1075 2501 1223 2546 Huius
1248 2515 1361 2564 vero
1393 2500 1574 2560 generis
1596 2499 1939 2552 admonitores,
1967 2500 2047 2560 qui
2071 2500 2146 2546 vel
2172 2500 2231 2545 ad
2256 2501 2497 2548 meliorem
2529 2503 2713 2566 frugem

455 2580 570 2624 alios
596 2586 889 2630 revocarent,
917 2578 989 2623 vel
1025 2578 1262 2639 religionis
1289 2577 1500 2623 doctrina
1524 2577 1787 2629 erudirent,
1816 2577 1993 2622 etiamsi
2017 2577 2118 2623 laici
2151 2578 2330 2623 ordinis
2353 2589 2531 2633 essent,
2559 2589 2716 2642 patres

456 2664 644 2702 vocatos
680 2671 818 2701 nemo
856 2655 1065 2701 eruditus
1100 2656 1299 2716 ignorat.
1338 2655 1574 2700 Caesarius
1609 2655 1818 2715 Gregorii
1860 2655 2119 2713 nazianzeni
2154 2654 2322 2709 frater,
2359 2655 2466 2702 licet
2505 2659 2716 2706 instituto

458 2732 690 2786 medicus,
719 2741 765 2778 et
797 2732 952 2778 officio
983 2740 1224 2793 quaestor,
1251 2731 1310 2778 ab
1339 2732 1495 2777 amicis
1517 2747 1636 2792 quos
1667 2732 1716 2776 in
1749 2730 1937 2792 dialogo
1970 2731 2239 2793 alloquitur.
2258 2747 2395 2793 saepe
2428 2722 2600 2799 πατὴρ
2638 2742 2715 2789 φι-

457 2797 695 2860 λότεκνος
730 2809 982 2863 salutatur,
1011 2811 1234 2870 quoniam
1268 2817 1321 2854 ut
1349 2809 1559 2855 Clemens
1586 2809 1912 2855 alexandrinus
1946 2810 1993 2854 in
2022 2810 2178 2870 primo
2201 2817 2474 2855 stromatum
2503 2811 2590 2865 ait,
2628 2803 2714 2855 αὖ·

458 2882 574 2929 τίκα
607 2873 822 2948 παὛέρας
851 2875 971 2937 τούς
992 2874 1380 2945 καὙκχνῖσαντας
1410 2874 1603 2946 φαμὲν,
1636 2885 1803 2931 statim
1836 2901 1912 2930 eos
1939 2896 2103 2948 patres
2137 2885 2455 2948 appellamus,
2484 2902 2516 2931 α
2547 2887 2717 2949 quibus

460 2962 679 3008 doc-trina
714 2962 887 3008 imbuti
917 2979 1103 3009 sumus..
1134 2964 1190 3008 Et
1226 2952 1339 3014 υἱὸς
1374 2953 1487 3014 ωοῖς
1524 2952 1547 3004 ὁ
1586 2949 1994 3023 παιδευόμενος,
2029 2971 2081 3007 ut
2114 2962 2236 3007 idem
2268 2962 2448 3015 subdit,
2470 2963 2619 3024 filius
2648 2977 2716 3011 est

462 3040 743 3103 quicumque
780 3039 1072 3091 instituitur,
1108 3040 1158 3085 id
1188 3049 1259 3086 est
1290 3041 1459 3086 merito
1494 3048 1804 3101 nuncupatur.
1843 3040 2064 3100 Origenes
2097 3040 2321 3100 Gregorio
2355 3041 2716 3087 neocaesariensi

462 3118 662 3164 scribere
697 3127 1023 3172 consueverat,
1051 3126 1102 3163 ut
1126 3126 1194 3163 est
1218 3119 1266 3163 in
1299 3117 1551 3163 Philocalia
1585 3131 1687 3178 cap.
1721 3116 1797 3162 13.
1835 3106 1989 3177 χαῖρε
2030 3105 2079 3159 ἓν
2114 3105 2226 3178 θεῷ
2260 3103 2403 3179 κόριέ
2433 3129 2532 3175 μου
2571 3122 2724 3161 <mom

465 3182 703 3238 δαιότατε
726 3227 736 3247 ,
774 3184 855 3237 καὶ
895 3181 1268 3255 αἷὸεσιμώτατε
1307 3183 1384 3236 υἱὲ
1422 3181 1673 3256 Γρκγόριε
1709 3181 1844 3255 παρὰ
1874 3180 2196 3255 Ὠριγένους.
2233 3193 2377 3238 Vocat
2409 3191 2600 3252 quidem
2633 3183 2716 3257 κά-

464 3283 566 3332 ριον
606 3270 672 3316 ob
708 3273 888 3333 generis
927 3270 1247 3325 nobilitatem,
1287 3259 1397 3315 υἱὸν
1432 3285 1545 3317 vero
1584 3269 1649 3316 ob
1683 3270 2040 3316 institutionem.
2084 3268 2302 3314 Paulinus
2342 3268 2616 3315 christianus
2650 3269 2713 3332 (1)

464 3349 669 3394 Ausonio
703 3349 862 3409 gentili
895 3350 957 3395 ita
996 3347 1182 3394 scribit:
1791 3347 1794 3349 ’

1007 3426 1149 3470 Hane
1179 3440 1285 3469 eum
1320 3435 1475 3469 tenere
1505 3421 1753 3475 discimus,
1780 3438 2029 3485 possumus
2062 3420 2152 3467 tibi

1105 3503 1212 3548 Non
1244 3500 1489 3565 exhibere,
1519 3501 1639 3546 idest
1669 3500 1825 3564 patri,

1009 3578 1098 3625 Cui
1124 3590 1297 3624 cuneta
1324 3590 1496 3624 saneta
1526 3578 1630 3624 iure
1659 3592 1777 3623 cara
1811 3576 2007 3630 nomina

1106 3656 1285 3701 Debere
1317 3672 1391 3700 me
1421 3653 1567 3702 voluit
1599 3655 1754 3700 Deus?

554 3768 601 3809 (1)
627 3766 669 3801 ln
695 3764 854 3801 editione
878 3766 1070 3802 Muratorii
1092 3766 1210 3813 poem.
1231 3768 1282 3803 X.
1300 3771 1360 3803 97.
1388 3768 1551 3803 Iamvero
1576 3765 1623 3803 ad
1649 3766 1745 3803 hanc
1770 3765 1966 3803 editionem
1992 3769 2100 3802 notae
2125 3762 2217 3799 mihi
2241 3767 2328 3800 sunt
2347 3763 2424 3800 Viti
2443 3762 2622 3801 Iuvenatii
2646 3762 2715 3800 viri

472 3824 519 3860 cl.
547 3835 635 3862 mss.
664 3823 919 3865 adnotationes
944 3823 1071 3861 doctae
1098 3835 1138 3861 ac
1163 3836 1339 3873 perquam
1365 3835 1530 3871 severae,
1557 3831 1594 3863 et
1617 3825 1698 3863 luce
1723 3825 1867 3881 dignae.
2365 3827 2372 3831 “
