2970 4420
2556 286 2589 298 ,ιω-

488 280 577 325 170
1429 293 1580 324 moms
1612 294 1811 328 sunu.
2407 287 2409 290 ’
2519 286 2536 296 ““
2577 304 2578 307 “
2610 301 2616 306 ·
2661 287 2678 336 Ξῖ

482 390 672 427 octavae
708 356 796 422 διὰ
833 369 992 435 φωνῆς
1023 367 1256 425 Ἰωάννου
1292 365 1636 439 ὃαμοισκκνοῢ.
1671 380 1906 442 Significat
1936 384 2060 429 enim
2092 400 2171 439 ea,
2203 402 2323 449 quae
2352 389 2399 434 in
2436 388 2557 437 dicta
2590 389 2749 452 dispu-

486 459 659 503 tatione
697 456 919 503 adversus
955 459 1213 511 Saracenos,
1238 456 1555 509 disseruntur,
1586 472 1643 503 ex
1677 473 1761 504 ore
1795 458 2011 506 dictantis
2044 462 2314 509 Damasceni
2347 466 2596 525 excepisse.
2633 468 2749 512 Tur-

480 537 613 582 riano
637 550 733 581 non
757 535 1005 581 assentitur
1027 535 1287 587 GretseruS‚
1316 531 1660 596 arbitraturque
1682 535 1983 583 Theodorum
2005 537 2267 586 Abucaram
2290 541 2554 588 alium-non
2580 542 2744 597 fuisse,

479 630 621 676 quam
658 613 792 660 illum
827 613 908 674 qui
944 628 1050 658 cum
1084 611 1329 673 photianas
1364 618 1517 672 partes
1552 620 1718 670 contra.
1749 614 1980 676 Ign‘atium
2017 624 2201 663 secutus
2233 618 2418 672 fuisset,
2456 628 2594 681 atque
2629 620 2747 678 adeo
2794 676 2798 679 V

477 707 570 738 una
606 706 713 738 cum
749 689 967 736 Zacharia
1000 687 1379 741 chalcedonensi,
1408 703 1496 748 pro
1526 687 1692 735 Photio
1725 690 1783 736 ad
1815 691 2386 741 Ludovicumsecundum
2415 696 2746 758 imperatorem

477 770 858 828 Francorumque
893 780 1050 826 regem
1084 763 1361 826 legationem
1392 764 1607 819 obiisset,
1636 775 1687 812 ut
1718 767 1766 812 in
1798 768 1893 814 vita
1927 769 2091 830 Ignatii
2122 765 2317 817 testatur
2347 773 2556 826 Nicetas,
2585 782 2745 834 postea

477 847 629 892 Photii
666 843 908 891 fraudibus
934 844 983 888 in
1011 850 1223 904 apertum
1249 841 1467 903 prolatiS,
1493 842 1597 889 vela
1631 852 1889 891 retrorsum
1919 847 2083 900 vertit,
2110 841 2163 893 ut
2190 848 2238 893 in
2265 856 2426 895 octava
2456 850 2640 911 synodo
2663 865 2747 897 oe-

477 923 716 970 cumenica
753 920 940 967 admissi
973 918 1145 981 piaculi
1178 919 1362 965 veniam
1393 919 1685 982 impetravit,
1713 931 1854 983 prout
1880 922 2080 969 secunda
2112 932 2158 970 et
2193 933 2359 986 quarta
2394 927 2602 973 eiusdem
2633 942 2747 973 con-

477 1001 570 1046 cilii
596 1000 717 1046 actio
741 1013 828 1044 nos
852 997 1022 1042 docent
1037 1014 1048 1054 3
1079 1011 1168 1058 pro
1192 1011 1288 1057 quo
1321 997 1461 1043 etiam
1491 997 1617 1059 apud
1646 998 1908 1045 Adrianum
1932 1015 2168 1046 summum
2193 1000 2460 1064 pontificem
2491 1005 2746 1051 intercessit

474 1078 701 1139 Ignatius‚
731 1084 781 1121 ut
815 1074 1011 1136 pristino
1049 1073 1218 1119 honori
1253 1089 1306 1120 ac
1338 1076 1523 1120 muneri
1558 1076 1903 1122 restitueretur:
1938 1077 2066 1138 quod
2091 1078 2204 1124 item
2236 1078 2446 1125 fecerunt
2478 1071 2570 1127 tres
2597 1082 2747 1143 impe-

447 1164 651 1201 ‘ratores
676 1152 891 1204 Basilius,
918 1151 1269 1204 Constantinus,
1301 1166 1353 1198 ac
1379 1153 1474 1198 Leo
1499 1152 1548 1197 in
1573 1151 1740 1199 litteris
1764 1153 1822 1199 ad
1849 1153 2052 1200 eundem
2074 1170 2295 1201 romanae
2321 1156 2540 1202 ecclesiae
2567 1159 2746 1204 antisti-

472 1240 587 1285 tem,
617 1231 698 1292 qui
732 1228 1032 1282 Theodorum
1062 1228 1229 1290 insigni
1259 1230 1477 1275 encomio
1503 1228 1810 1284 decorarunt,
1836 1246 1943 1276 cum
1973 1231 2212 1278 hominem
2243 1231 2461 1279 ecclesiae
2491 1233 2630 1293 valde
2656 1232 2745 1280 uti-

472 1309 566 1354 lem
601 1305 838 1368 appellare
871 1303 1147 1358 voluerunt,
1184 1305 1327 1367 idque
1357 1314 1551 1368 propter
1589 1307 1805 1353 eximiam
1846 1307 2182 1361 eruditionem,
2219 1302 2319 1370 qua¹
2349 1309 2602 1356 instructus
2638 1326 2744 1357 cum

470 1385 732 1437 haereticis,
760 1382 936 1428 iudaeis
955 1417 966 1436 ‚
995 1390 1041 1428 et
1068 1382 1408 1429 mahometanis
1439 1383 1645 1429 animose
1678 1383 2092 1446 congrediebatur,
2120 1399 2324 1447 quorum
2348 1386 2511 1447 ingens
2541 1387 2588 1432 in
2615 1372 2746 1435 Caria

470 1472 568 1508 tum
600 1459 886 1513 multitudo,
925 1467 976 1505 ut
1010 1467 1056 1505 et
1089 1460 1373 1514 Laodiceae,
1411 1476 1507 1522 quo
1546 1459 1847 1508 Theodorum
1887 1462 2164 1508 translatum
2198 1463 2381 1509 Nicetas
2416 1462 2592 1509 scribit.
2631 1464 2746 1510 Cum

469 1554 582 1601 engo
608 1539 811 1591 Nicetas,
839 1544 883 1583 et
908 1545 1072 1583 octava
1098 1537 1307 1598 synodus
1331 1537 1632 1584 Theodorum
1654 1537 1790 1584 illum
1814 1539 2058 1585 nominent
2079 1539 2236 1587 Cariae
2259 1539 2553 1602 episcopum,
2579 1547 2624 1586 et
2646 1555 2746 1587 me·-

467 1617 764 1680 tropolitam‚
802 1623 856 1662 ut
890 1622 934 1662 et
970 1615 1200 1677 IgnatiuS,
1237 1623 1284 1661 et
1314 1616 1620 1677 imperatores
1654 1616 1701 1661 in
1737 1616 1948 1679 epistolis
1985 1616 2045 1662 ad
2075 1616 2337 1662 Adrianum
2370 1608 2664 1678 pontificem,
2700 1624 2747 1664 et

466 1696 543 1741 hic
577 1693 793 1740 Abucara
826 1693 986 1739 Cariae
1018 1693 1204 1754 praesul
1242 1692 1405 1746 fuerit,
1444 1709 1596 1755 neque
1630 1694 1750 1740 ratio
1783 1695 2007 1755 temporis
2042 1693 2222 1748 obstet,
2252 1694 2302 1740 in
2334 1708 2438 1740 eam
2472 1695 2746 1740 sententiam

468 1773 657 1819 devenit
694 1780 746 1817 ut
780 1769 867 1816 sibi
901 1770 1204 1832 persuadeat,
1243 1770 1386 1816 alium
1417 1770 1794 1817 dissertationum
1831 1779 2069 1817 auctorem
2104 1785 2201 1817 non
2233 1770 2399 1825 fuisse,
2436 1786 2576 1833 quam
2609 1770 2746 1817 illum

464 1850 764 1897 Theodorum
794 1849 951 1894 Cariae
977 1847 1255 1902 antistitem,
1281 1849 1363 1909 qui
1387 1847 1475 1893 sub
1498 1848 1668 1894 Basilio
1701 1848 1979 1901 macedone,
2010 1847 2303 1910 temporibus
2327 1856 2516 1895 octavae
2549 1849 2739 1910 synodi,

465 1928 681 1975 doctrina
717 1926 1012 1986 nominisque
1037 1924 1305 1972 celebritate
1333 1925 1516 1972 claruit.
1554 1926 1608 1971 Et
1643 1942 1747 1972 cum
1781 1941 1807 1972 a
1838 1926 2039 1973 secunda
2069 1926 2253 1987 synodo
2277 1927 2466 1973 nicaena
2498 1940 2621 1972 anno
2650 1927 2743 1972 Do-

466 1999 587 2052 mini
611 2007 724 2051 787.
760 2002 1018 2056 celebrata,
1054 2019 1202 2065 usque
1238 2003 1297 2049 ad
1334 2011 1545 2050 octavam
1580 2004 1838 2066 synodum,
1875 2019 1996 2066 quae
2031 2003 2189 2051 habita
2222 2012 2291 2050 est
2325 2019 2448 2050 anno
2483 2005 2602 2058 869,
2634 2004 2742 2051 anni

405 2121 408 2123 μ
467 2084 705 2146 octoginta
744 2082 842 2128 duo
874 2080 1240 2133 interfluxerint,
1275 2081 1506 2127 Iohannes
1544 2096 1661 2127 vero
1696 2081 2020 2135 damascenus,
2053 2090 2106 2127 ut
2139 2081 2374 2144 plerisque
2409 2081 2743 2143 chronologiae
2795 2138 2799 2141 ,

468 2177 566 2208 non
599 2160 825 2222 imperitis
861 2159 1035 2220 placet,
1074 2166 1179 2204 ante
1214 2159 1456 2220 septimam
1493 2158 1726 2220 synodum
1761 2173 2035 2221 supremum
2070 2158 2196 2205 diem
2230 2156 2427 2212 obierit,
2466 2157 2743 2205 alterutrum

469 2239 728 2284 necessario
762 2235 1059 2282 asserendum
1082 2244 1227 2289 esset,
1255 2244 1334 2282 aut
1363 2235 1626 2283 Abucaram
1650 2236 1799 2283 ferme
1830 2236 1984 2283 adhuc
2008 2252 2206 2299 puerum
2233 2237 2519 2283 Damasceno
2547 2252 2742 2299 operam

470 2314 679 2368 dedisse,
710 2323 787 2360 aut
821 2313 1155 2377 octogesimum
1190 2314 1349 2359 aetatis
1377 2328 1551 2360 annum
1572 2313 1711 2375 longe
1736 2314 2097 2367 transcendisse,
2125 2313 2317 2375 quando
2342 2313 2742 2376 Constantinopoli

440 2376 766 2438 'oecumenica
803 2390 1013 2452 synodus
1044 2398 1205 2436 octava
1247 2398 1403 2436 coacta
1448 2389 1561 2444 suit;
1597 2392 1683 2437 nisi
1716 2392 1821 2452 quis
1861 2392 2129 2437 Damasceni
2164 2392 2308 2437 vitam
2341 2391 2463 2438 ultra
2497 2391 2742 2453 septimam

470 2470 705 2531 synodum
730 2469 945 2531 proferre
968 2468 1097 2514 velit.
1134 2469 1191 2513 Et
1215 2467 1329 2514 haec
1357 2467 1548 2530 quidem
1573 2467 1815 2515 Gretserus
1843 2469 1903 2515 ad
1926 2469 2183 2515 Antonium
2206 2468 2473 2521 Velserum‚
2501 2482 2623 2529 quae
2645 2483 2742 2514 non

470 2548 582 2594 tanti
610 2547 725 2593 mihi
754 2546 1000 2599 videntur,
1028 2554 1132 2591 uta
1162 2547 1387 2592 sententia
1413 2561 1500 2592 nos
1529 2537 1741 2593 Turrian'i
1768 2547 2023 2594 retrahant.
2056 2548 2271 2608 Namque
2293 2545 2592 2593 Theodorum
2617 2538 2745 2592 hunc

469 2624 732 2671 Abucaram
758 2640 852 2671 non
878 2639 1042 2670 omnes
1073 2624 1257 2670 codices
1289 2625 1590 2686 manuscripti
1613 2623 1788 2670 faciunt
1823 2614 2036 2688 Kapan»,
2064 2626 2316 2675 Carorum,
2346 2625 2617 2687 episcopum
2644 2624 2742 2671 sive

470 2703 653 2756 Cariae,
690 2701 772 2748 sed
808 2702 999 2764 quidam
1036 2702 1100 2748 ita
1133 2701 1360 2755 efferunt,
1397 2701 1590 2763 quidam
1622 2702 1948 2748 immutatione
1975 2717 2072 2748 non
2108 2701 2199 2748 levi
2232 2701 2493 2748 litterarum
2525 2688 2741 2765 Χοῖῥραν

470 2780 763 2842 exprimunt,
801 2787 854 2825 ut
889 2787 1076 2840 praeter
1109 2778 1225 2825 alios
1256 2778 1417 2826 videre
1448 2787 1518 2825 est
1551 2779 1599 2825 in
1622 2778 1794 2826 codice
1826 2780 2039 2826 vaticano
2072 2779 2184 2824 49⁶2..
2214 2794 2263 2841 p.
2295 2778 2414 2831 193,
2448 2792 2568 2840 quae
2602 2767 2742 2840 longe

469 2866 539 2903 est
571 2846 754 2903 diversa
788 2871 813 2902 a
843 2857 989 2903 Caria.
1028 2857 1085 2902 Et
1112 2857 1325 2917 quamvis
1355 2863 1502 2903 aetate
1534 2857 1687 2902 Basilii
1723 2856 1989 2903 macedonis
2023 2865 2069 2902 et
2101 2855 2277 2909 Photii‚
2304 2856 2461 2902 Cariae
2495 2851 2741 2916 episcop'us

468 2935 608 2980 variis
640 2934 896 2996 disciplinis
918 2934 1192 2989 instructus,
1222 2947 1317 2980 non
1342 2941 1440 2980 erat
1464 2934 1682 2980 ecclesiae
1706 2933 1909 2988 inutilis,
1938 2949 2032 2980 non
2058 2933 2168 2980 inde
2193 2942 2346 2979 tamen
2372 2933 2606 2993 sequitur,
2632 2946 2741 2977 eum

469 3013 622 3059 solum
658 3011 798 3058 fuisse
833 3011 1092 3058 istiusmodi
1126 3011 1430 3064 conditionis,
1463 3011 1578 3058 alios
1613 3011 1728 3057 nihil
1758 3011 1978 3078 'valuisse
2015 3013 2071 3056 Et
2102 3026 2305 3072 quanam
2338 3010 2516 3055 ratione
2549 3005 2636 3054 is‘te
2668 3007 2741 3052 ‘vir

468 3105 587 3151 puer
615 3092 775 3151 sapere
802 3090 1053 3151 potuisset,
1080 3096 1131 3135 ut
1156 3104 1276 3151 quae
1301 3089 1360 3135 de
1385 3086 1526 3135 rebus
1549 3088 1836 3135 difficillimis
1861 3088 2059 3135 dictaret
2084 3089 2416 3139 Damascenus,
2444 3087 2542 3147 ipse
2565 3084 2740 3149 scripto

468 3167 734 3229 exciperet?
769 3166 930 3213 Studia
964 3166 1044 3213 illa
1076 3174 1171 3212 tam
1207 3167 1326 3212 seria
1360 3174 1532 3212 statum
1566 3165 1737 3220 alium,
1774 3174 1820 3212 et
1846 3165 2125 3212 vsolidiorem
2158 3165 2326 3210 mentis
2361 3162 2626 3208 firmitatem
2659 3175 2740 3206 ex-

471 3253 685 3305 poscunt.
725 3245 912 3290 Certum
938 3245 1061 3290 enim
1087 3251 1155 3289 est
1176 3243 1301 3306 apud
1328 3252 1534 3290 sensatos
1556 3243 1707 3297 viros,
1735 3243 1969 3306 planeque
1995 3258 2051 3289 ex
2083 3241 2281 3289 concilio
2303 3241 2502 3302 septimo
2528 3247 2734 3291 constat,

400 3340 404 3345 ·
472 3321 806 3368 Damascenum
834 3330 940 3368 ante
968 3316 1256 3368 celebratum
1277 3321 1397 3367 illud
1425 3321 1674 3367 concilium
1703 3329 1907 3367 mortem
1932 3319 2119 3367 obiisse.
2157 3318 2246 3365 Sed
2270 3317 2493 3380 quoniam
2516 3316 2629 3362 haec
2650 3316 2740 3361 mi-

472 3398 658 3443 nutiora
689 3413 786 3445 non
808 3399 981 3445 nemini
1009 3398 1158 3444 videri
1190 3406 1409 3460 possunt,
1437 3399 1542 3460 quis
1565 3398 1640 3445 vel
1665 3413 1832 3460 parum
1870 3413 2019 3444 sanus·
2040 3395 2300 3459 negaverit,
2328 3391 2591 3439 Abucaram
2614 3391 2740 3439 hunc

471 3474 768 3521 Theodorum
802 3492 896 3523 una
930 3476 1067 3522 simul
1093 3475 1318 3522 floruisse
1350 3491 1457 3522 cum
1486 3475 1662 3521 Thoma
1696 3474 2136 3536 hierosolymitano,
2173 3472 2253 3534 qui
2285 3470 2427 3533 paulo
2459 3477 2566 3531 post
2598 3470 2739 3532 septi-

449 3566 605 3606 ·mum
637 3552 886 3598 concilium
911 3553 980 3598 illi
1010 3553 1227 3600 ecclesiae
1253 3552 1484 3615 praefuit?
1518 3552 1665 3614 quue
1695 3568 1751 3598 ex
1783 3553 1895 3615 ipsis
1926 3550 2162 3613 opusculis
2189 3564 2213 3594 a
2245 3550 2460 3595 Gretsero
2493 3544 2739 3608 publicatis

476 3627 666 3674 addisco
702 3629 1058 3676 evidentissime.
1097 3630 1258 3685 Quarti
1297 3630 1423 3676 enim
1456 3627 1621 3675 titulus
1658 3629 1722 3675 ita
1761 3644 1810 3675 se
1846 3626 1989 3673 habet
2023 3628 2072 3672 in
2108 3625 2268 3671 codice
2302 3639 2436 3669 meo:
2478 3609 2739 3669 ἐπιστολὴ

474 3692 788 3785 περιέχουσα
822 3718 906 3751 τῆν
944 3695 1106 3766 ὀρθὴν
1143 3718 1226 3750 και
1266 3695 1534 3768 ἁμῶμκὛον
1570 3693 1770 3758 πίστιν,
1800 3691 2090 3767 πεμφθεῖσα
2121 3715 2257 3765 παρα
2291 3713 2381 3744 ’του
2419 3684 2738 3764 μακαριωἿοὶ-

475 3794 566 3824 του
603 3769 743 3824 πάντα
776 3773 943 3842 Θωμοῗ
971 3771 1289 3866 ποΠριοίρχου
1321 3770 1693 3846 Ἱεροσολύμων
1726 3795 1849 3845 προς
1879 3768 1996 3866 τοτξς
2026 3767 2157 3821 κατὰ
2186 3767 2272 3824 τήν
2301 3767 2570 3841 Ἀρμενίαν
2605 3766 2737 3838 αἱρε-

474 3845 728 3922 τίζοιῖῖας,
758 3843 999 3921 οἷραβισΎι
1032 3847 1123 3919 μὲν
1162 3848 1253 3902 ὑπὸ
1294 3846 1565 3922 Θεοδώρου
1595 3849 1692 3903 τοῦ
1725 3848 1929 3905 ἐπίκλην
1956 3845 2259 3919 Ἀβουκαρᾶ
2290 3867 2378 3898 του
2420 3843 2599 3918 Καρων
2636 3842 2738 3897 ἐπι-
