2970 4420
469 287 560 331 '142
1413 299 1564 329 morus
1597 298 1774 329 ALLATn

467 401 561 431 non
595 385 747 431 solum
770 376 969 449 propter
997 385 1127 432 illius
1159 383 1460 434 brevitatem,
1490 395 1543 429 ut
1569 399 1665 446 par
1694 395 1799 431 erat
1832 383 2077 432 usuvenire
2112 385 2181 437 ei,
2218 385 2305 449 qui
2339 386 2439 432 iam
2472 386 2541 432 ad
2571 389 2739 432 omnia

466 462 676 525 segniter
707 474 752 507 et
788 479 932 526 aegre
964 465 1163 524 affectus
1197 472 1288 511 est,
1319 460 1404 505 sed
1431 471 1474 505 et
1504 472 1785 524 propterea,
1816 461 1944 523 quod
1974 461 2143 508 densus
2173 474 2240 509 cst
2276 463 2422 510 simul
2452 476 2496 508 et
2532 464 2735 526 refertus

469 538 734 590 sententiis,
765 555 824 584 ac
853 539 1205 585 contrariorum
1237 536 1537 587 obiectiones,
1574 549 1618 582 et
1652 537 1970 601 responsiones
2003 537 2099 584 illis
2127 539 2362 589 subiectas
2397 540 2533 586 liaud
2564 540 2735 602 consu-

469 633 537 666 se,
568 616 652 662 sed
675 627 799 662 recto
825 616 990 679 ordine
1023 615 1235 678 digestas
1267 612 1426 659 habet.
1467 615 1527 659 Et
1547 626 1801 677 praeterea
1831 614 2053 660 dictionis
2085 614 2390 679 inaffectata,
2419 629 2462 662 et
2494 617 2736 681 incompo-

470 690 566 737 sita
602 691 887 756 simplicitas
923 692 1093 737 decora
1132 689 1254 736 milii
1286 689 1558 741 videbatur,
1595 702 1640 735 et
1674 691 1947 737 conveniens
1975 691 2264 754 professioni
2299 692 2554 740 christiani
2581 692 2737 739 homi-—

471 769 567 820 nis,
598 768 733 814 cuius
767 781 834 814 est
864 785 957 814 non
992 767 1060 813 ad
1091 766 1453 812 ostentationem
1488 767 1649 831 magis
1672 767 1874 814 scribere
1905 783 2051 830 quam
2084 768 2153 813 ad
2175 769 2420 832 publicam
2450 763 2734 816 utilitatem.

475 845 614 892 Prius
648 861 752 891 vero
778 844 990 891 volumen
1016 843 1223 889 'eandem
1247 843 1439 928 quidem
1465 843 1514 889 in
1549 837 1685 890 rebus
1707 844 2004 906 facultatem
2030 843 2238 896 habenss
2259 846 2467 892 dictione
2501 862 2627 895 vero,
2661 845 2739 890 in-
2804 845 2807 846 ⁷

471 933 750 973 structione,
786 934 831 967 et
838 921 1038 985 figuris
1072 920 1265 966 di'cendi
1297 920 1468 972 varius
1498 937 1557 966 ac
1586 912 1781 985 ‘di'alogi
1797 920 2072 983 festivitate
2107 934 2351 973 ornatius,
2380 923 2583 968 multum
2618 920 2742 968 milii

474 999 724 1046 videbatur
750 1010 851 1044 tum
879 997 1110 1061 temporis
1132 997 1201 1043 ad
1223 998 1588 1061 perlegendum,
1619 1011 1720 1045 tum
1745 998 1924 1044 laboris
1948 998 2017 1044 ad
2039 998 2402 1063 i'ntelligendum
2427 1015 2644 1063 poscere,
2674 998 2750 1044 ad

476 1076 562 1122 lioc
597 1087 648 1121 ut
683 1091 843 1121 sensus
876 1086 922 1120 et
955 1074 1269 1138 colligantur,
1305 1086 1349 1119 et
1384 1091 1641 1121 memoriae
1673 1076 1981 1122 mandentur.
2015 1076 2300 1122 Calumniae
2333 1092 2539 1139 namque
2573 1075 2743 1124 adver-

477 1153 741 1203 sariorum,
771 1164 815 1198 et
850 1151 1144 1214 defensiones
1178 1163 1446 1197 nostrorum
1483 1152 1784 1204 intersertae,
1822 1152 1930 1199 licet
1964 1152 2268 1199 dialecticam
2303 1153 2549 1215 quandam
2580 1151 2742 1198 suavi-

478 1240 625 1275 tatem
660 1227 1002 1274 eommentario
1037 1228 1232 1290 adferre
1267 1228 1540 1279 videantur.
1569 1246 1622 1275 eo
1647 1241 1806 1275 tamen
1830 1230 1958 1293 quod
1989 1241 2178 1276 tantum
2213 1240 2447 1292 generant
2471 1244 2744 1291 morarum„

479 1306 650 1352 mentis
689 1306 994 1351 intentionem
1029 1306 1328 1369 confundunt
1363 1322 1420 1352 ac
1453 1308 1741 1358 convellunt,
1772 1319 1816 1352 et
1849 1308 2079 1360 sermonis
2108 1323 2294 1369 quoque
2324 1304 2507 1352 strenui
2537 1305 2749 1368 vigorem

482 1383 731 1429 remissum
765 1383 987 1430 reddunt.
1025 1386 1118 1430 Nec
1143 1384 1282 1446 longe
1316 1383 1413 1431 abit
1446 1386 1760 1447 Hieronymus
1786 1384 1845 1431 de
1877 1385 1969 1431 vir.
1993 1385 2064 1431 ill.
2093 1399 2195 1446 cap.
2229 1386 2336 1430 119.
2376 1383 2617 1429 Diodorus
2643 1394 2754 1428 tar—

481 1459 628 1506 sensis
667 1458 937 1522 episcopus,
979 1460 1093 1505 dum
1133 1459 1416 1507 Antiochiae
1452 1472 1568 1507 esset
1599 1452 1874 1524 presbyter,
1912 1461 2073 1524 magis
2106 1460 2300 1506 claruit.
2338 1461 2537 1506 Extant·
2563 1457 2663 1505 eius
2696 1458 2747 1503 in
2800 1509 2807 1513 ,

480 1536 746 1599 apostolum
783 1537 1150 1588 commentaria,
1180 1548 1225 1582 et
1247 1538 1403 1583 multa
1429 1538 1557 1588 alia,
1592 1538 1660 1584 ad
1688 1537 1884 1583 Eusebi'i
1907 1537 2066 1600 magis
2090 1536 2291 1582 emeseni
2326 1536 2389 1598 (1)
2424 1534 2748 1581 characterem

476 1612 794 1675 pertinentia,
827 1613 961 1659 cuius
994 1630 1102 1659 cum
1130 1627 1316 1660 sensum
1350 1626 1535 1660 secutus
1559 1615 1644 1665 sit,
1674 1614 1992 1676 eloquentiam
2021 1613 2212 1660 imitari
2233 1630 2326 1659 non
2351 1613 2530 1676 potuit,
2553 1623 2757 1675 propter

486 1701 817 1753 ignorantiam
850 1691 1171 1737 saecularium
1207 1691 1497 1737 litterarum.
1537 1693 1603 1738 De
1631 1707 1687 1738 eo
1724 1691 1858 1754 plura
1893 1692 2018 1753 leges
2040 1691 2165 1753 apud
2188 1690 2476 1737 Facundum.
2514 1689 2755 1735 Adversus

484 1767 608 1812 hunc
639 1767 898 1814 Diodorum
930 1769 1112 1831 scripsit
1146 1769 1303 1831 plures
1329 1777 1555 1815 tractatus
1590 1768 1873 1830 Apollinaris
1903 1768 2173 1814 laodicenus
2203 1769 2464 1829 episcopus.
2503 1767 2555 1812 ln
2590 1765 2750 1825 ecloga

487 1843 715 1905 siquidem
751 1845 1123 1891 orthodoxorum
1159 1845 1431 1907 dogmatum
1465 1845 1717 1892 laudantur
1749 1846 1893 1907 ipsius
1925 1846 2188 1891 testimonia
2222 1860 2278 1891 ex
2310 1843 2435 1890 libro
2468 1855 2592 1904 προς
2630 1830 2749 1885 Διο-

490 1907 648 1978 ὃωρον
689 1911 786 1980 (2);
822 1937 907 1967 nec
942 1936 1037 1966 non
1073 1937 1126 1966 ex
1164 1922 1311 1967 altero
1346 1921 1403 1967 ad
1443 1921 1710 1967 Heraclium
1749 1921 1970 1967 adversus
2001 1921 2260 1967 Diodorum
2293 1933 2417 1982 προς
2446 1908 2755 1983 εΗροίκλειοίν

491 1987 614 2041 nosse}
644 1984 910 2061 Διοδώρου
941 1989 1025 2057 (3).
1051 2000 1107 2044 Et
1133 1999 1248 2045 alios
1270 2014 1457 2060 quoque
1479 2007 1631 2061 patres
1655 2007 1816 2044 eontra
1835 1998 1961 2044 hunc
1984 1999 2219 2060 scripsisse
2237 1997 2639 2043 verosimillimum
2662 2003 2748 2040 est.

618 2076 754 2120 Hunc
778 2084 932 2120 tamen
955 2075 1314 2122 condemnatum
1338 2076 1474 2122 fuisse
1497 2079 1545 2122 in
1572 2077 1733 2137 quinta
1755 2075 1938 2136 synodo
1960 2075 2099 2121 tradit
2124 2075 2312 2120 Photius
2331 2075 2380 2119 in
2401 2072 2518 2119 bibl.
2538 2073 2644 2119 cod.
2673 2073 2748 2118 18.

494 2140 571 2193 Τοὶ
604 2140 713 2215 περὶ
752 2139 1016 2214 Διοδώρου
1048 2143 1282 2214 Ταρσοῦ,
1308 2142 1391 2196 καὶ
1426 2140 1699 2236 Θεοδώρου
1728 2142 1823 2194 τοῦ
1851 2140 2242 2212 ΜοψουεσὟιάς,
2271 2140 2354 2193 καὶ
2386 2138 2532 2194 αὐτοὶ
2566 2140 2752 2210 ὁμοίως

495 2215 990 2288 εἷναθεματίσθκσαν.
1026 2229 1096 2272 De
1128 2228 1338 2275 Diodoro
1371 2228 1599 2279 tarsensi,
1630 2239 1675 2273 et
1709 2227 1945 2273 Tlieodoro
1978 2239 2329 2290 mopsuesteno,
2365 2226 2450 2289 qui
2480 2238 2525 2271 et
2563 2225 2656 2289 ipsi
2687 2225 2755 2270 si-

486 2304 664 2349 militer
687 2302 995 2349 anathemate
1017 2304 1103 2349 icti
1125 2316 1250 2351 sunt.
1279 2307 1335 2351 Et
1358 2305 1570 2367 synodus
1588 2306 1784 2367 septima
1810 2312 1898 2350 act.
1920 2305 1997 2350 VI.
2026 2304 2085 2349 de
2108 2304 2269 2364 quinta
2295 2303 2478 2365 synodo
2505 2303 2621 2364 (loc.
2645 2303 2723 2347 cit.
2737 2302 2753 2364 )

487 2369 608 2441 πρός
640 2371 682 2423 se
716 2393 930 2431 ταυταις
964 2371 988 2426 23
1026 2370 1073 2424 ἐν
1107 2370 1634 2427 ΚωνσΎαντινουπ-ολει
1667 2368 1986 2425 συνελθοῦσα
2013 2392 2109 2424 των
2138 2369 2316 2424 ἑκατὸν
2345 2368 2586 2442 ἑξηκονΎα.
2612 2366 2748 2421 πένΤε

483 2449 651 2543 3ἁγιων
686 2469 925 2518 ωατερων
965 2446 1055 2500 e'wc
1089 2448 1455 2504 Ιουστινιοινου
1488 2471 1577 2501 του
1617 2471 1705 2508 τῆς
1741 2451 1890 2508 melae
1925 2445 2214 2519 λήξεως,“
2194 2443 2223 2502 κ’
2258 2469 2334 2507 τις
2371 2443 2752 2516 ἅναθεμάτισεν

483 2522 754 2597 Ὠριγένκν
781 2523 867 2577 τὸν
897 2521 982 2577 καῖ
1007 2522 1374 2595 ἈδαμανὛιον,
1403 2523 1694 2598 Εὖαγριον,
1727 2521 1953 2594 Διδυμον
1980 2522 2110 2594 μετ-οὶ
2138 2523 2235 2577 ‘miv
2275 2523 2556 2580 ἔλληνικων
2584 2521 2750 2575 αὐτων

490 2599 927 2675 συγΓραμμοῖτων,
958 2599 1220 2675 Θεόδωρον
1253 2601 1339 2656 τὸν
1373 2600 1772 2671 Μοψουεστιας,
1802 2598 1883 2653 καὶ
1920 2596 2182 2672 Θεοδωρον
2216 2622 2302 2654 τον
2336 2597 2507 2673 καθῇ)
2494 2621 2627 2656 ητκν
2655 2601 2747 2650 Νε-

490 2683 722 2749 στορίου,
753 2677 1007 2751 Σεβκρον,
1037 2701 1119 2731 και
1153 2678 1219 2731 τά
1252 2679 1387 2751 εξκς.
1423 2691 1680 2734 Praeterea
1712 2705 1769 2734 ea
1806 2703 1928 2750 quae
1964 2687 2372 2750 Constantinopoli
2403 2697 2615 2732 convenit
2649 2701 2751 2730 cen-

492 2775 594 2808 tum
622 2762 885 2827 sexaginta
913 2763 1119 2826 quinque
1140 2776 1413 2811 sanctorum
1436 2777 1635 2829 patrum
1669 2765 1755 2810 sub
1776 2763 2050 2810 Iustiniano
2073 2763 2212 2810 divae
2238 2762 2602 2812 recordationis,
2633 2776 2759 2823 quae

494 2838 926 2886 anathematizavit
965 2840 1240 2904 Ori‚genem
1277 2858 1358 2904 qui
1398 2853 1443 2887 et
1475 2841 1797 2888 Adamantius
1833 2840 1990 2886 dictus
2031 2851 2122 2890 est,
2161 2839 2451 2902 Evagrium‚
2490 2837 2754 2902 Didymum

493 2934 600 2962 Cum
626 2933 840 2980 pclganls
863 2929 1053 2980 SCI'IPIZS
1083 2935 1269 2968 Corum.
1299 2930 1442 2980 alque
1475 2917 1764 2964 Theodorum
1797 2929 2196 2981 mopsuestenum,
2226 2928 2271 2962 el
2300 2913 2590 2961 ΊῘὶΕΟᾱΟῙἸλῙΤι
2614 2930 2775 2979 prae-i,

495 3005 727 3057 ceptorem
762 2993 992 3044 Νεείονίᾏι
1021 2995 1265 3046 Severum,
1296 3004 1385 3042 etc.

625 3072 800 3117 LXVII.
839 3072 987 3122 Circa
1003 3071 1116 3118 haec
1150 3073 1310 3118 eadem
1349 3081 1559 3134 tempora
1591 3074 1828 3134 scripsisse
1865 3072 2162 3117 Theodorum
2203 3086 2384 3132 persam
2415 3071 2754 3122 nestorianum,

497 3148 731 3209 colligitur
771 3164 826 3194 ex
865 3147 1025 3209 ecloga
1058 3138 1283 3208 χρήσεων
1322 3136 1677 3211 δογματικῶν,
1712 3150 1760 3194 in
1806 3164 1898 3210 qua
1935 3147 2142 3194 ciusdem
2182 3147 2358 3207 mentio
2396 3145 2611 3191 habetur.
2649 3146 2760 3200 Quis

501 3225 663 3275 fuerit,
699 3233 745 3269 et
778 3224 950 3286 quibus
977 3225 1218 3272 conatibus
1252 3227 1560 3273 nestorianam
1595 3226 1820 3272 haeresim
1853 3225 2181 3287 propagaverit
2212 3223 2326 3268 mihi
2363 3237 2458 3268 non
2491 3221 2636 3283 liquet
2671 3222 2752 3284 (4).
2784 3267 2786 3270 .

628 3303 824 3348 LXVIII.
864 3303 1070 3349 Palladio
1102 3304 1278 3364 galatae
1309 3304 1527 3350 historiae
1558 3304 1797 3349 Lausiacae
1829 3304 2042 3364 scriptori
2077 3300 2298 3347 tribuitur
2332 3315 2356 3344 a
2392 3299 2627 3367 plerisque
2659 3300 2761 3345 dia-

431 3376 434 3379 ’
497 3377 631 3437 logos
662 3378 720 3422 de
749 3380 841 3424 vita
868 3379 1210 3440 Clu-ysostomi,
1239 3381 1287 3425 in
1311 3396 1406 3441 quo
1436 3379 1772 3440 colloquuntur
1796 3379 2026 3425 Palladius
2053 3376 2464 3438 helenopolitanus.
2485 3377 2757 3437 episcopus,

495 3462 539 3498 et
566 3454 838 3502 Theodorus
868 3457 1090 3503 diaconus
1117 3457 1336 3523 ecclesiae
1368 3472 1603 3503 romanae.
1641 3458 1767 3502 Sane
1792 3457 1995 3519 (inquit,
2022 3456 2208 3502 Vossius
2239 3454 2298 3500 de
2321 3455 2553 3500 historicis
2579 3455 2755 3515 graecis

461 3607 465 3611 g
585 3561 632 3600 (1)
658 3558 860 3595 omittebat
878 3563 1039 3597 emeseni
1057 3560 1237 3607 Allatius,
1255 3560 1354 3609 quod
1378 3566 1502 3598 tamen
1525 3560 1748 3598 vocabulum
1772 3561 1882 3598 etiam
1908 3559 2008 3609 apud
2030 3557 2248 3597 Facundum
2273 3556 2398 3595 deesse
2422 3557 2610 3595 adnotavit
2623 3558 2750 3595 Fabri-

498 3615 589 3652 cius.
617 3616 690 3653 Sed
714 3617 817 3654 adest
840 3618 879 3654 in
904 3615 1100 3667 Sophronii
1125 3631 1252 3668 graeca
1276 3621 1530 3657 translatione.
1558 3622 1603 3656 A.
1629 3622 1681 3663 M.

592 3678 638 3717 (2)
667 3676 709 3710 In
727 3675 885 3713 editione
905 3685 1029 3715 nostra
1047 3679 1179 3715 harum
1196 3680 1406 3727 eclogarum
1426 3683 1539 3727 (quas
1555 3690 1641 3716 mss.
1660 3679 1819 3717 habebat
1833 3679 2016 3722 Allatius)
2034 3677 2166 3724 Script.
2185 3680 2254 3713 vet.
2274 3677 2317 3712 T.
2333 3676 2416 3712 VII.
2432 3686 2467 3722 p.
2489 3680 2544 3712 17.
2564 3680 2622 3712 20.
2640 3678 2687 3712 A.
2705 3676 2756 3712 Μ.

592 3737 639 3776 (3)
665 3735 769 3769 Tom.
800 3735 862 3770 cit.
891 3747 926 3781 p.
956 3741 1013 3772 16.
1039 3740 1084 3772 A.
1110 3739 1161 3773 M.

592 3796 639 3836 (4)
666 3794 833 3829 Fortasse
863 3794 1039 3841 intelligit
1069 3797 1234 3834 Allatius‘
1263 3797 1500 3835 Theodorum
1528 3798 1637 3834 illum
1668 3799 1734 3845 qui
1763 3799 1910 3846 scripsit
1940 3796 1986 3833 de
2014 3795 2262 3840 Nestorianis‚
2290 3793 2335 3831 de
2367 3806 2440 3843 quo
2472 3806 2542 3833 nos
2575 3793 2776 3845 loquimur'

516 3863 549 3898 p.
581 3855 659 3888 137.
689 3851 774 3888 adn.
802 3856 837 3888 4.
866 3852 935 3888 Sed
962 3858 1086 3890 tamen
1111 3854 1151 3890 in
1176 3855 1336 3892 editione
1360 3863 1486 3894 nostra
1512 3858 1722 3904 eclogarum
1746 3869 1822 3895 non
1847 3857 1985 3894 dicitur
2002 3866 2134 3903 persa.
2166 3857 2207 3891 A.
2234 3856 2287 3892 M.
