2970 4420
0 14 14 328 *2--w—p--wvvw--p

2424 267 2540 299 XXIX

398 337 445 379 ln
471 341 676 390 superiore
706 338 852 379 Allatii
877 340 963 379 vita
995 342 1137 380 mentio
1164 337 1253 390 suit
1280 338 1494 391 honorifica
1522 339 1680 380 Nicolai
1708 339 1938 389 Alemanni,
1973 342 2172 391 tamquam
2205 341 2441 382 Graecorum
2464 355 2546 395 per

274 409 384 450 illud
416 413 568 461 tempus
600 409 834 461 doctissimi,
868 411 938 462 qui
969 414 1009 450 et
1039 413 1167 462 ipsum
1201 411 1395 452 Allatium
1424 414 1467 451 in
1498 410 1753 451 athanasiana
1785 409 1901 449 Urbis
1931 409 2095 460 colleyio
2129 398 2314 451 instituit.
2346 413 2462 452 Nunc
2491 414 2543 453 ab

275 480 427 521 Allatio
454 485 731 521 <conservatum
759 482 934 533 comperi
962 482 1006 522 in
1030 483 1211 534 propriis
1239 482 1390 523 schedis
1418 482 1695 534 pereruditum
1725 481 1934 522 Alemanni
1963 492 2120 520 sacrum
2151 483 2404 533 opusculum,
2439 485 2547 536 quod

271 562 367 602 eqo,
397 552 472 597 etsi
492 552 621 603 paulo
643 553 866 603 prolixius,
889 553 985 593 -nolo
1010 557 1055 594 in
1077 554 1245 594 tenebris
1267 554 1418 594 diutius
1443 553 1683 594 delitescere.
1716 552 1901 598 Habeant
1915 554 2048 604 itaque
2066 552 2227 591 lectores
2249 555 2291 592 in
2318 553 2388 592 lioc
2413 559 2543 596 nostro

271 623 471 663 volumine
497 626 618 663 trium
642 624 861 664 illustrium
886 624 1142 664 bibliothecae
1162 628 1367 665 vaticanae
1386 623 1679 676 praefectorum
1701 627 1870 675 scripta,
1900 623 2117 663 Alemanni
2140 623 2342 675 videlicet,
2373 626 2537 677 Allatii,

269 699 391 746 atque
420 695 585 746 Gradii,
620 698 690 747 qni
718 708 780 736 me
809 698 1000 736 minorem
1031 698 1074 737 in
1104 697 1175 736 illo
1201 696 1482 748 spectatissimo
1513 707 1673 736 munere
1695 698 2011 747 praecesserunt.

1059 837 1401 882 LmELLUS
1435 837 1760 881 AN-NALIS

518 967 759 1027 SIVE
829 966 1610 1024 KALENDARIUM
1680 965 2285 1022 PUGILLARE

776 1112 1108 1143 COMMENTARIO
1137 1109 1455 1141 ILLUSTRATUM
1485 1110 1516 1140 A
1545 1109 1740 1141 NICOLAO
1752 1109 2032 1160 laLEMANNO.

2496 967 2534 1037 Μ»

269 1225 642 1313 Monumentum
664 1269 749 1311 hoc
769 1268 1033 1323 antiquitatis
1054 1266 1262 1322 pugillare
1280 1265 1467 1308 buxeum
1489 1265 1704 1320 appellare
1737 1265 1907 1316 liceret,
1931 1276 2026 1306 cum
2051 1263 2157 1318 quid
2192 1264 2355 1315 verius,
2382 1262 2538 1318 quidve

267 1345 407 1399 aptius
434 1343 480 1385 id
509 1342 794 1397 appellemus,
818 1352 905 1382 non
932 1339 1120 1394 liqueat,
1145 1337 1346 1392 quamdiu
1375 1350 1527 1379 arcana
1551 1349 1630 1378 nos
1657 1337 1839 1389 lateant,
1869 1348 1975 1391 quae
2001 1336 2047 1378 in
2074 1348 2126 1377 eo
2151 1335 2362 1377 contineri
2389 1335 2537 1377 viden-

267 1420 354 1457 tur.
389 1414 539 1457 Nullus
572 1414 616 1455 in
646 1413 789 1454 fronte
817 1411 990 1463 titulus,
1025 1410 1187 1451 nullum
1224 1421 1406 1455 nomen,
1438 1409 1602 1461 insigne
1631 1407 1795 1449 nullum
1829 1411 1989 1453 certum
2026 1410 2226 1462 apparet,
2259 1418 2310 1446 ex
2346 1417 2434 1459 quo
2470 1405 2536 1447 vel

266 1486 416 1529 rudem
447 1486 632 1540 aliquam
660 1484 713 1525 de
742 1496 794 1525 eo
828 1477 1021 1524 notitiam
1050 1481 1218 1541 haurire
1248 1480 1475 1534 possimus.
1509 1479 1664 1533 Apices
1695 1479 1782 1532 illi,
1816 1491 1865 1520 ac
1899 1483 2050 1531 notae,
2083 1490 2192 1532 quae
2219 1477 2265 1518 id
2292 1476 2414 1531 loqui
2443 1476 2535 1518 for-

265 1563 375 1599 tasse
402 1556 628 1609 videntur,
660 1558 803 1595 mutae
835 1553 1010 1594 omnino
1036 1555 1160 1603 sunt,
1193 1563 1291 1592 cum
1326 1549 1434 1592 adeo
1468 1550 1554 1591 sint
1584 1549 1636 1590 ab
1669 1562 1747 1590 usu
1777 1554 1947 1602 nostro,
1981 1534 2370 1601 consuetudineque
2396 1559 2537 1588 remo-

264 1632 355 1680 tae,
388 1631 437 1670 ut
466 1639 521 1667 ne
550 1629 720 1680 gentem
751 1623 950 1679 quidem,
984 1622 1054 1664 vel
1080 1622 1315 1676 populum,
1349 1622 1423 1675 qui
1450 1633 1517 1662 eas
1542 1625 1743 1675 usurpet,
1776 1621 1900 1662 facile
1934 1620 2112 1662 divines.
2145 1619 2338 1674 Tabellae
2369 1618 2535 1673 dispar-

263 1700 392 1751 titae,
425 1697 604 1739 fortuito
635 1699 804 1737 tantum
836 1693 1035 1745 vinculo,
1069 1704 1207 1747 eoque
1237 1696 1406 1734 recente
1434 1703 1675 1744 connexae,
1709 1691 1762 1732 de
1791 1692 1958 1744 integro
1983 1691 2151 1732 illarum
2176 1701 2353 1731 numero
2379 1701 2535 1731 conve-

262 1768 397 1811 nienti
428 1767 799 1820 ordineaptaque
830 1763 1131 1806 distributione
1161 1762 1434 1804 vehementer
1467 1762 1752 1816 suspicionem
1784 1766 1982 1803 movent:
2018 1774 2119 1802 num
2147 1762 2354 1814 integram
2389 1772 2535 1801 omnes

262 1843 599 1895 perpetuamque
633 1836 855 1879 historiam
892 1837 1160 1886 contineant,
1193 1846 1247 1875 an
1276 1833 1468 1888 singulae
1501 1845 1645 1887 suam,
1680 1833 1918 1875 discernere
1953 1833 2121 1874 minime
2157 1836 2291 1886 potes.
2326 1832 2535 1885 Imagines

260 1913 404 1967 ipsae,
437 1922 544 1965 quae
581 1909 728 1951 notior
764 1908 1004 1962 clariorque
1043 1906 1217 1948 huiusce
1255 1903 1474 1959 pugillaris
1514 1916 1611 1958 pars
1646 1916 1735 1946 esse
1771 1903 1995 1956 videntur,
2029 1903 2289 1956 inelegantes
2328 1901 2534 1944 obscurae

263 1985 519 2038 ineptaeque
543 1982 604 2023 ita
629 1984 753 2032 sunt,
778 1983 827 2021 ut
857 1979 1000 2021 omnia
1027 1978 1098 2019 hic
1127 1977 1173 2018 in
1200 1975 1384 2018 tenebris
1408 1975 1571 2028 iacere,
1594 1975 1747 2033 merito
1774 1975 1905 2017 dicas.
1940 1974 2225 2026 Quamobrem
2257 1973 2310 2015 de
2334 1973 2414 2015 hac
2442 1977 2534 2015 tota

263 2054 517 2109 antiquitate
545 2056 746 2094 notarum
775 2054 819 2092 et
846 2049 1106 2103 imaginum,
1140 2047 1322 2090 aliorum
1354 2047 1477 2089 citius
1508 2046 1654 2088 audire
1683 2049 1935 2089 sententiam
1968 2050 2178 2101 praestat,
2209 2058 2334 2099 quam
2369 2044 2422 2087 de
2453 2058 2530 2088 suo

261 2126 385 2168 facile
422 2124 726 2180 pronunciare.
760 2123 824 2163 En
862 2121 955 2163 illas
989 2119 1245 2162 adamussim
1284 2117 1539 2171 delineatas,
1578 2119 1665 2161 suis
1701 2118 1820 2174 quod
1857 2119 2000 2171 aiunt,
2039 2116 2255 2159 coloribus
2290 2128 2528 2171 expressas,

260 2210 426 2253 suoque
454 2198 500 2238 in
529 2197 687 2238 lumine
716 2195 968 2247 collocatas,
1002 2205 1091 2247 quo
1127 2190 1394 2234 commodius
1423 2190 1684 2244 antiquitatis
1706 2190 1892 2235 studiosi
1920 2190 1987 2231 ea's
2017 2188 2318 2242 contemplari,
2352 2192 2394 2230 et
2422 2201 2530 2243 quae

258 2272 304 2312 in
327 2270 378 2311 iis
404 2269 541 2310 latent
566 2258 749 2322 aperire,
777 2266 843 2308 vel
869 2266 1046 2318 saltem,
1072 2277 1183 2320 quae
1211 2275 1237 2305 a
1264 2261 1392 2304 nobis
1419 2261 1686 2318 disseruntur
1710 2261 1974 2317 approbare,
1998 2266 2040 2303 et
2068 2259 2187 2315 quod
2210 2261 2290 2302 erit
2318 2260 2525 2315 optatius,

258 2340 459 2383 limatiori
487 2338 647 2381 iudicio
681 2338 894 2392 corrigere
929 2341 1105 2392 queant.

375 2447 476 2488 Heic
503 2445 733 2503 inserendae
763 2450 876 2486 erant
908 2446 1120 2497 imaqines,
1154 2457 1255 2497 quae
1286 2449 1415 2486 tamen
1444 2445 1499 2485 ad
1526 2457 1665 2485 manus
1694 2457 1800 2484 meas
1833 2443 1992 2483 minime
2020 2444 2302 2494 pervenerunt.
2341 2441 2524 2489 Ceterum

258 2534 311 2561 ex
340 2519 552 2561 Alemanni
580 2530 681 2571 quae
710 2519 890 2571 sequitur
919 2518 1215 2569 accuratissima
1244 2517 1524 2570 descriptione,
1559 2520 1655 2557 satis
1684 2529 1752 2557 eac
1781 2505 2064 2569 propemodum
2093 2517 2390 2564 eoqnoscuntur.

302 2634 305 2635 ’
375 2625 519 2668 Cuivis
551 2626 627 2680 qui
657 2625 781 2668 hasce
807 2625 984 2666 tabellas
1014 2606 1151 2667 oculis
1181 2623 1523 2679 perlustraverit,
1545 2621 1654 2664 illud
1683 2622 1868 2676 primum
1894 2620 2104 2671 occurrit,
2132 2617 2250 2672 quod
2276 2615 2525 2671 exploratis-

257 2699 412 2740 simum
441 2708 529 2738 esse
557 2696 770 2748 arbitror,
796 2699 1118 2737 monumentum
1148 2695 1233 2737 hoe
1259 2694 1315 2736 ad
1338 2694 1518 2748 gentiles
1543 2694 1718 2735 minime
1746 2685 1983 2748 pertinere,
2007 2690 2083 2732 sed
2111 2688 2308 2731 omnibus
2335 2686 2525 2741 partibus

257 2768 394 2811 solide
426 2767 701 2810 christianum
729 2779 832 2809 esse.
868 2767 1024 2809 Cruces
1050 2767 1206 2820 passim
1237 2778 1285 2807 ae
1313 2766 1487 2819 singulis
1511 2765 1601 2807 fere
1630 2766 1675 2806 in
1701 2764 1870 2806 tabellis
1899 2764 2166 2816 designatae,
2191 2763 2435 2801 sanctorum
2458 2758 2523 2799 vi-

255 2852 404 2882 rorum
434 2838 620 2892 effigies,
648 2841 788 2880 vestes
821 2842 864 2880 et
892 2838 1062 2879 habitus
1093 2836 1148 2879 ad
1178 2841 1371 2878 nostrum
1400 2837 1531 2891 ritum
1558 2836 1808 2890 compositi,
1843 2834 2078 2876 antistitum
2110 2834 2355 2872 nostrorum
2382 2826 2518 2881 peda,

254 2911 438 2964 infulae,
461 2910 614 2965 pallia,
639 2909 781 2951 omnia
808 2908 994 2963 denique
1021 2921 1111 2950 non
1137 2912 1294 2949 temere
1319 2910 1466 2948 nostra
1494 2918 1614 2948 sacra
1635 2906 1945 2959 religionesque
1972 2901 2245 2958 patefaciunt.
2280 2899 2396 2951 Quae
2420 2897 2522 2938 licet

253 2982 313 3023 ita
344 2981 456 3032 sint,
480 2993 568 3022 non
597 2993 648 3022 ea
675 2984 774 3024 sunt
800 2984 968 3033 tamen,
996 2991 1106 3034 quae
1132 2979 1274 3020 statim
1302 2989 1472 3019 omnem
1497 2978 1679 3019 eximere
1707 2976 1969 3019 dubietatem
1996 2975 2184 3028 possint,
2209 2975 2410 3024 certoque
2436 2972 2520 3011 sta-

252 3057 372 3094 tuere
403 3051 507 3106 quid
535 3063 732 3106 quaeque
759 3051 930 3093 illarum
956 3050 1191 3103 imaginum
1220 3048 1503 3101 notarumque
1530 3047 1794 3101 significent,
1828 3059 1934 3101 quas
1962 3046 2046 3087 hoc
2074 3045 2118 3085 in
2147 3042 2342 3097 pugillari
2370 3044 2519 3082 auctor

252 3123 416 3166 incidit.
451 3123 563 3165 Fieri
595 3123 708 3165 enim
738 3127 905 3178 potest,
939 3127 988 3164 ut
1018 3124 1124 3163 ritus
1154 3121 1225 3163 hic
1252 3120 1438 3174 expressi
1465 3119 1683 3160 christiani
1715 3117 1888 3171 quidem
1916 3116 1978 3158 illi
2006 3116 2112 3165 sint,
2141 3113 2218 3154 sed
2254 3113 2321 3154 vel
2350 3116 2516 3164 tempo-

252 3207 348 3236 r-um
379 3194 656 3237 diuturnitate
687 3194 861 3246 aboliti,
894 3194 962 3236 vel
995 3193 1120 3235 certis
1150 3190 1450 3234 tantummodo
1478 3189 1806 3231 christianorum
1831 3187 2003 3243 populis
2033 3185 2242 3235 consueti,
2277 3183 2344 3224 vel
2371 3181 2516 3223 occul·

251 3267 305 3308 tis
335 3269 379 3307 et
409 3265 740 3320 hieroglyphicis
768 3265 881 3307 notis
912 3264 1112 3316 obducti3
1145 3275 1254 3317 quae
1287 3262 1454 3313 omnia,
1479 3265 1529 3301 ut
1561 3259 1654 3301 aliis
1683 3258 1847 3310 solent,
1875 3258 1934 3299 ita
1965 3257 2092 3298 etiam
2127 3256 2226 3297 huic
2256 3252 2515 3308 antiquitatis

252 3340 531 3378 monumento
558 3335 755 3377 tenebras
784 3335 1028 3378 offundant.
1060 3333 1213 3376 Tribus
1246 3333 1358 3375 hisce
1389 3330 1687 3374 difficultatum
1716 3316 1926 3383 capitibus
1956 3327 2190 3379 submotis,
2223 3324 2327 3380 quid
2356 3325 2400 3366 in
2431 3323 2514 3364 hoc

251 3407 453 3463 pugillari
481 3407 778 3473 contineatur,
805 3407 926 3449 nullo
955 3406 1131 3460 negotio
1162 3404 1349 3459 patebit,
1380 3407 1423 3444 et
1447 3403 1547 3443 hinc
1574 3399 1786 3442 exordiar.

370 3479 446 3521 His
473 3478 518 3519 in
547 3477 737 3530 tabellis,
766 3482 816 3520 ut
846 3490 941 3520 mea
967 3477 1052 3519 fert
1082 3476 1311 3538 sententia,
1341 3478 1585 3516 sanctorum
1611 3471 1897 3526 complurium
1927 3469 2032 3512 festa
2063 3470 2390 3523 consignantur,
2420 3466 2515 3522 qui-

249 3548 331 3592 bas
365 3549 448 3591 coli
481 3547 634 3590 ritibus
668 3547 849 3590 debeant
885 3546 1211 3603 praescribitur,
1246 3546 1368 3587 certis
1399 3542 1615 3585 mensibus
1650 3554 1700 3584 ac
1731 3541 1880 3584 diebus
1918 3542 2043 3583 certis
2077 3544 2374 3593 recensentur3
2404 3541 2513 3593 quot

250 3620 432 3674 quisque
460 3620 616 3661 mensis
648 3619 799 3662 diebus
831 3624 1020 3671 constet,
1054 3618 1167 3659 notis
1197 3615 1398 3671 proditur
1431 3613 1591 3656 latinis:
1626 3613 1792 3655 dierum
1819 3613 1948 3655 series
1982 3613 2142 3654 arcanis
2175 3612 2288 3653 uotis
2317 3610 2408 3652 aliis
2438 3609 2509 3650 in-

250 3689 442 3733 dicatur.·
466 3691 630 3732 Menses
655 3691 700 3732 in
728 3703 983 3745 unaquaque
1010 3687 1165 3731 tabella
1190 3686 1276 3728 duo
1308 3684 1629 3737 describuntur3
1656 3672 1836 3744 quarum
1863 3697 1949 3726 una
1972 3697 2068 3726 cum
2094 3681 2377 3735 interciderit,
2402 3679 2509 3722 duos

249 3771 412 3802 menses
440 3760 591 3803 iulium
622 3765 665 3803 et
689 3766 919 3815 augustum
952 3757 1183 3802 desiderari
1211 3757 1435 3809 contingit.
1468 3755 1649 3798 Litteras
1679 3755 1750 3797 bic
1776 3754 2094 3810 deprehendere
2125 3758 2212 3806 est,
2241 3765 2345 3808 quas
2372 3751 2509 3794 domi-

248 3829 403 3872 nicales
430 3829 632 3885 dicimus,
654 3843 809 3874 aureos
835 3842 1060 3883 numeros,
1089 3839 1222 3872 annos
1245 3827 1504 3882 bissextiles,
1534 3827 1659 3870 lunae
1687 3827 1874 3882 solisque
1902 3839 2157 3881 concursus,
2190 3823 2404 3880 paschatis
2427 3833 2507 3877 pu-
