2970 4420
2419 267 2513 313 545

757 364 868 415 DE
921 358 1440 414 THEODORO
1494 355 2006 438 ANIQIDENSI

1201 483 1564 524 MONITUM.
1611 484 1632 496 “’

254 619 538 695 Postremum
572 653 676 693 hunc
710 664 999 693 reservaveram
1032 651 1274 692 Theodorum
1310 649 1592 701 Andidensem‚
1627 649 1723 701 quia
1757 647 1944 697 verebar,
1978 632 2024 686 ut
2058 645 2152 686 huic
2181 645 2291 696 sorte
2324 649 2512 698 capiendo

251 731 382 766 tomus
410 724 626 776 sufficeret,
649 726 885 777 praesertim
914 735 1003 763 cum
1031 734 1196 775 qraecae
1219 733 1371 774 quoque
1399 723 1539 761 missae
1562 722 1744 772 picturas
1764 719 2044 759 subiuncturus
2070 726 2204 756 essem.
2238 718 2354 756 Nunc
2382 729 2513 759 morae

255 798 446 849 lonqioris
474 796 705 849 impatiens,
742 799 796 836 tot
828 794 1117 835 Theodororum
1155 805 1296 845 aqmen
1324 792 1397 832 hoc
1425 791 1641 832 Andidensi
1674 787 1927 831 concludam:
1958 790 2069 828 cuius
2105 788 2259 828 brevem
2292 789 2437 839 oppido
2466 793 2530 829 ac'

249 880 380 921 prope
408 869 562 908 nullam
593 866 886 919 bioqraphicam
915 865 1095 905 notitiam
1125 864 1292 904 tradidit
1312 863 1488 904 Allatius
1515 863 1560 903 in
1587 861 1763 902 diatriba
1793 861 1844 901 de
1875 859 2085 901 Theodoris
2113 870 2156 900 n.
2180 859 2354 900 XCVII.
2386 861 2437 899 In
2464 861 2514 900 li-

261 937 331 978 bro
363 943 495 978 autem
527 942 665 996 contra·
696 937 960 988 Greyqtonum
986 947 1033 987 p.
1057 935 1142 976 519
1156 965 1169 987 ‚
1201 934 1271 974 ubi
1301 934 1427 974 locum
1464 938 1548 973 eius
1577 935 1735 983 recitat,
1771 934 1987 972 auctorem
2025 930 2122 970 dicit
2154 940 2243 970 non
2274 933 2509 982 recentem,

175 1020 178 1021 ⁷
251 1007 332 1050 sed
370 1008 469 1050 satis
504 1008 741 1062 antiquum.
774 1008 884 1047 Haec
922 1010 1074 1046 tantum
1109 1005 1299 1045 Allatius.
1330 1004 1385 1044 At
1413 1004 1625 1056 lequinius
1663 1006 1704 1043 in
1742 1003 1815 1042 Or.
1849 1002 1912 1042 ch.
1946 1003 1996 1042 T.
2024 1001 2062 1041 Ῑ.
2096 1001 2173 1040 col.
2207 999 2513 1053 1030„nombn

209 1115 214 1120 .
256 1080 349 1132 hoc,
378 1080 493 1132 apud
506 1077 708 1130 >Allatium
736 1079 786 1118 de
814 1086 1000 1118 consensu
1023 1077 1095 1117 lib.
1118 1076 1207 1117 ΙΙΙ.
1230 1085 1320 1127 cap.
1349 1075 1418 1116 15.
1442 1087 1469 1114 a
1496 1087 1537 1115 se
1569 1075 1876 1127 lectum,',ponit
1897 1075 2000 1113 inter
2021 1074 2217 1124 episcopos
2237 1071 2508 1122 Andidorum‚

259 1163 360 1202 quae
381 1151 470 1202 suit
495 1151 592 1191 urbs
619 1149 813 1189 secundae
834 1147 1100 1199 Pamphyliae
1107 1161 1125 1197 ;
1149 1157 1274 1198 neque
1305 1149 1434 1186 tamen
1463 1149 1630 1186 aetatem
1659 1147 1742 1184 eius
1771 1144 1922 1195 desinit.
1956 1144 2065 1183 Dicit
2086 1145 2247 1194 insuper
2267 1142 2514 1182 scribendum

254 1234 338 1262 esse
369 1204 591 1266 Σανδέδων,
623 1224 670 1260 ut
689 1219 807 1260 estin
827 1218 977 1258 notitiis
997 1219 1312 1269 episcopatuum,
1342 1228 1422 1268 pro
1451 1200 1666 1260 Ἀνόἷόωνς
1700 1217 1805 1268 quod
1826 1215 1937 1256 haud
1961 1219 2066 1255 reete
2085 1214 2247 1265 opinari
2266 1213 2425 1253 videtur
2442 1214 2514 1252 Le-

253 1294 442 1345 quinius,·
464 1295 606 1332 etenim
626 1295 670 1335 in
689 1291 816 1331 tribus
838 1289 957 1330 huius
979 1289 1110 1341 operis
1131 1288 1328 1328 codicibus
1349 1290 1560 1338 vaticanis,
1586 1291 1804 1336 constanter
1832 1271 2021 1321 Ἀνδῖδων
2051 1285 2257 1325 scribitur.
2290 1285 2396 1334 Quin
2410 1284 2514 1324 'adeo

255 1365 452 1405 Basiliam
472 1375 624 1415 quoque
646 1362 817 1414 Phytiae
839 1361 1062 1412 episcopum
1093 1359 1167 1412 (in
1187 1359 1371 1411 Phryqia
1390 1360 1559 1398 salutari
1568 1358 1592 1411 )
1622 1361 1686 1398 cui
1705 1370 1815 1398 suam
1835 1358 1936 1397 hanc
1960 1356 2267 1396 lucubrationem
2292 1354 2515 1395 Theodorus

255 1438 396 1486 mittit,
424 1437 583 1486 iquorat
602 1445 771 1485 prorsus
792 1433 1003 1483 Lequinius
1023 1434 1067 1470 in
1088 1431 1259 1482 Phytiae
1288 1430 1591 1481 episcopoloqio,
1623 1430 1694 1469 Or.
1720 1429 1782 1468 ch.
1811 1429 1856 1468 T.
1883 1429 1919 1468 I.
1946 1428 2023 1468 col.
2050 1426 2151 1467 844.
2181 1426 2443 1476 Quamobrem
2465 1438 2515 1465 ne

252 1517 310 1544 ex
326 1505 474 1545 Basilii
490 1503 649 1556 quidem
668 1507 802 1554 utpote
822 1506 957 1555 iqnota
973 1505 1101 1542 aetate
1122 1502 1252 1542 lumen
1270 1500 1325 1540 ad
1342 1501 1537 1550 Theodori
1554 1500 1752 1539 saeculum
1770 1498 2070 1550 coqnoscendum
2091 1498 2254 1537 accedit.
2271 1498 2372 1555 Sane
2392 1496 2520 1536 Theo-⁴

201 1578 212 1590 ⁸
253 1576 378 1616 domis
404 1579 535 1615 noster
561 1587 604 1615 n.
631 1575 673 1615 5.
700 1574 754 1614 ad
776 1576 911 1625 maqni
933 1573 1078 1613 Basilii
1109 1576 1318 1613 tractatum
1348 1572 1544 1624 quendam
1567 1572 1793 1622 liturqicum
1818 1574 2032 1622 provocat;
2056 1569 2125 1609 sed
2145 1571 2239 1621 quia
2260 1568 2306 1607 id
2325 1570 2514 1619 scriptum

254 1659 333 1687 non
361 1657 505 1699 maqno
525 1646 699 1696 Basilia,
727 1645 797 1685 sed
829 1634 1023 1686 Germano
1052 1644 1215 1697 (primo
1235 1656 1357 1684 nean
1379 1643 1579 1683 secundo?
1587 1642 1612 1694 )
1643 1642 1853 1694 byzantino
1876 1641 2133 1694 patriarchae
2157 1638 2422 1691 biblioqraphi
2441 1640 2514 1678 tri-

255 1719 407 1769 buunt,·
429 1717 521 1758 hinc
548 1719 686 1758 saltem
715 1720 925 1769 appareret
952 1716 1197 1757 Theodorum
1226 1719 1404 1756 nostrum
1426 1715 1631 1767 praedicto
1660 1717 1762 1754 certe
1791 1726 1908 1765 opere
1938 1725 2017 1752 esse
2046 1714 2315 1752 recentiorem.
2343 1712 2512 1750 Verum-

257 1793 408 1839 tamen,
444 1791 539 1840 quia
568 1792 756 1840 putatum
794 1788 981 1828 Germani
1015 1799 1113 1839 opus
1146 1786 1263 1827 valde
1293 1785 1381 1838 suit
1408 1786 1708 1837 interpolatum,
1744 1785 1825 1824 iam
1859 1786 2049 1824 nescimus
2084 1782 2182 1834 quid
2214 1781 2380 1830 Basilii,
2416 1780 2516 1832 quid

258 1860 468 1911 Germani,
504 1860 602 1911 quid
629 1859 801 1898 aliorum
830 1861 1082 1910 antiquorum
1110 1861 1183 1898 aut
1205 1858 1332 1909 paulo
1363 1859 1626 1913 recentiorum
1650 1856 1694 1896 in
1725 1868 1768 1895 eo
1798 1858 1910 1894 cinno
1939 1856 2133 1906 supersit:
2163 1853 2330 1903 ideoque
2359 1851 2413 1891 ad
2438 1850 2513 1902 se·-

255 1931 422 1971 rendum
452 1931 502 1970 de
524 1930 716 1970 Theodori
745 1934 872 1969 aetate
900 1929 1092 1969 iudicium
1115 1941 1265 1981 parum
1295 1940 1343 1968 ea
1372 1929 1467 1968 libri
1496 1926 1708 1968 nominatio
1731 1926 1909 1978 prodest.
1943 1927 2078 1977 Iqitur
2107 1926 2149 1965 in
2177 1925 2262 1964 sola
2290 1923 2419 1962 adhuc
2444 1921 2516 1964 At-

256 2003 347 2042 tatii
373 2001 646 2052 adfirmatione
666 2001 988 2052 acquiescendum
1010 2005 1088 2052 est,
1116 2001 1223 2053 quod
1249 1999 1359 2040 haud
1385 2011 1516 2039 recens
1538 2003 1674 2038 auctor
1702 1999 1773 2038 sed
1792 1995 1887 2038 satis
1907 1998 2094 2049 antiquus
2115 1999 2168 2036 sit
2185 1996 2250 2035 hic
2273 1994 2511 2035 Theodorus.

255 2074 317 2112 Ne
345 2076 477 2112 autem
506 2072 579 2111 diu
609 2072 658 2111 de
686 2073 771 2122 ipso
801 2084 918 2123 opere
948 2072 1109 2124 loquar,
1145 2073 1256 2111 cuius
1285 2066 1458 2122 diqnitas
1487 2074 1526 2109 et
1552 2070 1707 2110 utilitas
1735 2082 1814 2121 per
1841 2081 1879 2108 se
1908 2070 1998 2120 ipsa
2029 2068 2244 2119 leqentibus
2278 2067 2508 2114 innotescet,

254 2143 385 2183 dicam
416 2147 568 2183 tantum
596 2154 663 2182 me
685 2141 732 2181 id
760 2144 949 2193 reperisse
978 2138 1022 2181 in'.
1052 2142 1179 2182 tribus
1210 2136 1464 2181 bibliothecae
1493 2140 1697 2180 vaticanae
1727 2124 1945 2189 codicibus,
1974 2150 2112 2189 nempe
2150 2138 2187 2177 1..
2211 2140 2253 2176 in
2277 2135 2379 2176 856.
2406 2135 2515 2174 bom-

259 2215 397 2266 bycino
418 2215 566 2254 saeculi
586 2212 718 2264 ferme
739 2213 976 2253 duodecimi.
1009 2212 1053 2252 2.
1079 2215 1122 2253 in
1146 2212 1249 2253 430.
1280 2212 1501 2262 chartaceo,
1530 2211 1601 2250 sed
1633 2212 1752 2260 bonae
1771 2210 1996 2260 nitidaeque
2017 2209 2260 2260 scripturae,
2288 2208 2400 2246 cuius
2426 2210 2516 2245 tex-

228 2287 244 2324 f
257 2290 322 2326 tus
349 2286 402 2325 ab
431 2286 503 2325 illo
532 2284 681 2336 prioris
710 2284 853 2324 codicis
880 2286 922 2323 in
947 2284 1093 2336 paucis
1121 2282 1276 2334 differt.
1308 2283 1352 2323 3.
1377 2285 1420 2323 in
1449 2282 1579 2322 codice
1611 2281 1713 2322 632.
1736 2282 1830 2321 item
1860 2280 2085 2331 chartaceo,
2112 2279 2182 2319 sed
2210 2280 2453 2329 antiquiore3
2475 2277 2519 2315 in

255 2369 334 2410 quo
363 2358 521 2410 quidem
555 2357 751 2396 omittitur
780 2356 1012 2406 exordium,
1047 2359 1093 2395 ut
1120 2354 1230 2407 infra
1244 2340 1329 2394 ,suo
1360 2355 1443 2394 loco
1478 2354 1631 2404 dicam,
1666 2356 1934 2393 verumtamen
1962 2354 2006 2392 in
2037 2355 2148 2402 textu
2176 2350 2402 2402 permultae
2429 2351 2522 2387 sunt

257 2428 479 2468 additiones
508 2440 554 2467 ac
582 2427 807 2467 varietates.
841 2420 1026 2466 Primum
1062 2427 1233 2466 codicem
1262 2438 1309 2465 ac
1339 2428 1498 2465 tert-ium
1533 2425 1687 2464 viderat
1716 2424 1892 2465 Allatius
1921 2423 2043 2475 (nam
2078 2423 2127 2462 de
2165 2421 2332 2461 secundo
2370 2419 2512 2469 silet),

260 2498 517 2549 laudatasque
537 2498 588 2536 ab
610 2509 654 2536 eo
676 2498 776 2537 locos
797 2496 906 2547 insra
927 2509 998 2536 nos
1017 2497 1306 2537 adnotabimus.
1342 2497 1497 2537 Titulus
1519 2500 1650 2536 autem
1679 2498 1808 2547 operis
1829 2496 1898 2535 ille
1921 2499 1996 2546 est,
2025 2506 2138 2546 quem
2161 2505 2230 2533 nos
2252 2494 2355 2543 typis
2376 2493 2520 2542 impri-

260 2571 428 2619 mimus5
450 2570 526 2608 nisi
554 2568 660 2619 quod
684 2568 864 2607 mendose
892 2569 937 2607 in
958 2568 1125 2608 secundo
1155 2568 1286 2607 codice
1315 2566 1515 2608 Nicolaus
1542 2568 1730 2607 scribitur
1752 2579 1831 2618 pro
1855 2564 2090 2607 Theodoro
2104 2597 2116 2618 ,
2144 2565 2304 2605 librarii
2331 2562 2519 2602 nimirum

262 2625 460 2689 ἂβλδψῖᾳ,
485 2641 562 2690 'qui
592 2642 683 2678 tunc
707 2637 878 2688 sortasse
908 2638 957 2677 de
986 2639 1148 2678 Nicolao
1181 2639 1366 2678 Ca'basila
1396 2638 1611 2688 coqitabat,
1647 2640 1759 2677 cuius
1796 2638 2017 2688 liturqicus‘
2034 2637 2331 2676 commentarius
2365 2633 2518 2673 iamdiu

261 2709 393 2749 editus
421 2709 674 2760 subsequitur
701 2711 744 2748 in
773 2708 902 2747 codice
925 2710 1016 2759 post
1045 2709 1161 2747 illum
1192 2708 1399 2748 Theodori.

513 2780 731 2833 Parergon
764 2777 817 2819 de
848 2777 928 2819 alia
958 2789 1101 2819 sacrae
1130 2777 1277 2818 Missae
1307 2776 1596 2833 expositione,
1629 2781 1671 2818 et
1701 2776 1754 2818 de
1784 2788 1943 2818 canone
1973 2777 2044 2817 44.
2078 2775 2267 2817 nicaeno.

298 2883 302 2886 .
380 2850 600 2902 Stephanus
629 2850 835 2890 Atdoensis
864 2861 967 2889 anno
996 2849 1123 2890 1670.
1149 2847 1284 2899 sactus
1307 2849 1541 2900 patriarcha
1571 2848 1821 2889 antiochenus
1849 2849 2161 2898 Maronitarum,
2190 2851 2229 2887 et
2255 2858 2356 2887 anno
2387 2844 2512 2886 1705.

264 2922 348 2961 vita
375 2919 606 2972 defunctus,
636 2924 684 2960 ut
713 2921 837 2960 tradit
866 2921 1099 2960 Assemanus
1127 2921 1170 2959 in
1199 2920 1377 2971 cataloqo
1406 2919 1582 2958 codicum
1611 2931 1672 2959 or.
1696 2923 1779 2959 vat.
1814 2920 1860 2959 T.
1884 2919 1973 2959 III.
1998 2931 2048 2971 p.
2080 2918 2190 2969 503,
2221 2917 2424 2968 complura
2450 2918 2516 2955 in-

264 2994 372 3043 qenii
398 2996 518 3044 atque
547 2991 768 3032 industriae
796 3003 890 3031 suae
919 2994 1167 3030 monumenta
1196 2991 1378 3042 reliquit,
1410 3002 1546 3042 nempe
1576 2991 1737 3030 annales
1765 2988 2000 3040 orientales‚·
2026 2973 2081 3029 ³de
2110 2991 2261 3040 oriqine
2291 2989 2515 3028 Maronita-

264 3075 353 3102 rum
362 3077 379 3114 ;
412 3062 553 3103 horum
581 3063 774 3103 vindicias
782 3077 799 3113 ,-
833 3065 926 3102 item
956 3061 1005 3101 de
1033 3066 1156 3101 metro
1185 3064 1403 3101 carminum
1411 3076 1428 3112 ,-
1453 3074 1523 3101 nec
1550 3073 1628 3100 non
1657 3061 1874 3100 orationale
1903 3063 2019 3100 iuxta
2050 3063 2169 3099 ritum
2199 3061 2508 3108 Maronitarum,

265 3136 311 3172 ut
341 3132 476 3173 videre
509 3137 567 3172 est
596 3133 640 3174 in
668 3137 805 3174 nostro
833 3132 1030 3184 praedicti
1059 3132 1230 3183 cataloqi
1266 3133 1532 3184 supplemento
1561 3132 1708 3182 Script.
1739 3135 1817 3171 vet.
1854 3132 1900 3171 T.
1930 3132 1976 3171 V.
2008 3131 2122 3170 codd.
2156 3143 2238 3181 syr.
2274 3129 2374 3170 392.
2410 3128 2512 3169 393.

267 3204 369 3245 394.
401 3203 504 3244 395.
530 3203 632 3244 396.
666 3204 769 3245 397.
793 3203 897 3244 411.
920 3202 1023 3243 444.
1060 3203 1177 3252 Quod
1203 3215 1296 3243 vero
1325 3203 1379 3242 ad
1407 3214 1490 3242 rem
1513 3206 1759 3254 praesentem
1789 3205 1947 3253 attinet,
1975 3205 2018 3242 in
2045 3201 2282 3241 carsciunico
2311 3200 2421 3252 apud
2448 3212 2516 3239 nos

266 3275 395 3314 codice
425 3273 527 3315 400.
559 3277 779 3314 continetur
813 3275 986 3314 eiusdem
1016 3274 1222 3314 Atdoensis
1250 3285 1436 3325 maqnum
1465 3285 1562 3325 opus
1591 3274 1640 3312 de
1670 3273 1862 3324 sacrificio
1894 3273 2059 3323 Missae,
2091 3272 2242 3312 duobus
2272 3272 2383 3311 tomis
2411 3282 2518 3310 com-
2575 3304 2578 3305 γ

260 3344 521 3396 prehensum,
553 3357 719 3396 quorum
738 3349 866 3384 tamen
888 3345 1049 3396 primus
1067 3345 1187 3384 deest.
1220 3345 1299 3384 Sed
1327 3356 1432 3394 ecce,
1459 3343 1648 3395 fortunae
1674 3344 1875 3395 beneficio,
1903 3344 2146 3383 desideratus
2166 3343 2230 3383 hic
2257 3342 2518 3382 carsciunicus

267 3419 414 3465 tomus,
450 3406 661 3467 suppletur
690 3415 741 3454 ab
770 3415 943 3454 eiusdem
979 3413 1300 3466 interpretatione
1331 3414 1476 3464 latina,
1513 3425 1614 3465 quae
1642 3416 1685 3453 in
1716 3413 1846 3453 codice
1879 3417 2055 3453 vaticano
2087 3413 2217 3454 7410.
2250 3417 2514 3453 conservatur.

265 3485 416 3538 Reupse
447 3497 568 3538 quum
599 3489 722 3526 totum
750 3498 848 3537 opus
874 3486 918 3525 in
947 3485 1095 3525 decem»
1100 3489 1239 3536 partes
1268 3483 1368 3536 (seu
1398 3483 1657 3534 candelabra,
1692 3487 1738 3523 ut
1769 3484 1987 3524 Orientales
2014 3484 2167 3524 malunt
2195 3484 2354 3536 dicere)
2382 3484 2520 3524 distri-

271 3555 436 3608 buatur,
468 3569 542 3596 sex
568 3556 728 3608 quidem
752 3558 909 3607 priores
931 3559 1069 3607 partes
1096 3556 1141 3595 in
1172 3544 1293 3595 latino
1322 3556 1589 3604 continentur,
1622 3557 1791 3605 quatuor
1819 3566 1911 3594 vero
1934 3559 2163 3606 postremae
2183 3555 2228 3594 in
2255 3557 2515 3595 carsciunico:

268 3635 345 3675 quo
370 3627 425 3676 fit
452 3630 499 3666 ut
527 3627 578 3667 ab
607 3631 773 3678 utroque
803 3627 1034 3666 coniunctim
1063 3625 1191 3665 codice
1222 3625 1454 3676 liturqicum
1482 3625 1554 3664 hoc
1583 3624 1786 3664 Atdoensis
1814 3636 1911 3676 opus
1940 3625 2051 3664 nobis
2081 3629 2202 3665 totum
2229 3625 2516 3677 suppeditetur.

273 3694 462 3744 Quisnam
497 3709 590 3737 vero
618 3695 749 3748 suerit
785 3698 929 3736 latinus
964 3699 1179 3747 interpres,
1216 3695 1341 3734 codex
1369 3707 1446 3735 non
1475 3695 1608 3746 docet,·
1640 3694 1709 3734 sed
1735 3695 1933 3746 suspicari
1960 3696 2051 3735 licet
2077 3695 2127 3735 de
2156 3697 2279 3736 Petro
2309 3696 2518 3736 Benedicta

270 3763 342 3803 illo
371 3763 414 3804 S.
438 3765 672 3818 Ephraemii
700 3769 895 3807 notissimo
925 3768 1152 3817 interprete.
1186 3764 1365 3816 Namque
1394 3764 1594 3804 Naironus
1621 3763 1732 3815 apud
1758 3765 2010 3804 Assemanum
2021 3794 2035 3815 ,
2064 3765 2145 3804 loco
2174 3765 2418 3816 supradicto,
2450 3763 2518 3814 as·-

267 3833 463 3884 firmabat
489 3836 634 3878 Romae
662 3849 703 3878 se
732 3822 924 3890 quaedam
953 3836 1158 3878 Aidoensis
1193 3835 1441 3888 exemplaria
1471 3836 1661 3886 accepisse
1690 3846 1716 3874 a
1745 3835 1867 3876 Petro
1894 3832 2102 3876 Benedicto
2131 3838 2324 3876 maronita
2351 3847 2518 3875 commo-

449 3917 476 3946 n
