2970 4420
468 276 474 284 ’
521 307 535 327 ι
1193 301 1248 333 nn
1281 301 1555 333 PnlLomsz·
1960 274 1968 279 ι’
2443 291 2503 336 59

254 376 504 461 ἀγκῶνας·
542 371 706 429 ἐδόκει
745 371 831 429 οὖν
866 374 986 446 ὑμῖν
1024 378 1301 443 Κτησίβιος
1339 373 1389 431 ἕν
1423 397 1475 430 τε
1509 372 1672 449 τούτῳ
1708 393 1796 431 etc.
1834 383 2080 445 Polyidum
2113 393 2217 445 ante
2250 389 2507 435 Alexandri

255 473 463 549 tempora
475 458 724 513 floruisse,
752 459 984 523 fuisseque
1010 462 1283 517 thessalum,
1311 463 1489 510 notavit
1511 463 1676 510 Hero
1665 463 1819 509 iunior
1843 460 1927 508 lib.
1955 463 2032 508 vt.
2075 450 2270 515 Διάδης
2300 453 2389 525 μὲν
2419 453 2511 508 οὐν

255 553 338 584 και
378 526 634 601 Χαιρέας,
670 527 717 580 οἱ
756 526 1044 587 Πολυείδου
1076 551 1166 583 του
1206 526 1462 584 θετταλου
1490 527 1746 601 μαθηταὶ,
1781 529 1828 581 οἱ
1869 528 2368 600 συστρατευθέντες’
2380 538 2514 584 Αλε-

255 602 460 679 ξᾶνὸρω
496 605 570 678 τῷ
601 600 885 676 μακεδόνι,
908 604 1183 676 μηχανικοὶ
1221 629 1407 678 πρωτοι
1443 605 1511 661 τοί
1543 627 1595 660 τε
1630 603 1883 701 τρύπανα,
1915 605 1998 659 καὶ
2037 604 2128 667 τοὶς
2166 603 2501 679 διαβάθρας,

255 681 338 736 καὶ
376 680 495 743 τοὺς
532 678 836 754 φερομένους
871 678 961 735 διὰ
992 704 1191 755 τροχων
1225 681 1468 754 ξυλίνους
1500 681 1729 757 πύργους
1767 681 1988 756 ἐξευρον.
2024 694 2080 739 Et
2113 693 2376 740 Athenaeus
2410 708 2509 738 me-

255 769 473 816 chanicus
505 768 564 814 de
597 769 794 814 arietum
827 770 1172 816 constructione
1203 784 1259 815 ex
1292 769 1458 815 eodem
1492 769 1662 823 Diade,
1695 771 1886 832 eiusque
1920 778 2114 816 tractatu
2148 772 2424 818 mechanico
2457 769 2516 815 de

256 840 535 893 bellicorum
565 846 761 892 arietum
779 847 1127 894 constructione
1159 845 1301 892 verba
1330 845 1528 893 faciens:
1570 833 1792 891 ἐπίδοσιν
1823 833 1876 889 δὲ
1911 833 2152 903 ἕλαβενῆῧ
2182 836 2401 931 τοιαύτη
2432 859 2521 907 μκ-

258 935 538 982 χανοποιια
565 909 739 966 ἅπασα
774 911 904 966 κατοὶ
940 936 1026 970 την
1063 910 1336 967 Διονυσίου
1373 935 1462 966 του
1501 911 1804 968 σικελιώτου
1840 911 2143 986 τυραννίδα,
2174 912 2312 968 κατοί
2346 936 2399 968 τε
2436 936 2521 969 τκν

257 986 523 1043 Φιλίππου
559 1011 648 1042 του
682 987 927 1060 ἈμύνἺου
964 987 1272 1056 βασιλείων
1310 985 1388 1042 ὅτε
1428 987 1716 1085 ἐπολιόρκει
1749 988 2059 1073 Βυζαντίους
2093 989 2376 1052 Φι’·λιππος
2416 990 2522 1049 εὔη-

257 1064 401 1138 μέρει
441 1062 494 1118 δὲ
532 1067 597 1135 τῇ
627 1063 842 1136 τοιαύτη
877 1064 1029 1136 τέχνη
1070 1062 1357 1126 Πολύειδος
1394 1066 1418 1117 ὁ
1456 1063 1753 1129 θεσσαλος,
1790 1071 1845 1119 οὑ
1886 1091 1929 1120 οι
1934 1067 2210 1164 μαθηται
2258 1090 2521 1140 συνεστρα-

262 1140 467 1197 τεύοντο
490 1140 853 1216 Ἀλεξάνδρῳ,
887 1140 1113 1206 Διοίὸκς,
1143 1164 1225 1195 και
1261 1140 1504 1214 Χαιρέας.
1545 1141 1741 1204 Διοίὸκς
1775 1143 1867 1214 μὲν
1898 1167 1983 1198 ουν
2012 1142 2165 1210 αυτός
2194 1161 2341 1211 φησιν
2373 1144 2420 1199 ἐν
2448 1146 2521 1213 τῷ

262 1219 533 1292 μηχανικῷ
563 1219 725 1272 αὐτου
753 1217 1122 1315 συγΓροίμμαΎι
1143 1217 1423 1292 εὑρηκέναι
1422 1217 1553 1280 τούς
1581 1241 1633 1272 τε
1666 1219 1908 1312 φορνῖΤους
1935 1219 2192 1315 πύργους,
2225 1221 2309 1275 καὶ
2346 1220 2404 1274 τὸ
2438 1229 2521 1275 λε·

260 1294 473 1366 ’γόμενον
508 1294 781 1370 τρύτανον,
817 1319 900 1350 και
937 1318 1023 1349 τον
1060 1293 1287 1367 κόρακα,
1323 1317 1406 1348 και
1445 1319 1533 1351 την
1572 1295 1898 1391 ξἰξτιβάθραν·
1939 1295 2191 1376 ἐχρκσατο
2230 1295 2286 1352 δε
2323 1297 2407 1351 καὶ
2448 1300 2521 1371 τῷ

262 1371 525 1444 ὑποὙρόχῳ
561 1372 699 1445 κριῷ·
733 1370 923 1446 γροίφει
955 1395 1085 1444 γουν
1119 1394 1202 1428 την
1231 1369 1531 1428 καὛασκευνιν
1559 1372 1724 1425 αυτοῦ
1758 1370 1928 1435 ούτως.
1967 1386 2092 1431 Haec
2116 1387 2179 1432 ita
2206 1385 2416 1432 vertebat
2445 1387 2521 1433 vi-

259 1460 440 1505 truvius
466 1456 548 1504 lib.
578 1461 635 1504 X.
665 1474 765 1520 cap.
803 1461 875 1504 19.
903 1458 968 1503 Id
999 1469 1160 1504 autem
1193 1458 1322 1520 quod
1351 1457 1517 1504 tardos
1550 1470 1748 1504 conatus
1783 1458 2044 1512 habuerat,
2076 1460 2360 1508 testudinem
2394 1463 2520 1509 arie-

263 1534 445 1580 tariam
465 1534 707 1598 appellare
729 1533 897 1598 coepit.
925 1531 1017 1580 His
1036 1545 1137 1580 tum
1155 1533 1332 1598 primis
1350 1534 1585 1598 gradibus
1604 1535 1775 1599 positis
1802 1536 1870 1582 ad
1890 1537 1943 1581 id
1959 1553 2106 1601 genus
2128 1538 2519 1592 machinationis,-

254 1623 422 1675 postea
446 1628 552 1657 cum
580 1610 827 1674 Philippus
850 1611 1242 1675 Amyntaefiltus
1265 1612 1557 1675 Byzantium
1581 1625 1900 1676 oppugnaret,
1925 1615 2154 1678 Polyidus
2175 1615 2403 1662 thessalus
2419 1617 2522 1680 plu-

263 1687 394 1733 ribus
425 1686 675 1750 generibus
710 1698 754 1731 et
778 1687 1093 1759 saczwltortbus
1118 1687 1413 1753 εωρίίήοαςιι
1450 1704 1480 1733 a
1504 1703 1608 1750 -quo
1647 1701 1922 1752 receperunt
1957 1691 2226 1761 doctrinam
2259 1692 2439 1738 Diades
2475 1705 2520 1738 et

264 1763 521 1815 Chaereas,
549 1781 630 1827 qut
665 1780 772 1810 cum
795 1765 1075 1811 Alexandro
1108 1765 1400 1811 mi’.lttarunt
1438 1767 1611 1828 Itaque
1642 1766 1824 1812 Diades
1859 1767 2050 1831 scriptis
2083 1786 2181 1815 suis
2213 1770 2438 1821 ostendit,
2473 1787 2520 1816 se

263 1840 490 1887 inventsse
512 1853 666 1887 turres
690 1840 1061 1892 ambulatorius,
1085 1857 1206 1904 quas
1229 1842 1378 1888 etiam
1400 1842 1699 1889 dissolutas
1680 1860 1728 1888 tn
1751 1843 1966 1889 exercitu
1990 1845 2298 1908 circumferre
2319 1847 2514 1893 solebat.

263 1919 518 1965 Praeterea
551 1916 808 1967 terebram,
842 1929 888 1962 et
914 1918 1241 1964 ascendentem
1275 1917 1574 1969 machinam,
1608 1935 1705 1979 qua
1739 1919 1808 1965 ad
1838 1936 2028 1966 murum
2054 1923 2204 1986 plano
2231 1923 2354 1986 pede
2385 1935 2517 1970 tran-

261 1995 382 2041 situs
415 2011 511 2041 esse
535 2006 719 2059 posset‚·
746 2006 792 2040 et
824 1995 973 2041 etiam
1004 2012 1195 2042 corvum
1229 1995 1552 2042 demolitorem
1571 2033 1583 2047 ,
1622 2013 1759 2059 quem
1799 1998 2018 2044 nonnulli
2050 1989 2512 2064 gruemfippellant.

260 2073 368 2118 Non
407 2072 564 2117 minus
605 2072 829 2118 utebatur
866 2072 1017 2118 ariete
1051 2072 1321 2124 subrotato,
1359 2073 1494 2119 cuius
1529 2074 1739 2119 rationes
1778 2074 1983 2138 scriptas
2022 2076 2230 2139 reliquit.
2269 2078 2519 2124 Ctesibium

262 2157 474 2212 tempore
503 2150 670 2195 vixisse
703 2149 952 2196 Ptolemaei
989 2151 1238 2212 Evergetae
1269 2150 1459 2211 secundi
1486 2151 1798 2198 Bernardinus
1828 2153 1998 2199 Baldus
2031 2169 2088 2199 ex
2119 2155 2330 2208 Herone,
2364 2156 2519 2201 Vitru-

261 2229 363 2281 vio,
391 2227 630 2274 Athenaeo
652 2227 835 2274 videtur
859 2226 948 2274 sibi
974 2227 1295 2275 demonstrare
1317 2229 1366 2274 in
1395 2229 1488 2275 vita
1514 2230 1729 2277 Heronis.
1763 2231 1932 2276 Palam
1957 2230 2192 2293 siquidem
2214 2244 2303 2283 est,
2335 2233 2520 2279 iuniore

238 2306 471 2355 ‘Herone,
500 2316 545 2350 et
574 2305 674 2367 ijwso
697 2321 879 2368 quoque
901 2303 1175 2351 mechanico
1203 2317 1420 2357 auctore,
1450 2318 1665 2352 nostrum
1687 2305 1834 2358 hunc,
1868 2307 2060 2353 Ctesibii
2081 2310 2288 2360 ascraei,
2318 2307 2518 2358 tonsoris

265 2383 315 2428 in
338 2381 602 2446 Aspendia,
634 2383 706 2428 vel
726 2394 852 2428 certe
873 2382 1191 2429 alexandrini
1211 2383 1481 2447 cuiuspiam
1506 2384 1708 2430 tonsoris
1718 2385 1828 2448 filii
1839 2423 1850 2437 ,
1881 2397 1933 2431 ut
1964 2386 2174 2434 Vitruvio
2192 2389 2353 2453 placet
2380 2390 2520 2436 disci·
2584 2419 2587 2422 ,

257 2459 427 2524 pulum
448 2459 633 2521 fuisse:
661 2458 747 2521 qui
774 2459 966 2522 quidem
999 2459 1248 2511 Ctesibius,
1276 2460 1321 2506 si
1349 2460 1502 2506 eidem
1535 2460 1775 2507 Athenaeo
1805 2461 2029 2525 scriptori
2055 2465 2340 2526 gravissimo
2366 2467 2513 2525 fides,

262 2538 533 2583 Ptolemaeo
555 2536 831 2599 supradicto
856 2549 1088 2600 regnante
1111 2537 1236 2584 inter
1261 2537 1384 2585 vivos
1400 2538 1538 2600 suit,·
1569 2538 1641 2586 vir
1671 2539 1863 2603 ingenio
1887 2540 2075 2591 subtili,
2096 2542 2316 2604 peracri,·
2341 2555 2386 2588 et
2412 2546 2520 2607 pri-

263 2629 393 2663 mus,
419 2612 676 2658 eodemmet
714 2612 924 2659 Vitruvio
956 2625 1093 2664 teste,
1130 2614 1447 2678 spiritalium.
1481 2631 1604 2677 quae
1634 2616 1936 2679 pnevmatica
1970 2634 2000 2662 a
2038 2618 2230 2664 Graecis
2263 2619 2512 2670 dicuntur,

264 2687 653 2750 mirabiliumque
680 2688 1040 2741 machinarum,
1074 2703 1300 2754 repertor.
1339 2693 1492 2747 Quare
1517 2693 1758 2739 Philonem
1793 2694 1917 2740 hunc
1949 2710 2042 2740 non
2074 2696 2135 2741 ita
2164 2697 2403 2758 antiquum
2437 2712 2519 2742 au-

264 2776 469 2819 ctorem,
503 2766 583 2811 sed
621 2767 850 2812 iuniorem
885 2767 1046 2821 fuisse,
1075 2784 1163 2815 nec
1197 2769 1303 2831 plus
1334 2779 1521 2816 centum
1552 2771 1684 2817 annis
1719 2787 1889 2817 annum
1927 2773 2086 2818 salutis
2118 2775 2415 2835 praecessisse
2448 2774 2517 2819 di·

265 2843 466 2890 cendum
499 2851 586 2888 est.
623 2844 679 2888 Et
709 2858 828 2905 opus
861 2844 976 2890 illud
1010 2852 1105 2891 tam
1129 2844 1314 2892 celebre
1346 2848 1684 2893 armamentarii
1718 2849 1927 2894 nondum
1961 2857 2144 2902 natum,
2173 2866 2258 2896 suo
2289 2851 2384 2897 fato
2412 2860 2516 2896 ante

265 2920 471 2982 parentis
497 2918 678 2964 obitum
712 2919 889 2980 syllana
922 2919 1050 2966 rabie
1080 2921 1403 2983 conflagrasse.
1433 2925 1606 2969 Verum
1629 2924 1765 2969 altius
1800 2924 1983 2970 Ctesibii
2010 2934 2132 2971 aetas
2157 2927 2512 2973 consideranda:

265 3013 320 3043 ex
354 3012 408 3043 ea
442 2997 617 3058 quippe
647 3004 693 3042 et
718 2996 924 3043 Philonis
950 3005 1074 3043 aetas
1106 3000 1439 3083 comperietur,
1469 3015 1575 3046 cum
1599 3000 1658 3046 de
1682 3000 1882 3046 Ctesibio
1911 3004 1971 3047 ita
2005 3002 2247 3063 loquatur,
2276 3018 2327 3049 ac
2358 3004 2417 3049 de
2440 3019 2517 3049 ae-

265 3073 397 3119 mulo
429 3082 539 3119 tunc
569 3074 779 3119 vivente·
819 3060 1014 3136 ὅσἾερον
1044 3060 1153 3116 δὲ’
1128 3088 1248 3136 κμιν
1277 3064 1594 3137 ἀνήγγειλάν
1621 3088 1749 3127 τινες
1784 3067 1877 3120 τῶν
1912 3067 2292 3142 περιεργότερον
2327 3093 2383 3122 το
2422 3070 2517 3123 τοῦ

265 3143 548 3205 Κτησιβιου
577 3136 915 3211 τεθεαμένων,
944 3162 1027 3194 και
1061 3137 1253 3205 εφασαν
1281 3147 1481 3195 πλειόσι
1511 3147 1709 3196 λεπίσιν
1743 3152 1830 3198 etc'.
1858 3154 1993 3208 Quod
2019 3156 2055 3199 si
2086 3170 2178 3201 non
2205 3156 2375 3217 placet,
2407 3173 2515 3204 con-

266 3227 434 3274 cedant
457 3240 639 3272 necesse
661 3234 730 3272 est
753 3226 995 3273 Philonem
1019 3227 1160 3289 paulo
1189 3236 1294 3290 post
1321 3227 1506 3274 Ctesibii
1534 3237 1744 3290 tempora
1769 3230 1943 3275 Heroni
1981 3219 2248 3295 σύΓχρονρν
2283 3232 2510 3282 floruisse.

393 3304 517 3349 Sicut
551 3303 761 3365 superius
795 3303 854 3350 de
881 3303 1171 3358 Heronibus,
1198 3306 1262 3350 ita
1293 3313 1338 3351 et
1367 3305 1441 3351 hic
1472 3305 1530 3351 de
1557 3305 1765 3352 Ctesibiis
1787 3306 2004 3359 dicimus,
2034 3307 2153 3353 duos
2183 3308 2354 3355 scilicet
2378 3309 2515 3357 fuisse

267 3378 513 3433 Ctesibios,
537 3381 767 3426 seniorem
794 3380 991 3427 alterum
1017 3382 1138 3428 circa
1157 3381 1406 3428 Alexandri
1437 3382 1592 3443 magni
1624 3391 1834 3445 tempora
1851 3417 1861 3435 ‚
1888 3383 2118 3430 iuniorem
2147 3385 2342 3431 alterum
2369 3394 2515 3433 aetate

268 3456 515 3502 Ptolemaei
548 3457 796 3518 Evergetae
829 3457 1036 3503 secundi.
1069 3459 1227 3504 Iunior
1259 3459 1405 3520 patria
1439 3458 1765 3505 alexandrinus
1796 3467 1982 3513 tonsor,
2012 3461 2107 3506 sive
2141 3469 2272 3523 patre
2296 3471 2509 3517 tonsore,

268 3541 460 3594 propter
491 3533 775 3595 hydrauleos
804 3536 967 3596 organi
999 3535 1239 3581 inventum
1273 3534 1439 3582 clarus.
1476 3535 1737 3582 Athenaeus
1763 3535 2044 3599 dipnosoph.
2072 3537 2157 3584 lib.
2185 3539 2259 3585 lv.
2290 3539 2368 3602 (p.
2402 3542 2508 3586 174.

270 3607 348 3654 ed.
385 3609 523 3671 Cas.)
559 3598 659 3653 Καὶ
693 3599 964 3663 Ἀλκείδης
1001 3598 1108 3665 ἔφη·
1146 3600 1293 3654 οἷλλοὶ
1328 3625 1422 3672 μην
1458 3624 1539 3654 και
1580 3600 1638 3654 τὸ
1675 3599 1891 3676 ὄργανον
1925 3626 2075 3658 τουτο
2115 3602 2366 3677 υδραυλις
2411 3605 2522 3659 εἴτε

264 3694 362 3727 των
399 3697 612 3731 εντατων
647 3676 771 3730 αυτ-ὸ
809 3676 994 3738 θέλεις
1031 3699 1131 3731 ειτε
1168 3701 1266 3732 των
1305 3700 1644 3748 εμπνευστων,
1679 3676 2037 3773 οἷλεξανὸρέως
2079 3704 2212 3736 εστιν
2248 3681 2511 3752 κμεδαπου

269 3769 487 3822 ευρκμα,
512 3751 729 3823 κουρέως
752 3776 838 3810 τειν
862 3752 1070 3823 τέχνην,
1096 3757 1374 3820 Κτησίβιος
1401 3751 1450 3806 δ’
1478 3754 1617 3828 αυτῷ
1638 3752 1879 3828 τούνομα
1909 3757 2100 3828 ἱσὟοοει
2125 3755 2177 3812 δε
2204 3781 2353 3812 τουτο
2374 3759 2508 3831 Ἀρι-

266 3827 482 3888 στοκλκς
512 3850 559 3883 εν
586 3829 659 3901 τῷ
684 3829 793 3901 περὶ
830 3853 1030 3903 χορων,
1061 3830 1250 3885 οὑτωσί
1274 3853 1372 3892 πως
1401 3829 1572 3886 λεΤων·
1603 3830 1820 3904 ζῆΤεῖται
1848 3831 2053 3908 πότερον
2080 3858 2177 3889 των
2209 3835 2509 3907 ἔμπνευσἼων
