2970 4420
497 263 586 308 154
1432 281 1582 312 Leonis
1616 281 1793 312 ALLATu

490 351 722 406 τοιοῦτον
766 350 947 425 ὅμιλον
988 354 1230 427 θέμενοι,
1268 355 1389 409 ἀλλ’
1430 353 1540 428 ἰδίᾳ
1584 351 1798 423 ἕκαστος,
1831 357 2218 423 φιλοσοφήσας,
2254 359 2337 413 καὶ
2381 360 2498 422 τοὺς
2540 360 2739 434 λόγους

497 427 827 500 ἀναγράψας.
858 432 1010 487 Ἒωεὶ
1052 430 1135 486 οὖν
1170 431 1278 486 τινὰ
1314 430 1404 502 μὲν
1440 433 1536 486 τῶν
1569 431 1940 507 κατοὶκαιροὸς
1975 435 2326 507 πραχθέντων
2363 437 2469 491 §wo
2505 439 2593 499 τῆς
2628 439 2743 492 οἰκο-

492 503 706 567 λουθίας
744 506 1017 580 ὠθούμενοι
1056 507 1279 581 ἑκάτεροι
1317 505 1687 577 ἀπεδείχθησαν
1724 509 2031 583 φράσαντες,
2063 510 2174 564 τινά
2212 510 2264 566 δὲ
2303 510 2632 586 ἰδιαζόντως,
2669 514 2742 568 εὕ-

491 591 665 655 >to-you
688 583 847 658 ᾠήθην
880 586 944 638 τὰ
977 586 1151 646 κοινῶς
1185 583 1792 656 αὐτοῖς-συμφωνούμενα
1829 585 1914 639 διὰ
1952 589 2047 640 τοῦ
2079 587 2374 663 σαφέσὙερον
2404 590 2486 644 καὶ
2519 590 2740 663 ἀφραδέ-

494 683 664 732 στερον
703 659 1045 733 διηγουμένου
1079 662 1140 731 τῇ
1171 659 1396 734 παρούσῃ
1431 667 1606 734 βίβλῳ
1636 662 1960 734 κατατάξαι,
1997 664 2044 718 ἐν
2077 666 2138 735 τῇ
2168 666 2390 738 παρόψει
2425 692 2741 741 παρασκμαι-

491 735 719 807 νόμενος,
755 740 818 799 ὥς
853 737 1005 809 οἵμφω
1040 735 1471 807 συμπεφωνήκασι·
1504 737 1569 791 τοὶ
1604 736 1658 791 δὲ
1695 738 1888 811 ἑκάστῳ
1924 739 2081 795 πάλιν
2118 739 2256 803 ἰδίως
2293 742 2553 798 ἐκτεθέντα
2585 769 2741 818 παρα-

494 812 725 871 δηλοῖσω·
763 813 1009 887 ἄρξομαι
1033 812 1086 866 δὲ
1124 814 1213 875 τῆς
1251 812 1556 877 ὑποθέσεως
1596 815 1649 869 ἐκ
1683 816 1770 877 τνῖς
1809 816 2033 889 ἱστορίας
2069 819 2165 871 τοῦ
2197 820 2592 892 μακαριωτάτου
2636 826 2739 874 Σω-

494 890 721 962 ζομενοῦ.
763 889 1177 965 Προσφωνκτικόν
1220 890 1291 951 εἷς
1329 890 1614 946 Θεοδόσιον
1649 892 1736 946 τὸν
1779 891 2010 958 βασιλέα
2053 891 2364 967 Σωζομενοῧ.
2403 909 2469 954 De
2508 909 2741 955 Theodori

487 976 677 1024 huiusce
702 978 893 1023 historia
918 977 1218 1023 ecclesiastica
1242 977 1446 1041 notanda
1470 978 1686 1040 equidem
1711 988 1840 1032 sunt,
1868 996 1986 1041 quae
2014 982 2200 1027 Vossius
2223 982 2283 1030 de
2310 983 2538 1030 historicis
2567 987 2741 1046 graecis

488 1054 597 1101 libri
629 1055 815 1101 secundi
842 1054 1044 1116 capitulo
1068 1057 1148 1100 22.
1182 1054 1338 1100 tradit.
1382 1055 1511 1100 Unde
1537 1067 1582 1100 et
1606 1056 1806 1102 Iodocus
1833 1057 2021 1104 Coccius
2046 1058 2094 1103 in
2122 1058 2277 1104 indice
2301 1072 2573 1113 auctorum,
2604 1078 2741 1124 quem

488 1132 709 1178 thesauro
743 1148 826 1177 suo
858 1129 1090 1176 catholico
1117 1130 1391 1194 praemisit,
1423 1148 1529 1177 eum
1555 1131 1731 1178 vixisse
1755 1148 1882 1198 anno
1909 1134 1981 1179 ait
2013 1136 2172 1181 ΙΩΧΧ.
2211 1137 2348 1191 Quod
2375 1137 2561 1183 biennio
2581 1137 2742 1198 suerit

479 1222 587 1272 post
622 1220 818 1254 mortem
843 1207 1105 1253 Anastasii.
1127 1209 1304 1254 'Solum
1330 1204 1483 1271 igitur
1513 1220 1692 1254 tractat
1727 1209 1785 1255 de
1816 1211 2093 1263 Marciano,
2127 1213 2298 1264 Leone,
2327 1214 2534 1264 Zenone,
2564 1214 2742 1260 Basili-

485 1303 581 1336 sco,
611 1298 656 1331 et
689 1284 960 1331 Anastasio.
999 1286 1185 1347 Loquor
1214 1297 1375 1330 autem
1408 1285 1465 1331 de
1503 1285 1762 1337 Theodoro,
1792 1287 1982 1349 qualem
2007 1305 2132 1334 nunc
2165 1287 2392 1335 habemus
2426 1305 2597 1352 graece
2628 1289 2742 1338 lati-

484 1380 629 1425 neque
669 1362 718 1408 in
761 1379 951 1425 corpore
990 1361 1221 1408 historiae
1260 1362 1605 1409 ecclesiasticae
1623 1400 1634 1414 ‚
1673 1379 1733 1409 ac
1768 1364 1919 1409 latine
1951 1366 2103 1411 solum
2138 1365 2187 1411 in
2223 1365 2505 1412 bibliotheca
2543 1368 2743 1413 Patrum

487 1454 598 1485 tom.
640 1440 746 1485 VII.
784 1439 898 1484 edit.
933 1455 1023 1484 sec.
1060 1439 1154 1485 Sed
1186 1439 1248 1491 is,
1286 1456 1377 1502 quo
1411 1440 1588 1486 Suidas
1623 1457 1757 1491 usus,
1793 1440 1945 1504 coepit
1977 1456 2007 1486 a
2046 1442 2351 1488 Constantino
2383 1459 2578 1505 magno.
2615 1445 2743 1489 Num

486 1517 694 1563 dicemus
732 1534 784 1563 eo
822 1528 956 1562 tanto
990 1517 1139 1563 altius
1177 1534 1337 1564 orsum
1380 1510 1504 1569 dici,
1544 1518 1660 1581 quia
1696 1530 1908 1564 extremo
1945 1518 2066 1565 libro
2101 1534 2264 1583 pauca
2302 1518 2476 1564 subdat
2511 1520 2568 1565 de
2603 1519 2744 1566 annis
2796 1518 2801 1523 ’

488 1594 787 1640 Constantini
816 1593 1009 1657 magni,
1047 1587 1336 1646 Constantii,
1379 1594 1625 1641 Theodosii
1661 1595 1853 1658 magni,
1887 1595 2109 1646 Arcadii,
2148 1607 2194 1641 et
2230 1594 2475 1642 Theodosii
2509 1596 2743 1643 iunioris?

482 1672 577 1716 Sed
600 1671 726 1717 enim
758 1682 858 1716 tam
885 1671 978 1717 ista
1004 1683 1114 1718 sunt
1141 1670 1317 1723 cicilia,
1335 1684 1401 1718 'ut
1425 1689 1519 1718 non
1550 1684 1825 1718 mereantur
1853 1672 1904 1718 in
1934 1673 2360 1738 considerationem
2390 1673 2584 1727 venire‚·.
2598 1689 2744 1737 prae-

483 1748 647 1795 sertim
689 1765 798 1793 cum
833 1759 1046 1794 eoetremo
1080 1748 1294 1794 addatur
1329 1750 1452 1800 loco,
1493 1758 1545 1794 ut
1577 1748 1640 1794 ab
1671 1748 1770 1794 alio
1799 1748 1960 1812 potius
1995 1748 2247 1795 videantur
2281 1761 2463 1795 assuta.
2496 1752 2606 1795 *Imo
2639 1750 2742 1796 tam

483 1826 655 1890 exigui
683 1838 792 1872 sunt
821 1825 1091 1872 cluolibelli
1123 1827 1537 1880 collectaneorum,
1569 1839 1620 1872 ut
1645 1826 1729 1873 via:
1761 1826 1902 1890 digni
1934 1826 2030 1872 sint
2059 1827 2379 1891 appellatione
2417 1817 2634 1891 ἶσὙΟρίας
2671 1817 2743 1870 ἐκ·

487 1895 881 1956 κλῆσιαστικῆς,
916 1903 1148 1966 quomodo
1182 1915 1315 1950 vocat
1356 1904 1552 1950 Suidas.
1591 1904 1825 1966 Equidem
1867 1916 2054 1955 metuo,
2094 1921 2152 1949 ne
2192 1905 2343 1950 solum
2382 1903 2478 1950 sint
2516 1915 2743 1966 excerpta

484 1981 737 2043 quaedam.
775 1983 952 2043 Estque
983 1980 1070 2026 hoc
1103 1998 1156 2027 eo
1191 1964 1525 2032 verosimilius,
1565 1982 1694 2044 quod
1723 1982 1839 2028 libri
1868 1982 2065 2027 secandi
2094 1981 2340 2045 inscriptio
2373 1981 2458 2032 sit,
2499 1968 2614 2024 οἷτισδ
2647 1968 2742 2024 ‘roo'

486 2047 724 2123 δευτέρου
756 2054 972 2114 βιβλίου
992 2091 1004 2111 ,
1040 2076 1064 2104 e
1095 2059 1216 2105 libro
1246 2059 1464 2105 secundo.
1503 2061 1570 2104 Ac
1593 2059 1713 2105 libro
1738 2059 1900 2122 primo
1931 2059 2049 2105 haec
2075 2059 2475 2123 praemittantur:
2516 2046 2736 2120 ἐκλογαὶ

485 2125 580 2178 οἷπό
615 2126 702 2187 τῆς
737 2125 1150 2188 ἐκκλησιασὙικῆς
1187 2127 1405 2199 ἱσὙοριάς
1438 2125 1539 2180 oin-<3
1573 2126 1733 2191 φωνῆς
1767 2125 2059 2199 Νικήφορου
2096 2128 2392 2180 ΚαλλίσὙου
2428 2125 2523 2202 τοῦ
2551 2122 2741 2182 Ξανθο-
2802 2198 2804 2200 Ι

484 2201 699 2256 πούλου.
734 2215 980 2276 Eoecerpta
1016 2211 1246 2258 historiae
1276 2212 1622 2258 ecclesiasticae
1657 2212 1719 2258 ab
1752 2229 1831 2259 ore
1866 2225 2067 2277 excepta
2101 2211 2359 2276 Nicephori
2396 2211 2582 2258 Callisti
2609 2213 2741 2258 Xan-

487 2288 686 2352 thopuli.
719 2290 884 2340 Credo,
914 2289 1206 2354 Nicephorus
1234 2289 1420 2336 Callisti
1445 2292 1463 2350 (
1473 2290 1559 2353 qui
1582 2306 1708 2336 anno
1733 2290 1857 2337 vixit
1885 2292 2190 2350 CJOCCGXX)
2216 2306 2310 2336 non
2334 2289 2574 2353 integram
2599 2290 2636 2334 T
2632 2287 2742 2334 heo-

486 2366 594 2411 dori
626 2366 878 2412 historiam
914 2367 999 2412 sed
1034 2368 1187 2413 solum
1226 2382 1284 2412 ea
1304 2404 1315 2417 ,
1355 2383 1477 2430 quae
1516 2359 1716 2431 exceptu
1750 2367 1978 2432 digniora
2007 2367 2219 2432 putavit,
2257 2383 2341 2413 suo
2375 2366 2573 2413 dictavit
2599 2381 2742 2411 ama-

486 2442 670 2489 nuensi.
708 2445 771 2488 Et
804 2459 919 2489 sane
954 2443 1201 2507 appendix
1235 2443 1477 2491 Possevini
1507 2444 1575 2490 ad
1605 2456 1899 2508 apparatum
1932 2460 2122 2490 sacrum
2154 2455 2358 2489 testatur
2388 2444 2438 2488 in
2472 2454 2635 2489 veneta,
2670 2443 2741 2488 bi-

488 2518 719 2565 bliotheca
743 2519 1038 2566 Bessarionis
1065 2532 1235 2574 extare
1258 2520 1506 2584 epitomem
1541 2520 1855 2582 historiarum
1872 2521 2324 2571 ‘ecclesiasticarum'
2349 2519 2577 2566 Theodori
2602 2519 2742 2565 lecto-

487 2596 576 2646 ris,
617 2608 661 2641 et
694 2595 1024 2660 Philostorgii.
1062 2599 1184 2643 Item
1219 2596 1447 2644 Theodori
1486 2598 1671 2644 lectoris
1705 2598 2090 2662 compositionem
2129 2596 2498 2642 ecclesiasticam
2530 2613 2555 2641 e
2594 2596 2742 2643 variis
2806 2649 2810 2655 ,

487 2674 778 2721 auctoribus,
822 2676 878 2720 Ut
914 2674 1167 2721 historiam
1196 2674 1435 2722 Theodori
1466 2676 1641 2721 iustam
1658 2713 1669 2727 ,
1708 2688 1753 2722 et
1789 2676 1998 2722 eiusdem
2037 2675 2286 2739 epitomem
2324 2674 2534 2720 alienam
2570 2673 2743 2719 distin·
2803 2666 2806 2670 ’

486 2760 629 2813 guere
657 2742 920 2798 conveniat.
959 2755 1111 2815 Atque
1140 2752 1211 2798 ita
1237 2752 1361 2798 mihi
1386 2746 1579 2816 quidem
1609 2753 1809 2800 videtur.
1846 2754 1944 2799 Nec
1976 2765 2138 2799 tamen
2162 2751 2392 2816 pugnabo
2427 2750 2602 2813 siquis
2633 2766 2741 2796 cum

486 2830 624 2893 longe
647 2829 918 2875 doctissimo
942 2830 1161 2877 Labbaeo
1183 2842 1391 2881 censeat,
1419 2830 1487 2876 sic
1510 2830 1635 2876 hunc
1659 2831 1837 2877 nodum
1860 2830 2063 2881 exsolvi,
2091 2830 2219 2892 quod
2244 2830 2315 2876 vel
2329 2829 2492 2892 plures
2517 2824 2743 2874 historias

485 2907 727 2969 scripserit
760 2906 1024 2952 Theodorus
1049 2908 1213 2958 lector,
1244 2908 1316 2954 vel
1341 2908 1502 2971 plures
1524 2907 1719 2970 suerint
1752 2906 1983 2954 Theodori
2013 2907 2221 2953 lectores.
2259 2906 2393 2961 Quod
2427 2907 2463 2951 si
2494 2905 2608 2966 quid
2638 2913 2743 2967 p'ost

487 2983 606 3029 duos
631 2984 718 3030 hos
751 2986 878 3031 viros
901 2985 1293 3047 praeclarissimos
1326 2987 1583 3032 coniectare
1610 2985 1741 3039 licet,
1767 2985 1931 3031 dixero
1955 3000 2102 3031 unum
2125 2984 2423 3034 Theodorum
2453 2982 2692 3029 historiam
2715 2996 2741 3027 a

486 3060 787 3106 Constantino
813 3076 983 3122 magno
1014 3061 1072 3114 ad
1097 3070 1307 3124 tempora
1336 3063 1575 3108 Iustiniani
1606 3062 2010 3115 continuassesita
2034 3068 2189 3107 tamen
2218 3068 2270 3106 ut
2294 3059 2414 3105 duos
2440 3057 2586 3114 libros
2612 3059 2742 3120 prio-

487 3153 585 3191 res,
614 3153 718 3184 cum
754 3139 852 3200 ipse
887 3154 980 3184 non
1014 3137 1208 3185 haberet
1242 3139 1301 3186 de
1334 3154 1420 3185 suo
1453 3140 1670 3193 meliora,
1698 3155 1753 3186 ex
1785 3138 2100 3191 Theodoreto,
2135 3139 2343 3190 Socrate,
2379 3145 2425 3184 et
2458 3127 2738 3188 Sozomeno‚

488 3216 569 3275 qui
604 3216 924 3262 existimantur
956 3231 1006 3262 ea
1039 3225 1252 3278 tempora
1282 3218 1404 3262 inter
1437 3217 1552 3263 alios
1585 3217 1839 3263 accuratius
1874 3223 2200 3277 pertractasse,
2230 3213 2597 3269 concinnaveritg
2631 3210 2742 3258 reli—

491 3306 630 3351 quam
665 3292 905 3339 historiam
940 3294 1000 3339 ad
1033 3294 1272 3339 Iustiniani
1307 3294 1555 3356 imperium
1589 3309 1645 3339 ex
1677 3309 1774 3339 sese
1807 3292 2159 3354 conscripserit,
2197 3306 2303 3336 cum
2337 3298 2521 3351 praeter
2552 3288 2740 3335 eosdem

491 3366 682 3413 haberet
719 3377 762 3414 et
801 3369 917 3416 alios
949 3370 1293 3431 diligentiores;
1327 3379 1373 3416 et
1404 3386 1456 3416 ex
1492 3370 1561 3415 his
1595 3368 1928 3432 posterioribus
1968 3368 2100 3415 libris
2139 3368 2257 3436 duos
2293 3367 2562 3427 eclogarum·
2594 3363 2741 3411 libros
2785 3383 2788 3386 ⁴

493 3444 807 3508 Nicephorum
835 3449 1080 3496 Callixtum
1102 3449 1404 3512 decerpsisse,
1430 3465 1527 3496 non
1557 3464 1670 3495 vero
1694 3464 1750 3495 ex
1771 3447 1958 3494 duobus
1979 3446 2240 3510 prioribus,
2267 3444 2396 3507 quod
2423 3442 2652 3505 quidquid
2675 3443 2740 3489 ibi

495 3524 833 3577 contineretur,
850 3540 915 3571 ‘ex
940 3526 1147 3573 fontibus
1170 3527 1281 3589 ipsis
1303 3527 1524 3573 sincerius
1546 3526 1721 3572 hauriri
1756 3533 1954 3588 poterat.
1980 3527 2376 3586 Nuncupaturque
2408 3521 2483 3567 hic
2508 3519 2741 3584 paphlago

494 3599 790 3660 byzantinus,
818 3617 913 3647 non
937 3603 1066 3663 quod
1098 3612 1217 3649 esset
1243 3604 1388 3665 patria
1416 3601 1713 3665 byianfinus,
1740 3602 1820 3649 sed
1850 3602 1981 3663 quod
2009 3599 2211 3662 Byzantii
2237 3599 2422 3644 lectoris
2446 3613 2614 3643 munus
2630 3595 2742 3643 'obi-

498 3684 582 3722 ret.
622 3676 674 3721 ld
709 3676 843 3722 nobis
878 3679 1039 3724 Suidas
1063 3680 1360 3742 significavit:
1402 3667 1670 3743 Θεόδωρος
1707 3670 1730 3722 0‘
1770 3665 1868 3723 ἁπδ
1904 3665 2234 3741 ἅναγνωστῶν
2267 3665 2356 3725 τῆς
2391 3663 2637 3738 μεγάλης
2668 3663 2739 3716 ἐκ·

498 3747 711 3803 κλκσίας
738 3745 1329 3807 ,ΚωνστανὟινουπόλεως
1369 3754 1631 3802 Theodorus
1661 3756 1804 3802 lector
1835 3769 2042 3818 magnae
2069 3745 2288 3798 ecclesiae
2321 3751 2741 3814 constantinopoli-

497 3840 657 3874 tanae.
695 3831 789 3875 Nec
823 3829 946 3875 aliud
977 3831 1127 3877 voluit
1149 3832 1438 3894 Nicephorus
1470 3832 1712 3886 Callixtus,
1738 3831 1926 3893 quando
1958 3832 2004 3877 in
2032 3829 2313 3892 praefatione
2349 3830 2433 3875 ait:
2471 3817 2550 3872 καὶ
2591 3817 2615 3871 ὁ
2652 3824 2751 3885 βυω
