2970 4420
420 287 481 332 76
1159 295 1176 307 ‘·
1373 295 1523 331 mosis
1557 284 1734 330 Αιιᾏτιι

591 354 605 376 Ι

420 385 797 450 Agnosce'batur,
826 395 881 434 ut
901 384 1124 434 Eusebius
1150 387 1328 433 tradit
1316 402 1362 431 m
1389 371 1636 439 chronico,
1666 400 1790 432 anno
1827 384 2139 450 (Abrahami)
2166 388 2256 435 cli)
2280 386 2335 434 10
2361 390 2549 437 CCVIII.
2586 391 2693 436 Fuit

421 474 658 527 praeterea
683 464 869 510 auditor
890 465 1089 510 Zenonis
1112 464 1336 514 Citiensis,
1364 463 1607 523 Brysonis‚
1636 470 1681 508 et
1705 462 1977 524 Pyrrhonis.
2006 464 2191 511 Suidas:
2232 454 2556 550 Θεόδωροςε
2532 480 2555 509 ο
2592 457 2690 511 ἐπί

422 541 545 590 κλνιν
583 527 822 593 ἄθεος,
794 555 846 591 ος
884 528 1165 603 ἦκρόασαΎο
1199 527 1423 589 Ζηνωνος
1452 551 1542 581 του
1575 529 1778 590 κιὛιΜεως
1809 524 2057 585 διήκουσε
2079 527 2131 584 δὲ
2164 554 2246 585 και
2282 531 2574 606 Βρυσωνος,
2604 532 2687 586 καὶ

421 608 692 705 Πιίῤῥωνος
724 609 819 662 τοῦ
857 607 1150 672 ἐφεκτικοῦ,
1189 603 1498 676 ἀδιαφορίαν
1537 603 1773 678 δοξάζων
1810 605 1894 658 καὶ
1935 605 2281 680 παραδιδοὺς,
2319 607 2514 682 αιόεσιν
2556 607 2692 665 ι’ὃίαν

424 692 591 761 εὑρεν,
628 683 732 747 ris-14:
768 681 1082 755 θεοδώρειος
1108 680 1336 738 2³20»an
1377 690 1645 737 Theodorus
1682 704 1992 755 cognomento
2029 692 2198 740 atheus
2234 696 2421 743 auclwzt
2454 700 2694 759 Zenqnem

420 773 685 822 ci'ttensem,
715 789 799 817 nec
828 787 922 817 non
955 771 1239 835 Brysonem,
1271 783 1330 833 ac
1363 767 1658 830 Pyrrhonem
1680 763 2027 832 ambigentem5
2056 782 2101 815 et
2130 771 2507 834 indifferentiam
2531 787 2693 821 tenens

421 851 725 913 tradensque.
758 847 1012 912 propriam
1043 857 1221 891 sectam
1254 862 1403 908 excog
1404 844 1575 896 ⁸⁰,ztavzt
1608 862 1731 915 quae
1767 845 2017 892 theodorta
2051 862 2332 913 nuncupata
2363 862 2447 897 est.
2485 853 2695 898 Laertius

418 926 710 989 Aristippum
743 940 931 986 quoque
958 923 1114 976 addit,
1148 938 1254 968 eum
1285 938 1453 1006 nempe
1487 924 1567 986 qui
1604 939 1629 969 a
1666 932 1812 970 matie
1849 925 2042 970 edoctus
2078 925 2191 980 fuit,
2221 928 2422 990 ideoque
2457 929 2695 974 matrodi-

421 1004 591 1049 (lactus
624 1003 792 1049 dictus.

549 1083 672 1126 Inter
707 1080 796 1124 alia
827 1070 1038 1122 eiusdem
1072 1075 1220 1122 libere
1247 1077 1596 1139 prudenterque
1621 1077 1766 1129 dicta,
1795 1078 1913 1124 illud
1951 1094 1975 1125 a
2006 1079 2241 1141 plerisque
2271 1092 2690 1137 commemoratur,

419 1158 549 1220 quod
585 1156 771 1204 nomine
807 1153 1084 1205 Ptolemaei,
1122 1153 1261 1214 legati
1296 1169 1492 1200 munere
1526 1154 1726 1216 fungens
1762 1154 1887 1216 apud
1918 1157 2246 1216 Lysimachum
2285 1173 2468 1219 regem,
2499 1169 2693 1222 propter

420 1236 607 1281 nimiam
643 1231 851 1278 eiusdem
883 1228 1145 1275 libertatem
1181 1230 1407 1291 loquendi
1442 1231 1699 1285 offensum,
1729 1233 1991 1294 respondit.
2029 1235 2217 1280 Praeter
2242 1236 2476 1281 Laertium
2495 1271 2506 1288 ,
2534 1246 2694 1284 narrat

418 1312 578 1361 Cicero
602 1310 687 1357 lib.
713 1312 746 1355 I.
771 1310 848 1353 43.
874 1307 1042 1353 tuscul.
1066 1316 1245 1369 quaest.
1276 1308 1429 1362 Ouid?
1452 1325 1740 1370 cyrenaeum
1767 1309 2059 1356 Theodorum
2087 1309 2423 1376 philosophum
2448 1329 2542 1358 non
2567 1313 2695 1377 igno-

419 1390 558 1436 bilem
595 1404 749 1433 nonne
781 1385 1050 1432 miramur?
1083 1377 1173 1430 cui
1196 1402 1305 1430 cum
1338 1385 1652 1449 Lysimachus
1686 1403 1775 1432 rex
1809 1404 1996 1433 crucem
2028 1388 2322 1440 minaretur,
2354 1389 2458 1435 istis
2490 1407 2687 1453 quaeso,

420 1466 575 1530 inquit
594 1503 606 1516 ,
648 1464 744 1510 ista
781 1462 1037 1508 horribilia
1071 1461 1301 1508 minitare
1327 1463 1617 1526 purpuratis
1656 1463 1781 1509 tuis:
1824 1463 2055 1510 Theodori
2085 1465 2278 1527 quidem
2310 1465 2437 1512 nilzil
2467 1467 2688 1519 interest,

418 1543 554 1590 lzumi
591 1559 649 1588 ne
683 1558 748 1587 an
784 1540 985 1586 sublime
1017 1551 1282 1603 putrescat.
1320 1541 1377 1586 Et
1413 1540 1538 1586 libro
1570 1542 1623 1586 V.
1664 1543 1742 1586 40.
1778 1542 2061 1588 earundem:
2100 1541 2366 1589 Theodorus
2406 1545 2693 1608 Lysimacho

417 1633 617 1667 mortem
645 1616 921 1667 mi‘nttantt,
950 1632 1183 1680 magnum
1211 1632 1338 1667 vero,
1372 1616 1552 1679 i',nqu1t
1586 1617 1807 1679 effecissstt
1837 1618 1881 1664 si
1910 1618 2214 1665 cantharidis
2240 1620 2334 1667 vim
2359 1634 2601 1668 assecutus
2623 1640 2689 1670 es.

418 1702 585 1745 Seneca
628 1696 688 1742 de
722 1695 1061 1756 tranquillitate
1104 1695 1244 1740 animi
1281 1709 1385 1763 cap.
1430 1695 1505 1740 14.
1543 1694 1828 1740 Minabatur
1863 1693 2100 1741 Theodoro
2134 1695 2419 1760 philosopho
2457 1710 2694 1761 tyrannus

417 1788 638 1826 mortem,
667 1785 713 1819 et
748 1772 941 1837 quidem
970 1771 1277 1835 insepultam
1315 1771 1500 1822 Habes,
1533 1783 1711 1835 inquit,
1741 1788 1827 1817 cur
1855 1772 1949 1818 ti'bz
1969 1774 2193 1836 placeas:
2220 1772 2415 1821 hemina
2439 1777 2694 1840 sanguinis

419 1851 469 1899 in
496 1866 582 1899 tua
612 1862 848 1916 potestate
872 1861 958 1895 est.
996 1850 1123 1905 Nam
1155 1848 1284 1911 quod
1312 1849 1381 1894 acl
1402 1849 1700 1912 sepulturam
1726 1849 1957 1913 pertinet,
1987 1867 2014 1895 ο
2048 1862 2091 1918 te
2118 1862 2356 1914 ineptum,
2386 1852 2430 1898 si
2447 1865 2596 1917 putas
2621 1854 2692 1900 in-

417 1944 606 1981 teresse,
635 1943 783 1992 supra
818 1939 1022 1977 terram,
1050 1942 1115 1972 an
1148 1925 1282 1987 infra
1306 1938 1601 1990 putrescam.
1632 1928 1841 1973 Valerius
1863 1928 2090 1973 Maximus
2121 1927 2206 1974 lib.
2237 1930 2312 1975 VI.
2342 1945 2444 1992 cap.
2475 1934 2522 1977 2.
2559 1933 2695 1979 Inter

418 2008 506 2054 lias
533 2019 577 2052 et
609 2005 901 2052 Ίήεοιίονιιιη
926 2017 1219 2066 cyrenaeum
1238 2019 1377 2065 quasi
1411 2003 1622 2049 animosi
1649 2003 1847 2067 spiritus
1871 2004 2151 2067 coniugium
2182 2021 2279 2051 esse
2303 2007 2488 2070 potuisst
2519 2008 2693 2055 virtute

410 2102 532 2150 par,
551 2083 801 2146 felicitate
825 2080 1075 2127 dissimile.
1114 2082 1164 2126 Is
1186 2080 1313 2125 enim
1339 2080 1624 2144 Lysimacho
1650 2080 1755 2144 regi
1767 2088 1981 2127 mortem
2004 2081 2099 2127 szbi
2120 2082 2397 2134 mi'nztanti,
2427 2085 2685 2138 enimvero,

420 2162 600 2225 inquit,
631 2158 894 2223 magnifice
918 2174 991 2203 res
1017 2156 1110 2202 tibi
1141 2157 1371 2220 contigit,
1401 2158 1519 2220 quia
1544 2156 1850 2203 cantharidis
1880 2158 1974 2206 vim
2003 2171 2246 2205 assecutus
2271 2177 2336 2213 es.
2377 2163 2582 2225 Cumque
2606 2162 2694 2210 lzoc

419 2239 547 2285 dicto
574 2253 821 2287 accensus,
852 2234 985 2281 cruci
1016 2250 1123 2281 eum
1155 2235 1318 2299 suffigi
1349 2235 1584 2286 iussisset,
1615 2234 1846 2282 terribilis
1871 2234 2014 2286 llaec,
2044 2234 2138 2287 ait,
2164 2238 2453 2300 purpuratis
2480 2239 2544 2284 sit
2570 2240 2689 2287 tuis:

417 2331 526 2362 mea
561 2314 754 2378 quidem
784 2311 912 2359 nihil
944 2313 1159 2363 interest,
1190 2312 1329 2358 humi
1353 2329 1412 2358 ne
1438 2328 1504 2358 an
1534 2312 1736 2358 sublime
1761 2324 2053 2376 putrescam.
2091 2312 2208 2360 Vide
2238 2322 2477 2376 praeterea
2511 2315 2694 2364 Plutar-

420 2395 562 2441 chum
595 2393 654 2439 de
689 2391 829 2438 exilio
865 2406 967 2453 cap.
997 2393 1077 2436 21.
1119 2390 1225 2450 (ed.
1255 2388 1425 2437 Reiskii
1458 2393 1508 2436 T.
1535 2392 1655 2437 VIII.
1686 2407 1746 2452 p„
1766 2389 1912 2452 391.)

547 2470 691 2517 Multa
719 2485 807 2532 pro
832 2469 1134 2530 propaganda
1161 2469 1351 2531 propria
1378 2468 1553 2515 haeresi
1581 2470 1814 2531 scripsisse
1837 2469 2101 2515 verosimile
2124 2477 2215 2522 est,
2245 2470 2480 2532 traditque
2504 2471 2687 2519 Suidas:

422 2534 570 2598 οὗτος
610 2535 797 2609 {spade
835 2534 1015 2589 πολλοὶ
1050 2541 1365 2590 συντείνοντα
1403 2535 1474 2596 εἷς
1510 2535 1594 2591 τὴν
1633 2537 1823 2588 οἰκείαν
1861 2535 2085 2609 αἵρεσιν,
2122 2536 2205 2590 καὶ
2229 2534 2397 2590 ἄλλα
2431 2536 2560 2591 τινοί.
2595 2549 2693 2594 Hic

420 2626 575 2671 multa
605 2623 816 2686 scripsit,
847 2639 971 2685 quae
1005 2623 1222 2668 maxime
1241 2622 1319 2678 Nad
1344 2622 1600 2686 propriam
1634 2622 1870 2668 haeresim
1899 2623 2192 2673 conducunt,
2223 2634 2267 2668 et
2300 2625 2532 2669 nonnulla
2566 2625 2688 2672 ali.a

421 2704 510 2750 Sed
536 2703 670 2748 illius
684 2701 794 2747 libri
826 2700 884 2746 de
909 2700 998 2746 diis
1021 2701 1231 2762 inscripti
1257 2702 1470 2746 meminit
1496 2701 1705 2746 Laertius
1743 2700 1834 2762 (ll.
1864 2702 1944 2746 97.
1968 2699 1983 2762 >
2019 2686 2124 2743 l'xoet
2148 2713 2306 2743 αυτ-ου
2334 2689 2692 2763 περιεΎόχομεν

421 2775 620 2842 βιβλίῳ
661 2765 1066 2841 ἐπιΓραφομένῳ,
1095 2790 1206 2839 περι
1252 2766 1402 2830 θεων,
1433 2767 1522 2820 οὔκ
1560 2766 1987 2840 εὔκαΎαφρονῆτῳ
2021 2767 2080 2840 ἐξ
2114 2762 2175 2819 ού
2211 2766 2365 2831 φασὶν
2395 2768 2692 2840 ἩΕπικουρον

418 2871 483 2900 τα
519 2847 743 2900 πλειστα
775 2844 1016 2911 λαβόντα
1053 2845 1226 2899 εἶπειν
1263 2856 1322 2900 In
1348 2871 1450 2900 ezus
1475 2855 1677 2905 li·,btum
1708 2871 1790 2917 qui
1816 2855 1875 2900 de
1907 2854 2002 2900 diis
2026 2844 2283 2918 inscriptus
2317 2866 2405 2905 est,
2436 2855 2694 2902 inci'dimus

420 2934 556 2980 fiatad
586 2931 1005 2981 contemnendum,
1036 2947 1100 2976 ex
1131 2948 1225 2995 quo
1262 2931 1719 2995 aiuntsEpicurum,
1750 2948 1874 2994 quae
1907 2931 2040 2978 dixit
2065 2933 2297 2995 pleraque
2329 2932 2578 3007 accepisse.
2617 2934 2695 2980 Iu-

419 3011 593 3057 dicium
617 3011 708 3057 hoc
733 3011 792 3056 de
826 3011 915 3055 isto
949 3007 1075 3055 libro
1098 3009 1295 3063 Laertii‚
1324 3008 1517 3055 adnotat
1539 3006 1861 3060 Casaubonus‚
1888 3010 2061 3054 mirum
2085 3024 2179 3055 non
2206 3008 2346 3055 debet
2370 3009 2538 3055 videri.
2575 3010 2693 3055 Nam

419 3089 535 3150 quid
569 3088 697 3134 aliud
733 3088 1152 3150 pronunciaturum
1189 3095 1324 3148 putes
1359 3087 1597 3132 hominem
1638 3087 1906 3148 epicureum
1941 3086 2000 3132 de
2034 3102 2090 3132 eo
2130 3086 2285 3138 libro,
2323 3087 2402 3147 qui
2443 3086 2531 3131 fuit
2563 3086 2692 3131 velut

423 3166 525 3211 fons
541 3199 551 3219 ,
581 3165 706 3211 unde
741 3164 947 3210 scaturiit
980 3163 1212 3224 quidquid
1245 3164 1474 3225 Epicurus
1497 3163 1556 3209 de
1580 3158 1670 3209 diis
1695 3162 1975 3208 blateravit?
2010 3163 2146 3218 Quod
2172 3171 2217 3208 et
2241 3163 2470 3222 Diogenes
2495 3163 2593 3223 ipse
2617 3162 2694 3208 hic

421 3242 618 3294 fatetur,
647 3250 692 3287 et
717 3242 903 3294 Cicero,
932 3249 978 3286 et
1003 3240 1253 3293 Eusebius,
1285 3240 1455 3301 aliique
1480 3255 1566 3286 nos
1589 3240 1775 3299 docent.
1805 3240 1927 3294 Quid
1952 3255 2097 3301 porro
2123 3240 2170 3283 in
2199 3254 2256 3284 eo
2281 3238 2596 3284 contineretur
2619 3240 2715 3284 in--

423 3320 544 3363 (licat
580 3321 740 3364 Sextus
765 3319 1026 3380 Empiricus
1060 3318 1280 3364 adversus
1315 3317 1667 3363 mathematicos
1693 3316 1778 3362 lib.
1808 3318 1887 3361 lx.
1919 3315 2026 3377 (ed.
2054 3315 2194 3361 Fabr.
2225 3331 2272 3376 p.
2304 3316 2415 3360 564.
2439 3314 2452 3376 )
2491 3303 2693 3373 Συμφέ-

392 3381 398 3386 ’
424 3386 556 3457 ρέΤαι
591 3383 646 3437 δὲ
681 3384 884 3445 τούτοις
919 3408 1032 3452 τοις
1069 3381 1287 3455 ἅνδρασι
1326 3406 1406 3436 και
1451 3381 1629 3436 Θεόὸω
1635 3407 1719 3456 ρος
1758 3384 1781 3436 ὁ
1822 3381 2000 3444 ἄθεος,
2031 3405 2114 3434 και
2154 3380 2279 3435 καΎοί
2313 3403 2451 3442 τινας
2488 3387 2693 3455 Πρωτα-

425 3459 591 3533 γόρας
630 3462 652 3512 ὁ
692 3459 1055 3534 αβδνιρίτῆς,“
1032 3485 1054 3514 ο
1093 3459 1182 3532 μὲν
1212 3457 1307 3513 δια
1342 3483 1430 3515 του
1468 3460 1576 3534 περὶ
1617 3461 1752 3514 θεων
1791 3458 2125 3529 συντάΓμαὙος
2160 3481 2225 3511 τα
2261 3457 2400 3529 παρὰ
2432 3481 2543 3519 τοις
2570 3456 2692 3510 Ἕλ-

423 3547 544 3594 λησι
576 3537 974 3608 θεολογούμενα
1008 3544 1252 3598 ποικιλως
1289 3536 1657 3598 ανασκευοίσας
1695 3535 1812 3589 ὁὸὲ
1847 3534 2199 3610 Πρωταγόρας
2234 3535 2396 3607 ῥκτως
2431 3557 2525 3588 που
2563 3534 2692 3608 ’γρά-

424 3613 558 3685 alac,
590 3613 697 3686 περὶ
740 3612 887 3676 Θεων,
919 3613 1032 3667 οὐτε
1070 3616 1111 3668 εἶ
1149 3637 1306 3677 εισιν,
1341 3611 1458 3667 οὔθ’
1495 3614 1672 3667 ὁποιοί
1697 3635 1829 3675 τινες
1864 3635 2018 3674 eto-tv,
2049 3609 2269 3682 δύναμαι
2305 3610 2484 3666 >tism-
2514 3610 2694 3665 πολλοὶ

427 3714 531 3762 γαρ
566 3690 669 3743 ἐστι
699 3689 763 3742 τοὶ
798 3689 1063 3745 κωλύοντα
1092 3714 1170 3762 με.
1210 3703 1324 3746 Cum
1354 3700 1430 3746 his
1454 3713 1616 3746 autem
1639 3699 1911 3746 homi'nzbus
1943 3693 2167 3761 congruit
2194 3697 2460 3744 Theodorus
2494 3697 2686 3748 atheus,

426 3789 472 3823 et
497 3789 548 3823 ut
578 3776 798 3822 nonnulli
826 3777 1034 3822 sentiunt
1060 3778 1208 3823 etiam
1239 3781 1533 3842 Protagoras
1556 3778 1807 3830 abderam,-
1841 3793 1947 3822 cum
1978 3775 2058 3822 ille
2081 3776 2273 3838 quidem
2301 3775 2350 3821 in
2375 3793 2536 3839 opere,
2567 3775 2696 3838 quod
2714 3765 2717 3769 ¹

424 3852 670 3917 inscripsit
707 3853 763 3898 de
797 3852 910 3902 diis,
942 3869 1064 3914 quae
1095 3854 1229 3916 apud
1253 3856 1455 3901 Graecos
1493 3854 1544 3900 in
1571 3854 1681 3900 deos
1713 3865 1823 3900 sunt
1846 3854 2023 3903 relata,
2054 3852 2184 3899 varie
2208 3852 2544 3914 confutaverit.
2574 3854 2692 3898 Pro·
2722 3863 2724 3865 ’
