2970 4420
413 268 440 298 X
448 267 471 297 X
478 266 589 296 xvul
1324 267 1496 319 NicoLAl
1530 265 1736 295 ALEMANN
1739 265 1753 295 1

409 339 586 382 thedrae
612 339 965 392 sollemnitatem,
999 345 1042 383 et
1072 346 1286 396 quotquot
1317 343 1548 383 occurrunt
1578 338 1631 380 ab
1658 338 1798 380 idibus
1829 338 2033 382 februarii
2059 352 2192 395 usque
2224 340 2280 383 ad
2304 341 2400 384 idus
2426 343 2583 397 aprilis.
2604 343 2670 384 'In

410 410 570 453 missali
602 414 745 458 autem
784 413 978 453 vaticano
1012 425 1092 454 ms.
1126 413 1406 454 vetustissimo
1445 411 1576 452 sancti
1607 409 1809 451 Matthiae
1837 409 2162 453 sollemnitatem
2195 412 2437 455 translatam
2468 413 2670 455 observa-

413 483 568 523 11111115
578 481 622 523 16
651 482 710 523 II.
744 494 878 524 nonas
908 482 1034 535 maii,
1060 482 1134 524 ubi
1164 487 1205 524 et
1233 482 1365 524 sancti
1395 480 1597 522 1011611615
1624 480 1901 536 evangelistae
1928 482 2130 524 memoria
2158 488 2293 536 extat,
2319 496 2415 526 cum
2440 485 2599 537 scilicet
2627 485 2670 526 in

412 553 610 596 ferventis
641 553 722 595 olei
755 553 918 596 dolium
950 554 1021 596 ille
1049 555 1257 596 immissus
1285 558 1347 595 est
1377 557 1474 594 ante
1504 555 1675 606 portam
1700 551 1888 593 latinam.

782 673 924 702 PRIMA
954 673 1178 703 SECUNDAE
1209 671 1435 702 TABELLAE
1466 670 1575 700 PARS
1603 670 1825 701 CONTINET
1856 670 2036 702 MENSEM
2068 672 2296 703 MARTIUM.

1377 769 1516 820 Imaqo
1545 768 1700 820 prima.

533 838 732 882 Kalendis
759 839 900 881 martii
934 839 1095 880 nullum
1122 839 1166 880 in
1194 849 1370 880 romano
1397 837 1646 880 kalendario
1672 838 1827 881 festum
1856 840 2068 892 occurrit,
2092 841 2136 882 in
2163 841 2229 883 his
2254 846 2390 884 tamen
2413 841 2569 884 tabulis
2592 840 2669 882 ka·
2700 851 2704 855 ’

415 909 563 952 lendae
591 910 781 965 episcopi
806 910 976 952 nomine
1001 909 1294 962 celebrantur,
1325 922 1420 951 nam
1445 909 1671 952 infulatum
1699 915 1851 966 caput,
1884 911 2099 965 fastigium
2126 911 2355 967 phrygium
2389 925 2465 955 seu
2499 913 2641 955 lorum
2655 919 2692 964 ,f

416 982 616 1023 incurvus
644 981 687 1022 in
718 981 864 1023 dextra
891 980 1097 1033 bacillus,
1120 993 1247 1035 quem
1277 980 1533 1035 pastoralem
1564 981 1778 1036 appellare
1810 982 2019 1036 solemus,
2053 983 2298 1037 episcopum
2331 983 2534 1028 indicant.
2568 983 2673 1036 Quis

416 1053 486 1094 1116
515 1054 590 1106 511,
624 1052 738 1094 haud
766 1052 938 1095 difficile
968 1058 1032 1095 est
1061 1053 1326 1105 coniectare,
1359 1065 1454 1094 nam
1482 1057 1650 1107 praeter
1675 1052 1983 1108 martyrologia
2011 1053 2173 1107 prisca,
2207 1053 2293 1096 duo
2318 1053 2564 1097 kalendaria
2592 1066 2668 1095 va—

416 1125 554 1166 ticana
582 1137 627 1165 n.
660 1125 796 1178 3101,
830 1128 872 1166 et
899 1136 942 1165 n.
975 1125 1112 1177 4756,
1144 1128 1186 1165 et
1217 1124 1439 1178 antiquum
1470 1123 1726 1166 breviarium
1760 1125 2060 1175 monasticum,
2092 1124 2236 1167 Albini
2260 1124 2459 1180 ⁴episcopi
2489 1129 2532 1167 et
2560 1137 2667 1167 con-

416 1195 586 1238 fessoris
607 1195 760 1237 festum
782 1196 1076 1249 consignatum
1101 1194 1280 1237 habent:
1307 1195 1540 1238 orationale
1564 1208 1667 1238 vero
1693 1208 1821 1237 manu
1846 1194 2104 1249 descriptum
2129 1207 2172 1236 n.
2197 1196 2328 1237 4772.
2353 1207 2501 1250 preces
2521 1194 2671 1246 eodem

418 1266 526 1308 festo
559 1266 764 1325 (1161111161-
791 1267 1011 1309 missarum
1043 1266 1263 1308 sollemnia
1295 1279 1414 1309 more
1444 1268 1654 1309 maiorum
1683 1267 1850 1309 recitari
1880 1266 2026 1308 solitas
2057 1266 2250 1311 continet
2281 1267 2543 1308 Breviarium
2572 1279 2672 1309 ver-

419 1337 623 1390 cellense,
646 1341 857 1391 trecense,
883 1337 1200 1389 vesontianum‚
1223 1341 1421 1392 aptense,
1445 1338 1665 1380 Gallorum
1690 1338 1876 1391 denique
1902 1337 2068 1389 omnia,
2096 1337 2141 1378 16
2166 1336 2411 1379 kalendario
2442 1338 2568 1379 etiam
2596 1349 2672 1379 ro-

418 1419 544 1450 mano
571 1407 690 1462 quod
719 1408 1016 1465 Geuebrardus
1042 1408 1199 1464 edidit,
1232 1409 1302 1452 hic
1331 1409 1508 1451 Albinus
1535 1409 1687 1451 iisdem
1713 1408 1904 1451 kalendis
1936 1412 2201 1461 recensetur;
2226 1408 2301 1451 sed
2333 1421 2552 1463 perperam
2582 1408 2674 1451 eius

418 1483 596 1520 aetatem
629 1478 683 1520 ad
714 1479 855 1521 Caroli
884 1480 1026 1534 magni
1051 1484 1247 1535 tempora
1276 1480 1407 1523 refert
1436 1480 1758 1534 Genebrardus,
1784 1492 1881 1521 nam
1908 1479 2014 1521 alius
2037 1479 2132 1532 ille3
2155 1479 2225 1521 hic
2251 1483 2313 1521 est
2332 1479 2511 1522 Albinus
2538 1479 2671 1522 ande-

421 1551 664 1604 gavensium
695 1552 888 1605 antistes,
912 1556 961 1594 ut
990 1552 1105 1595 Beda
1135 1556 1178 1595 et
1207 1552 1280 1595 alii
1306 1554 1352 1595 in
1374 1553 1689 1608 martyrologiis
1717 1552 1950 1604 affirmant,
1984 1551 2104 1594 cuius
2131 1552 2318 1594 meminit
2347 1551 2576 1605 Gregorius
2601 1556 2675 1604 tu-

421 1621 611 1663 ronensis
640 1633 733 1676 cap.
761 1622 834 1664 96.
861 1622 913 1664 de
943 1622 1052 1676 glor.
1079 1622 1285 1675 confess,
1314 1627 1358 1665 et
1386 1624 1665 1677 Fortunatus,
1689 1627 1737 1665 ut
1764 1622 1878 1665 idem
1911 1621 2118 1676 affirmat,
2149 1634 2216 1664 res
2245 1626 2379 1676 gestas
2405 1622 2671 1677 conscripsit.

419 1691 545 1734 Plura
577 1691 629 1734 de
658 1692 809 1734 eodem
835 1693 933 1736 vide
963 1693 1078 1749 apud
1107 1695 1351 1737 Baronium.

1371 1768 1509 1820 Imaqo
1538 1767 1722 1807 secunda.

538 1834 619 1876 Hic
651 1835 775 1877 etiam
805 1839 868 1878 est
901 1849 952 1878 ex
982 1836 1132 1879 ordine
1160 1837 1425 1892 praesulum,
1459 1836 1533 1879 sed
1563 1837 1752 1891 geminae
1782 1836 1919 1879 crucis
1952 1837 2150 1879 vexillum
2180 1837 2224 1878 16
2252 1836 2425 1888 dextra,
2453 1836 2570 1878 utin
2597 1846 2675 1878 eo·-
2732 1859 2735 1862 >

422 1904 517 1947 dem
544 1906 780 1948 antistitum
805 1906 940 1961 gradu
967 1908 1198 1963 principem
1229 1907 1432 1962 aliquem,
1455 1908 1539 1950 boc
1564 1912 1627 1950 est
1653 1912 1815 1950 certum
1844 1919 2067 1950 romanum
2093 1907 2339 1962 pontificem
2362 1907 2644 1962 intelligamus
2659 1939 2670 1961 ,

420 1975 642 2018 admonet:
678 1989 776 2019 nam
805 1973 1026 2032 pontifices
1040 1978 1211 2021 ,romani
1236 1978 1436 2033 pastorali
1462 1979 1813 2021 noninnituntur
1835 1978 2014 2032 baculo,
2037 1982 2086 2019 ut
2105 1977 2203 2020 alibi
2229 1977 2380 2020 dixisse
2405 1990 2495 2032 me,
2518 1983 2559 2021 et
2583 1979 2675 2021 eius

420 2047 482 2089 rei
512 2060 679 2090 causam
708 2048 894 2091 attulisse
923 2050 1107 2091 memini.
1140 2051 1277 2092 Porro
1308 2049 1502 2103 Gregorii
1522 2050 1662 2103 magni
1684 2049 1932 2093 sanctissimi
1947 2049 2033 2091 ⁴viri
2059 2049 2166 2091 haec⁴
2187 2052 2249 2091 est
2279 2047 2441 2102 effigies
2467 2050 2587 2092 cuius
2611 2050 2681 2092 fe-

421 2123 534 2160 stum
565 2118 814 2163 duodecima
845 2121 925 2163 hac
956 2121 1023 2163 die
1056 2122 1195 2164 martii
1220 2125 1419 2174 notatur,
1450 2121 1550 2164 licet
1579 2121 1684 2163 olim
1710 2134 1808 2163 cum
1836 2125 2031 2175 tempore
2062 2120 2401 2176 quadragesimae
2432 2125 2674 2164 sanctorum

422 2190 613 2233 natalitia
638 2191 807 2234 minime
834 2192 1175 2246 celebrarentur,
1198 2193 1401 2235 translata
1426 2192 1530 2235 haec
1551 2193 1678 2235 fuerit
1697 2193 1888 2247 Gregorii
1915 2192 2173 2235 sollemnitas
2193 2193 2237 2233 in
2262 2191 2538 2234 ordinationis
2561 2193 2675 2236 eius-

423 2260 519 2303 dcm
550 2262 878 2305 anniversarium
912 2263 1049 2317 diem,
1083 2268 1132 2306 ut
1160 2276 1287 2319 supra
1317 2277 1367 2306 ex
1394 2264 1621 2319 Radulpho
1652 2264 1811 2306 notavi.

1184 2326 1196 2332 ’
1399 2337 1537 2389 Imaqo
1568 2338 1700 2377 tertia.

489 2428 497 2441 1
540 2403 685 2458 Neque
715 2403 795 2447 hac
824 2404 986 2447 decima
1017 2407 1194 2460 septima
1219 2405 1285 2448 die
1317 2407 1456 2448 martii
1484 2406 1638 2448 festum
1668 2405 1850 2447 Romani
1881 2405 2012 2447 ullum
2042 2409 2194 2459 agunt,
2228 2417 2278 2447 ex
2307 2417 2393 2459 quo
2424 2405 2522 2447 1060
2554 2410 2596 2447 61
2624 2418 2673 2448 ex

424 2472 617 2516 kalendis
647 2475 820 2518 huiusce
849 2477 1000 2519 mensis
1026 2477 1120 2519 elici
1144 2489 1268 2532 posse
1295 2477 1507 2532 praefatus
1534 2479 1652 2529 sum,
1678 2477 1796 2518 cuius
1820 2476 1958 2529 gentis
1983 2476 2066 2518 hoc
2095 2477 2148 2518 sit
2174 2475 2491 2530 kalendarium,
2515 2481 2558 2518 et
2579 2478 2676 2531 qui-

423 2544 505 2587 bus
529 2547 711 2606 1116111616
738 2546 907 2601 populis
935 2547 1063 2590 fuerit
1092 2548 1137 2589 in
1165 2561 1243 2590 usu
1267 2549 1317 2590 iis
1349 2549 1532 2601 scilicet,
1565 2547 1681 2603 apud
1710 2559 1819 2602 quos
1842 2548 1886 2589 in
1910 2547 2181 2589 veneratione
2209 2550 2308 2588 sunt
2330 2546 2509 2588 Albinus
2540 2547 2674 2589 aude-

371 2671 381 2675 „
424 2618 639 2671 gavensis,
663 2622 706 2660 et
733 2618 835 2661 haec
862 2631 988 2674 quam
1014 2619 1137 2662 nohis
1160 2619 1292 2662 modo
1319 2620 1458 2675 pictor
1484 2620 1690 2675 proponit
1713 2619 1934 2672 virginem.
1966 2619 2026 2660 Ea
2046 2629 2147 2660 vero
2170 2617 2391 2660 Gertrudis
2415 2622 2479 2659 est
2498 2617 2673 2670 femina,

424 2688 482 2730 ob
513 2689 623 2730 vitae
653 2689 976 2732 sanctimoniam
1007 2702 1172 2732 summo
1202 2691 1246 2732 in
1276 2690 1440 2732 honore
1469 2702 1494 2734 a
1524 2690 1676 2743 Gallis,
1709 2689 1948 2742 Germanis,
1979 2689 2142 2742 BelgiS,
2174 2686 2449 2742 finitimisque
2478 2688 2677 2748 gentihus

425 2759 586 2802 habita.
621 2760 782 2802 Eodem
811 2760 880 2803 die
911 2761 1205 2816 consignatum
1233 2760 1467 2804 Gertrudis
1482 2762 1657 2815 virginis
1687 2774 1845 2804 nomen
1871 2761 2033 2803 habent
2058 2760 2251 2802 vaticana
2276 2758 2524 2802 kalendaria
2548 2771 2681 2807 manu

378 2884 381 2888 r
425 2831 635 2887 descripta
664 2845 709 2874 n.
744 2833 884 2886 3101,
914 2837 956 2874 61
983 2845 1026 2874 6.
1061 2833 1200 2885 3806,
1237 2837 1279 2876 61
1306 2832 1566 2876 Genebrardi
1591 2831 1878 2880 kalendarium
1908 2843 2157 2884 romanum,
2189 2836 2230 2873 et
2263 2830 2400 2873 Bedae
2428 2831 2515 2873 sive
2542 2832 2675 2874 Wan-

426 2903 606 2946 delberti
639 2904 887 2959 ephemeris

1007 2978 1078 3018 Bis
1107 2981 1243 3030 octona
1272 2981 1337 3019 tuo
1367 2978 1521 3018 Patrici
1548 2979 1701 3018 nomine
1724 2977 1864 3029 pollet.

1010 3049 1098 3088 Hac
1123 3061 1275 3100 quoque
1305 3048 1530 3089 Gertrudae'
1554 3048 1775 3089 redduntur
1800 3051 1891 3088 vota
1922 3048 2072 3087 beatae.

427 3118 646 3160 Praeterea
674 3119 887 3161 musculus
919 3118 1016 3171 ille,
1042 3126 1169 3173 quem
1199 3119 1416 3173 levorsum
1441 3118 1539 3160 huic
1570 3118 1743 3171 imagini
1774 3117 1990 3171 adpictum
2022 3115 2164 3167 vides,
2189 3114 2439 3156 Gertrudem
2467 3114 2674 3168 virginem

427 3188 596 3242 prodit:
625 3202 724 3231 nam
750 3202 856 3244 quae
882 3194 1024 3244 gentes
1049 3191 1135 3232 eius
1159 3190 1333 3244 virginis
1354 3188 1561 3231 beneficio
1587 3192 1745 3242 segetes
1774 3189 2000 3242 frugesque
2031 3186 2298 3241 depascentes
2327 3196 2468 3226 mures
2491 3196 2542 3226 ex
2563 3184 2678 3237 agris

428 3260 513 3300 suis
544 3259 698 3313 depelli
727 3264 1025 3315 saepenumero
1050 3260 1257 3312 viderint,
1283 3260 1448 3315 accepti
1476 3258 1671 3301 beneficii
1702 3262 2023 3318 monumentum
2050 3256 2213 3298 easdem
2244 3255 2335 3297 illas
2360 3254 2559 3297 mustelas
2586 3255 2681 3296 esse‘

429 3330 675 3372 voluerunt.
706 3331 814 3373 Vide
845 3332 1079 3375 Iohannem
1109 3331 1323 3377 Molauum
1358 3331 1410 3374 de
1440 3331 1540 3373 hist.
1572 3330 1702 3383 imag.
1734 3330 1863 3382 imag.
1893 3327 1969 3369 1111.
1998 3328 2040 3368 3.
2070 3338 2163 3380 cap.
2200 3327 2267 3367 111

1390 3404 1527 3456 Imaqo
1555 3405 1713 3455 quarta.

546 3446 797 3513 Benedictus
828 3472 979 3514 6111165
990 3474 1059 3515 1116
1090 3478 1176 3527 651,
1210 3473 1278 3515 die
1311 3474 1514 3527 vigesima
1546 3472 1682 3527 prima
1712 3470 1854 3512 martii
1885 3472 2070 3510 notatus.
2105 3468 2227 3514 Hunc
2260 3467 2422 3520 pictor,
2455 3468 2505 3507 ut
2532 3464 2673 3517 vides,

432 3540 656 3595 dupliciter
689 3541 904 3594 insignivit
939 3544 1146 3585 eminente
1182 3543 1319 3586 flocco
1356 3544 1402 3585 16
1437 3543 1618 3595 vertice,
1651 3545 1699 3584 ut
1734 3540 1920 3595 reliquos
1951 3538 2062 3581 solet
2094 3536 2405 3579 monachorum
2436 3538 2601 3590 patres,
2634 3539 2678 3577 et

431 3611 657 3667 aspergillo
688 3613 739 3663 (1)
770 3612 815 3653 in
837 3611 1020 3655 dextera.
1055 3615 1115 3656 Ex
1139 3627 1191 3656 eo
1219 3619 1359 3658 autem
1384 3614 1502 3670 quod
1529 3613 1584 3656 ad
1610 3611 1944 3655 benedicendum
1972 3609 2133 3652 utimur
2162 3608 2468 3659 instrumento,
2496 3604 2677 3648 Benedi-

506 3729 590 3770 (1)
612 3729 765 3769 Fallitur,
783 3729 820 3761 ut
838 3729 1001 3770 suspicor,
1022 3730 1234 3772 Alemannus;
1254 3732 1373 3765 etenim
1389 3731 1532 3772 ligneum
1552 3731 1661 3772 potius
1687 3718 1918 3767 σημαντήριον
1940 3725 2186 3767 intelligendum
2207 3724 2355 3764 videtum
2378 3718 2476 3764 prou't
2493 3723 2576 3755 aliae
2598 3723 2676 3755 ima·
2705 3765 2708 3767 Α

432 3784 522 3826 gines
551 3783 669 3816 docent
709 3783 741 3815 et
768 3782 902 3823 quidem
929 3782 1026 3815 etiam
1050 3784 1084 3815 in
1113 3785 1371 3825 Cryptoferratae
1395 3784 1613 3825 monasterio,
1635 3782 1739 3817 sancti
1766 3781 1892 3814 abbatis
1920 3781 2027 3821 imago
2052 3780 2145 3812 laeva
2167 3780 2256 3812 tenet
2282 3778 2356 3810 libri
2384 3777 2548 3818 regulam,
2575 3777 2678 3809 altera

435 3828 623 3874 maan-vif
615 3841 660 3862 ον
690 3836 732 3868 ob
761 3836 857 3869 horas
884 3836 1067 3869 officiorum
1097 3837 1224 3878 regulae
1247 3837 1448 3871 indicendae
1480 3839 1528 3871 De
1557 3838 1619 3870 hoc
1651 3837 1756 3877 ligneo
1782 3836 1995 3871 instrumento
2022 3833 2133 3866 confer
2157 3832 2405 3866 constitutiones
2429 3830 2631 3863 studitarum
2656 3838 2678 3866 a
