2970 4420
1244 278 1301 308 ΒΕ
1334 277 1408 308 rm
1413 274 1590 308 Lomnus
1597 293 1608 305 ο
2311 297 2318 303 .
2495 265 2524 310 5
2534 265 2553 311 1

428 369 495 415 De
520 365 755 413 breviario
777 343 1067 426 temporum,
1093 363 1223 426 quod
1246 363 1452 411 Philonis
1475 363 1664 410 nomine
1681 359 2030 413 circumfertur,
2053 360 2168 422 quid
2189 363 2414 409 sentiam?
2434 364 2558 411 Audi

299 447 553 496 Iohannem
586 442 844 504 Goropium
878 442 928 486 in
961 441 1159 487 Croniis.
1200 440 1394 487 Utinam
1425 437 1642 486 Philonis
1673 436 2059 502 supputationem
2092 435 2392 489 haberemus,
2419 456 2558 501 quem

299 525 417 574 dicit
450 521 615 572 aliter,
644 534 792 583 quam
823 517 1140 569 Demetrium,
1174 517 1232 563 de
1264 517 1455 581 regibus
1488 516 1781 574 Iudaeorum
1812 513 2071 578 scripsisse.
2109 514 2239 560 Nam
2270 513 2558 563 breviarium

300 601 445 653 illud,
474 598 604 664 quod
631 597 734 643 eius
763 612 955 642 nomine
984 594 1346 657 circumfertur,
1375 593 1503 641 nihil
1526 592 1683 658 spirat
1709 590 2003 676 philomum5
2031 602 2087 636 et
2099 590 2144 637 si
2168 606 2427 655 germanus
2457 609 2558 639 elus

290 691 468 746 partus
497 687 634 726 esset,
664 689 864 720 causam
900 673 951 718 in
985 689 1039 719 eo
1072 671 1376 722 reddi',disset
1405 671 1464 719 ob
1497 686 1644 734 quam
1677 685 1710 716 a
1740 680 2051 733 septuaginta
2087 668 2448 732 interpretibus,
2475 686 2555 731 qui

297 769 401 804 tum
434 754 485 801 in
519 751 744 799 manibus
779 762 919 796 erant
956 744 1264 799 Graecorum,
1295 747 1584 803 recessisset5
1610 746 1826 810 alioquin
1858 762 1909 791 tn
1938 761 2214 791 maximam
2247 744 2423 791 erroris
2456 761 2559 809 opl-

298 833 487 880 nionem
515 828 651 894 apud
681 844 840 874 omnes
868 827 1166 877 incursurus,
1196 825 1323 889 quod
1348 841 1380 871 a
1404 825 1564 872 bzffblus
1590 825 1712 876 i'‚llzs
1740 834 1863 887 quae
1883 824 1987 870 sola
2015 821 2187 870 Graeci
2211 821 2456 886 legebant,
2485 822 2558 867 dc-

296 909 541 957 scordaret
567 906 788 953 maximo
811 919 1116 951 numerorum
1144 902 1410 948 intervallo.
1448 899 1572 948 A‘udi
1604 903 1715 948 item
1744 901 2016 963 Dionysium
2049 901 2286 946 Petavium
2315 899 2376 945 de
2401 899 2553 945 doctr.

294 997 497 1050 tempor.
527 983 612 1031 lib.
641 985 720 1029 IX.
749 998 851 1045 cap.
880 983 962 1028 21.
993 983 1171 1027 Auctor
1201 978 1318 1025 libri
1349 979 1406 1024 de
1439 978 1587 1042 stirpe
1611 978 1720 1025 lobi
1743 994 1802 1024 ac
1825 977 2135 1042 genealogia,
2168 975 2218 1021 in
2250 992 2342 1039 quo
2364 975 2556 1039 patien-

294 1065 474 1114 tissimi
498 1061 816 1130 patriarchae
849 1061 1032 1108 natalis
1054 1058 1308 1122 fusissime
1338 1055 1609 1110 disseritur,
1648 1058 1891 1105 Hebraeos
1923 1058 2020 1109 ait,
2049 1068 2095 1103 et
2125 1055 2211 1103 hos
2245 1055 2392 1106 inter,
2428 1057 2557 1102 anti-

294 1142 578 1208 quissimum
609 1139 856 1187 Philonem
873 1175 884 1190 ,
923 1137 1084 1202 magis
1118 1135 1382 1183 audiendos
1415 1152 1512 1181 esse
1545 1135 1644 1182 suis
1676 1135 1734 1181 de
1768 1135 1905 1182 rebus
1941 1147 1986 1181 et
2020 1133 2234 1181 historiis
2267 1146 2525 1181 asserentes
2538 1172 2549 1185 ,

292 1236 440 1286 quam
467 1216 747 1283 peregrinos
780 1227 826 1261 et
857 1226 1066 1265 nostros,
1091 1212 1378 1277 praesertim
1413 1229 1521 1258 cum
1552 1211 1844 1275 subscriptor
1871 1211 1967 1258 illis
1988 1211 2187 1258 accedat
2213 1210 2550 1275 Hieronymus.

291 1300 465 1360 Itaque
492 1310 648 1359 paene
682 1292 899 1339 omnibus
931 1289 1130 1355 paginis
1165 1288 1425 1352 speciosum
1468 1288 1592 1334 illud
1628 1287 1844 1334 Philonis
1881 1305 2049 1334 nomen
2083 1288 2372 1335 obtenditur.
2409 1290 2558 1352 Atqui

291 1373 542 1422 Philonem
577 1372 744 1421 istum,
774 1369 930 1417 nescio
959 1384 1098 1432 quem
1122 1366 1504 1430 supposititium,
1535 1382 1642 1412 cum
1668 1366 1896 1412 annianis
1924 1366 2159 1429 mercibus
2183 1368 2338 1414 valere
2364 1367 2553 1431 pridem

290 1450 422 1498 docti
452 1448 665 1497 homines
694 1447 953 1497 iusserunt,
985 1460 1192 1508 quarum
1220 1442 1422 1489 deliciae
1454 1442 1538 1489 oisc
1569 1443 1638 1488 ad
1655 1442 1895 1505 plebeium
1919 1445 2144 1507 palatum
2175 1443 2387 1502 faciunt.
2424 1446 2551 1490 Nam

290 1545 414 1593 quae
441 1538 664 1592 portenta
698 1524 802 1571 istis
839 1523 891 1569 in
924 1521 1230 1586 quisquiliis?
1262 1521 1378 1576 Quis
1414 1520 1516 1567 sine
1541 1519 1784 1566 stomacho
1812 1520 1921 1566 Iobi
1948 1521 2164 1579 filiorum
2193 1521 2390 1568 nomina
2421 1523 2551 1586 legat

290 1605 353 1652 ab
378 1604 526 1651 otioso
559 1613 797 1666 nugatore
829 1601 1063 1661 conficta?
1095 1601 1175 1646 Et:
1212 1615 1328 1645 sane
1360 1597 1479 1644 haec
1498 1597 1678 1662 putida
1714 1609 1826 1644 sunt-
1855 1614 2003 1660 neque
2036 1598 2212 1662 digna,
2242 1615 2364 1661 quae
2382 1612 2552 1662 patro-

288 1699 404 1729 num
429 1680 517 1727 hoc
540 1692 642 1726 tam
672 1679 860 1725 erudito
883 1679 1072 1725 saeculo
1097 1677 1356 1741 reperiant.
1394 1678 1459 1723 Et
1490 1688 1652 1722 tamen
1675 1675 1734 1720 de
1764 1675 2086 1721 stramentitio
2114 1675 2203 1722 isto
2232 1675 2432 1723 Philone
2461 1679 2550 1724 du·
2613 1729 2621 1738 ,

289 1760 414 1806 bitat
446 1757 649 1821 scriptor
680 1757 760 1802 ille
792 1772 859 1802 an
890 1767 937 1802 et
971 1771 1093 1801 unus
1127 1771 1192 1800 ex
1222 1755 1357 1800 LXX.
1394 1753 1729 1817 interpretibus
1748 1753 1934 1815 suerit,
1971 1765 2016 1798 et
2048 1753 2173 1799 idem
2209 1771 2317 1800 cum
2351 1754 2550 1801 Philone

286 1835 370 1883 illo
403 1834 575 1880 iudaeo
609 1845 655 1879 et
684 1831 1010 1879 alexandrino
1043 1832 1184 1895 longe
1216 1830 1554 1882 disertissimo
1584 1847 1666 1893 qul
1705 1830 1812 1877 caiz
1840 1841 2049 1893 tempore
2073 1829 2221 1881 vixit
2252 1842 2305 1876 ut
2339 1832 2549 1894 amplius

286 1913 406 1960 CCC.
435 1926 672 1957 annorum
702 1921 911 1956 aetatem
935 1907 1150 1955 duxerit.
1188 1909 1324 1954 Haec
1345 1907 1524 1954 scilicet
1551 1906 1705 1971 digna
1730 1919 1862 1958 sunt,
1893 1907 1950 1952 de
1973 1907 2144 1977 quibus
2168 1907 2389 1972 ambigat
2411 1907 2549 1955 chro-

284 1990 508 2053 nologus,
539 2004 753 2051 quaeque
784 1998 1051 2051 temporum
1074 1997 1200 2032 znter
1222 1985 1521 2048 quaestiones
1555 1986 1710 2031 locum
1742 1984 1970 2031 habeant.
2008 1985 2097 2032 Sed
2122 1985 2181 2032 de
2213 1984 2455 2041 breviarii,
2484 1988 2546 2033 si-

283 2075 362 2115 cut
391 2067 451 2113 de
482 2064 763 2112 biblicarum
799 2065 1128 2126 antiquitatum
1161 2071 1352 2110 auctore
1387 2063 1479 2126 (1),
1511 2062 1657 2110 fusius
1693 2064 1785 2110 iam
1821 2064 2017 2126 egimus.

412 2144 617 2190 XXXVI.
653 2143 787 2189 Philo
806 2143 1115 2203 navigationis
1138 2142 1187 2187 in
1211 2140 1508 2224 Aethiopiam
1532 2141 1757 2203 scriptor,
1779 2141 2082 2188 Eratosthene
2103 2141 2352 2202 antiquior.
2381 2140 2546 2187 Strabo

282 2219 408 2267 libro
443 2221 501 2266 ΙΙ.
531 2235 580 2282 p.
614 2208 833 2267 130.Τό
863 2206 955 2281 μὲν
982 2205 1067 2264 οὐν
1093 2206 1217 2264 καὟοὶ
1245 2206 1451 2278 Μερόην
1477 2205 1675 2278 κλίμα,
1705 2208 1729 2260 ὁ
1752 2205 2035 2305 ῖΙππαρχος
2073 2207 2190 2274 φησὶ
2224 2211 2435 2301 Φίλωνα
2458 2206 2545 2261 τὸν

249 2309 252 2310 ’
283 2284 673 2362 συγγράψαντα
707 2285 794 2342 τόν
831 2286 902 2347 εἷς
938 2284 1223 2340 Αἷ-θιοπίαν
1258 2285 1422 2339 πλουν
1459 2284 1712 2359 ἱστορειν,
1750 2282 1827 2338 ὅτι
1860 2284 1969 2358 τωρό
2004 2283 2144 2340 πέντε
2180 2283 2264 2339 καὶ
2302 2282 2546 2381 τεσσαρά-

280 2386 434 2419 κοντα.
468 2363 662 2452 ἧμερων
696 2387 785 2425 της
817 2361 1007 2437 θερινῆς
1042 2383 1229 2456 τροπῆς
1265 2360 1395 2416 κατὰ
1408 2361 1651 2458 κορυφκιν
1680 2367 1879 2436 ’γίνεται
1913 2364 1936 2416 ὁ
1977 2361 2140 2424 κ’λιος·
2170 2360 2334 2417 λεΤειν
2365 2359 2417 2414 δὲ
2457 2384 2539 2415 και
2594 2415 2599 2418 ,

278 2463 400 2502 τους
434 2439 637 2513 λόγους
667 2463 758 2494 του
797 2438 1062 2514 γνώμονος
1095 2437 1234 2513 σωρός
1269 2462 1320 2493 ‘te
1357 2463 1449 2501 τας
1489 2459 1732 2514 τροπικας
1770 2438 1941 2504 σκιὰς,
1978 2438 2062 2494 καὶ
2098 2463 2191 2502 τας
2234 2437 2541 2511 ἶσνιμερινοὶς·

278 2515 432 2572 αὐτόν
465 2540 518 2572 τε
549 2515 902 2590 Ἐρατοσθένη
940 2517 1226 2589 συμφωνεῖν
1266 2514 1497 2592 ἔγγιστα
1529 2518 1606 2589 τῷ
1638 2521 1848 2571 Φίλωνι
1885 2528 2146 2588 Antigonus
2171 2527 2394 2588 carystius
2423 2527 2546 2572 hunc

278 2604 481 2650 eundem
511 2612 642 2651 notat
671 2605 719 2650 in
753 2604 936 2650 collect.
965 2603 1074 2650 hist.
1102 2603 1330 2650 mirabilis
1362 2619 1464 2666 cap.
1499 2605 1619 2657 160,
1647 2603 1730 2650 ubi
1765 2620 1871 2650 cum
1909 2620 1964 2650 ex
1996 2605 2144 2651 etesia
2180 2604 2413 2650 retulisset
2447 2618 2543 2649 esse

277 2681 324 2726 in
357 2680 602 2742 Aethiopia
632 2680 808 2727 fontem
834 2681 964 2727 cuius
989 2696 1109 2743 aqua
1134 2682 1279 2727 instar
1303 2676 1566 2727 cinnabaris
1588 2680 1780 2734 rubeat,
1809 2690 1853 2727 et
1879 2690 1990 2743 pota
2022 2681 2246 2728 vecordes
2271 2680 2404 2726 faciat
2420 2714 2431 2731 ‚
2460 2679 2543 2724 ad-

277 2756 372 2803 dit:
408 2769 563 2801 τουτο
601 2744 650 2799 δ’
690 2748 886 2820 ἱστορεῖ
921 2771 1002 2802 και
1041 2752 1215 2802 Φιλων
1253 2748 1277 2800 ὁ
1312 2769 1380 2802 τοι
1415 2745 1694 2802 ozi-&commi
1730 2747 2188 2822 συγγραψάμενος.

404 2835 627 2880 XXXVII.
667 2834 800 2880 Philo
823 2835 1085 2882 Aristotelis
1109 2834 1372 2886 familiaris,
1399 2836 1479 2895 qui
1506 2836 1718 2881 oratione
1743 2837 1911 2898 scripta
1936 2845 2096 2882 contra
2122 2835 2364 2897 Sophoclis
2388 2836 2541 2881 cuius-

275 2910 385 2956 dam
418 2909 682 2964 decretum,
715 2926 812 2972 quo
841 2926 1005 2957 omnes
1035 2910 1306 2972 philosophi
1337 2925 1393 2956 ex
1423 2911 1573 2956 Attica
1604 2911 1842 2956 discedere
1877 2910 2182 2965 iubebantur,
2210 2913 2418 2956 invectus
2451 2919 2534 2956 est.

274 2988 365 3034 Pro
388 2988 619 3050 Sophocle
639 2996 793 3035 autem
820 2988 1087 3051 apologiam
1109 2988 1354 3049 scripserat
1378 2988 1688 3034 Demochares
1710 2978 2033 3034 Demosthenis
2056 2987 2378 3034 consobrinus.
2406 2988 2554 3034 Athe:

272 3079 415 3111 naeus
449 3065 737 3128 dipnosoph.
774 3064 858 3111 lib.
894 3066 1013 3112 XIV.
1053 3065 1160 3127 (ed.
1189 3065 1288 3110 Cas.
1323 3080 1370 3126 p.
1402 3066 1514 3110 610.
1536 3064 1550 3126 )
1588 3054 1688 3108 Καὶ
1728 3055 2000 3120 Σοφοκλῆς
2037 3053 2096 3107 δέ
2127 3077 2205 3116 τις
2240 3055 2533 3124 ψηφίσματι

274 3130 503 3203 ἐξήλασε
539 3130 722 3193 ποίνὙας
755 3130 1078 3197 φιλοσόφους
1107 3154 1196 3193 τνις
1225 3131 1485 3193 ΑτὙικκς,
1514 3131 1633 3184 καθ
1665 3127 1725 3184 οὑ
1759 3130 1926 3203 λόγον
1962 3128 2164 3205 ἔγραψε
2198 3134 2371 3185 Φίλων
2398 3131 2536 3203 Αρι-

273 3207 548 3296 σ’ΤοῙέλους
584 3207 839 3281 Γνώριμος
868 3209 1163 3281 ἀπολογίαν
1193 3205 1313 3280 ὑπὲρ
1342 3208 1438 3261 τοῦ
1466 3206 1795 3273 Σοφοκλέους
1830 3207 2176 3280 Δημοχάρους
2208 3206 2541 3268 πεποιηκότος.

270 3307 359 3338 του
402 3284 769 3356 Δημοσθένους
805 3283 1038 3358 ἀνεψιοῦ.
1075 3297 1130 3343 Et
1159 3295 1244 3343 lib.
1269 3297 1348 3342 XI.
1378 3312 1425 3357 p.
1461 3296 1571 3341 508.
1601 3296 1655 3341 in
1675 3295 1787 3342 fine.
1819 3282 1892 3338 ἔτι
1931 3282 1983 3337 δὲ
2026 3307 2108 3338 και
2154 3283 2468 3356 Δημοχαρκς
2506 3286 2530 3337 0‘

268 3359 433 3435 ῥήτωρ
466 3362 515 3417 ἐν
542 3364 615 3437 τῷ
645 3363 766 3435 ὑπὲρ
796 3361 1129 3428 Σοφοκλέους
1161 3362 1284 3438 πρδς
1318 3366 1542 3416 Φίλωνα.
1577 3374 1644 3418 Ex
1669 3372 1909 3418 Athenaeo
1934 3387 2016 3418 sua
2041 3373 2327 3434 transcripsit
2354 3373 2536 3419 Coelius
2569 3399 2571 3401 >

269 3447 546 3511 rhodiginus
579 3451 724 3513 antiq.
757 3450 864 3497 lect.
893 3449 978 3500 lib,
1009 3452 1151 3496 XXlI.
1181 3465 1282 3512 cap.
1314 3451 1394 3496 21.
1433 3449 1640 3496 Philonis
1672 3449 1809 3496 huius
1842 3450 2055 3496 meminit
2086 3451 2122 3495 F
2126 3451 2356 3497 ranciscus
2390 3451 2535 3496 Patri-

253 3522 383 3578 “tius‚
411 3525 603 3573 discuss.
631 3527 830 3590 peripat.
859 3535 974 3574 tom.
1007 3528 1051 3572 1
1085 3525 1170 3572 lib.
1201 3528 1258 3573 X.
1286 3527 1422 3572 Hunc
1445 3525 1644 3572 eundem
1677 3541 1775 3572 esse
1803 3535 1917 3588 puto
1943 3526 2184 3573 Philonem
2219 3526 2533 3574 atheniensem

268 3600 522 3660 Pyrrhonis
556 3604 781 3657 amicum,
808 3619 865 3650 ex
892 3619 990 3666 quo
1019 3603 1245 3660 nonnulla
1269 3602 1412 3649 refert
1441 3603 1500 3649 de
1532 3603 1773 3664 Pyrrhone
1806 3605 2014 3651 Laertius
2038 3603 2122 3650 lib.
2151 3591 2535 3651 1Χ.67;αλλα

271 3665 354 3718 καὶ
384 3670 616 3723 Φίλων
590 3693 615 3722 o
649 3668 924 3734 οἷθηναιος,
959 3692 1217 3743 γνωριμος
1250 3691 1408 3723 αυτ-ου
1445 3668 1688 3744 γεΓονώς,
1724 3668 1890 3724 ἕλεΓεν
1919 3694 1985 3732 ως
2021 3669 2268 3742 ἐμέμνητο
2303 3671 2532 3742 μα’λιὸΤα

353 3790 403 3831 (t)
427 3788 533 3827 Alter
556 3790 617 3827 hic
641 3790 792 3828 libellus
816 3802 894 3829 non
918 3792 1034 3829 semel
1058 3791 1172 3828 latine
1197 3790 1343 3836 editus,
1370 3796 1467 3828 extat
1495 3790 1610 3829 latine
1642 3791 1754 3838 item,
1781 3792 1819 3828 in
1845 3791 1974 3830 codice
1999 3798 2071 3830 vat.
2099 3797 2191 3837 488,
2219 3793 2372 3840 eiusque
2397 3792 2529 3828 titulus

270 3845 310 3881 in
336 3845 436 3883 calce
460 3846 487 3884 f.
508 3851 588 3885 129.
616 3849 791 3887 scribitur
816 3851 883 3888 sic.
911 3851 1086 3898 Explicit
1109 3850 1272 3887 historia
1298 3819 1469 3888 Philonis
1494 3850 1543 3887 ab
1567 3852 1678 3887 initio
1705 3852 1840 3889 mundi
1863 3863 1981 3899 usque
2006 3849 2216 3909 acl-David
2240 3862 2380 3898 reqem.
2408 3854 2453 3887 A.
2473 3851 2523 3886 M.

2279 3918 2294 3934 ἡ
