2970 4420
292 2612 363 2637 ‚59.
406 2629 413 2636 .

460 276 554 322 518

461 372 670 440 φθόνῶ..
701 370 779 424 {nl
812 371 957 425 πολὺ
992 377 1134 426 τοῦτο
1165 370 1552 444 παρεκτείναοθτᾳ

462 453 546 503 οὐκ
577 452 749 503 εἰασεν.

550 524 619 601 ζ.
656 524 785 602 Επει
814 525 841 598 {j
873 525 948 577 ἐπὶ
967 547 1019 584 τη
1047 523 1228 593 λυχνία
1258 543 1310 574 το
1336 503 1428 590 φως
1463 523 1553 574 ε’τὲ

461 607 563 665 θη,
583 606 625 673 19
652 599 812 668 φαίνειν
836 607 997 660 καλῶς
1022 599 1379 673 παρκώάσθη,
1411 596 1455 651 τί
1484 599 1555 652 δεῖ

461 681 504 750 19
534 678 711 748 λέγειν,
734 677 828 736 οἶος
861 680 966 747 μὲν
971 677 1019 732 ἦν
1041 679 1142 733 τοῖς
1173 675 1256 726 ὑπ’
1282 678 1431 728 αὐτοῦ
1458 697 1553 727 ποι-

461 755 727 825 μδζμομὲνοις
750 755 1132 816 ποθειν6τατοςς
1158 751 1253 808 οἶος
1285 754 1310 823 '3'
1348 755 1449 811 τοῖς
1484 752 1553 847 ξέ-

461 853 549 891 νοις
580 832 881 906 εὖπξοίσιτος,
902 829 1292 925 ἁξιοθαύμαςος
1318 832 1414 886 τοῖς
1445 834 1553 904 πόῤ-

459 931 549 984 ρω
580 912 676 966 τοῖς
707 907 904 963 πλησίον
937 905 1205 979 ε’πὲραςος9
1236 902 1346 962 ηδῦς
1375 930 1442 973 τῳ
1472 906 1553 959 26-

459 1007 566 1054 ·yqo,
589 1005 727 1051 σοφος
757 986 799 1036 ἐν
827 979 1024 1052 γνώσει,
1056 985 1097 1052 19
1129 981 1234 1054 περὶ
1265 983 1296 1035 ‹i-
1327 1007 1359 1036 τ
1390 985 1554 1052 ᾀσμά-

461 1083 552 1115 των
569 1061 754 1114 ποίησιν
772 1060 920 1134 ἄκρως
941 1057 1253 1125 7r01106s299410m
1273 1057 1552 1135 κῧρτυξουσι

460 1139 555 1211 ’γὰρ
589 1142 736 1191 αὐτοῦ
770 1136 830 1189 τὰ
861 1140 1092 1201 πάνσοφα
1120 1134 1497 1205 pcnhcpdnpeoeroe9
1521 1136 1554 1190 ὁὶ

462 1214 579 1286 πρ6ς
612 1236 657 1265 τε
688 1210 835 1266 αὐτην
863 1225 937 1267 τίω
971 1213 1323 1285 bnepc'cftgoevvov
1358 1237 1391 1265 7·
1426 1218 1551 1267 θεοῦ

459 1295 587 1359 λὸγε
616 1291 830 1365 μητέρα,
854 1295 895 1363 19
926 1311 1033 1366 προς
1065 1287 1161 1343 ew
1189 1287 1384 1347 λοιπους
1415 1290 1554 1359 cissae

463 1367 668 1440 ἐξέθετο,
693 1370 847 1425 πάσης
868 1367 1102 1437 ’γέμοντας
1123 1364 1338 1434 ’γνώσεως
1361 1371 1403 1439 19
1426 1370 1555 1444 εὐαρ-

459 1444 661 1513 ptos-iaq-
690 1446 731 1515 19
765 1444 815 1497 τὸ
847 1442 901 1496 δη
936 1440 1423 1510 θαυμασιωτατον,ε
1410 1449 1481 1497 ότι
1512 1449 1553 1541 19

463 1519 496 1575 ’ἑ
527 1521 742 1594 φροντίσι
776 1516 851 1586 79ἷιῘ
882 1545 928 1574 ον
958 1541 1094 1593 χερσι
1133 1519 1454 1596 σχολάζων
1428 1543 1480 1575 ην
1512 1528 1554 1616 19

460 1597 765 1667 κηδόμᾏυῼο·
800 1597 944 1655 οὑτως
980 1596 1056 1650 οὖν
1087 1597 1218 1666 αὐτῷ
1251 1599 1401 1664 σοφῶς
1434 1619 1480 1649 τε
1512 1602 1554 1670 19

459 1697 787 1744 πνευματικως
820 1674 882 1726 τὰ
912 1675 955 1728 79
983 1677 1133 1747 ἅρχης
1160 1675 1554 1770 ’fflxvssengrrt,

460 1755 503 1823 19
535 1777 567 1806 «τ
598 1751 641 1806 (1ς
670 1774 813 1822 μονης
840 1774 900 1809 εις
924 1750 1171 1805 ἐπίδοσιν’
1154 1752 1341 1815 ιὸντων,
1366 1760 1407 1822 19
1435 1754 1556 1804 πλη-

461 1835 555 1887 θος
590 1828 933 1916 σιωεθροίζετο
967 1849 1214 1899 μοναχων·
1249 1832 1291 1899 19
1322 1849 1557 1881 τοσουτον

463 1907 592 1974 αὐτῷ
626 1929 648 1959 η
685 1932 717 1960 τ
750 1911 875 1960 θεοῦ
906 1906 1042 1980 χάρις
1072 1910 1371 1979 ωεςγοῢσα
1405 1928 1481 1968 ην,
1513 1909 1556 1977 19

462 2007 526 2036 τα
550 2009 606 2057 νγ
572 1983 830 2053 ‘styvchpoha
854 1981 1159 2049 εὐοδουσα9ε
1140 2004 1196 2038 ως
1223 1986 1270 2034 ἐν
1295 1983 1556 2041 ἅλλοδαπη

461 2067 526 2131 ‘yffi
557 2081 662 2114 ναον
694 2062 769 2113 ἐπ’
804 2060 1004 2129 ὀνόματι
1037 2058 1078 2114 73
1116 2079 1201 2110 του
1234 2061 1360 2110 θεοῦ
1389 2058 1558 2135 μητρὸς

464 2138 684 2223 ἄνεΓεῖραι
708 2136 916 2207 μεγις-ὄν
939 2157 987 2187 τε
1012 2158 1054 2208 19
1077 2135 1364 2192 ὣωιαλλη·
1388 2141 1558 2189 τουτον

464 2209 519 2265 δη
551 2214 681 2283 λέγω
716 2238 747 2267 τ
776 2213 911 2285 παρὰ
941 2219 1062 2266 πᾶσι
1093 2212 1235 2305 ξενοις
1266 2233 1314 2262 τε
1345 2213 1387 2308 19
1419 2216 1558 2288 αὐτό-

434 2295 653 2359 ,χθοσιν
685 2289 947 2363 ὁρῶμῗζοον,
959 2292 1013 2362 19
1045 2295 1091 2342 ἐν
1124 2311 1160 2356 ῳ
1189 2288 1276 2345 τὰς
1302 2289 1417 2363 πρὸς
1441 2288 1556 2344 θεον

466 2366 755 2443 δοξολογίας
773 2388 922 2420 ποιε1ν
942 2364 1324 2438 παρειληφαμςζυ,
1341 2366 1486 2419 εἰκόσι
1509 2388 1558 2420 τε

466 2450 641 2497 τοῦτον
659 2446 1042 2512 κατακοσμῆσαι
1060 2484 1074 2505 ,
1096 2447 1137 2514 19
1159 2443 1291 2516 ἱεροῖς
1313 2443 1493 2496 σκεύεσι
1516 2446 1558 2515 19

468 2520 665 2580 πέπλοις
694 2520 983 2589 πολυτίμοις
1015 2522 1056 2590 19
1089 2521 1312 2591 τερπνοῖς.

559 2596 618 2651 η’.
655 2598 814 2650 Ἄλλὰ
845 2597 895 2649 τό
926 2596 1056 2649 κατὰ
1085 2606 1158 2648 τω)
1194 2592 1452 2666 οἰκοδομὴν
1479 2617 1557 2664 γε·

466 2696 597 2743 ’γονος
633 2679 851 2744 θαῦμα,
882 2677 966 2727 οὔκ.
997 2674 1192 2748 ἄκαιρον
1223 2685 1372 2743 pecten
1403 2671 1559 2746 ‹054892-

467 2751 652 2804 δοῢναι·
685 2760 805 2819 ot&
838 2751 939 2823 Ἱὰρ
974 2749 1182 2822 ὁπηρχεν
1215 2750 1236 2802 ὁ
1267 2749 1558 2821 μακάριΘσ,

467 2827 691 2884 τοιούτοις
722 2828 892 2880 δηεπου
922 2826 1008 2880 καὶ
1035 2825 1262 2883 ὑπηκόοις
1296 2825 1558 2898 ἁιέχρητο·

468 2926 639 2957 τουτον
670 2904 776 2957 δη
758 2929 790 2958 7·
821 2927 926 2958 ναον
962 2902 1087 2956 κίοσι
1122 2902 1201 3000 (1)
1224 2901 1499 2978 ςηρίζεεθοα
1537 2903 1560 2955 ὁ

467 2982 731 3048 wavo‘m&
762 2982 1037 3041 ἐβουληθη·
1072 2979 1167 3037 ἔνος
1198 2979 1273 3041 AL}
1304 2979 1480 3033 τούτων
1511 2985 1558 3034 ἐν

467 3058 640 3131 &dumo
684 3059 831 3127 τόπῳ
881 3058 1260 3130 ὁπάρχοντΘο,
1303 3078 1342 3110 οι
1385 3061 1560 3110 τοῦτον

467 3135 802 3204 μετακομίσαι
833 3132 1240 3209 strepui-eptem,
1268 3133 1342 3185 ε’πι
1368 3153 1420 3184 το
1442 3156 1561 3185 κατ-

470 3212 596 3269 άντες
627 3212 938 3280 ελκιῖσαντες,
958 3211 1066 3263 ανευ
1098 3212 1260 3282 χαρῶν
1289 3212 1560 3264 κατελθεῖν

468 3288 853 3360 παρεσκεύασαν·
885 3294 990 3341 τοῦ
1004 3285 1053 3339 δὲ
1082 3290 1206 3356 μετὰ
1240 3287 1442 3376 σφοδροῦ
1474 3291 1559 3339 τοῦ

470 3365 777 3433 arnimar&
819 3364 1222 3438 κατερχομένου,
1261 3363 1320 3420 εἰς
1364 3356 1436 3459 7ἶῇ
1478 3385 1561 3421 της

468 3461 631 3506 μονης
652 3463 912 3511 μοναχων,
946 3464 1027 3495 την
1062 3446 1144 3495 τοῦ
1175 3439 1330 3494 λίθου
1371 3444 1561 3509 ἆγνοων

471 3518 754 3587 κάθοᾶὶον,
784 3520 825 3572 ἐν
856 3525 912 3590 τῇ
947 3518 1042 3587 6δῷ
1075 3523 1158 3571 τοῦ
1190 3517 1345 3572 λίθου
1375 3516 1563 3586 ἰ’ς-ατο,

1381 285 1421 318 S·
1458 286 1801 318 BARTHOLOMAEI

1625 388 1766 435 quam
1796 373 1972 420 invidia
1996 371 2123 419 haud
2146 373 2227 420 diu
2258 374 2385 422 hunc
2408 374 2456 421 in
2481 389 2538 422 eo
2570 374 2726 437 gradu.

1626 466 1901 514 permanere
1931 451 2054 497 sivit.

1722 530 1770 574 7.
1809 516 2060 589 Postquam
2112 527 2270 589 itaque
2323 545 2466 592 super
2506 529 2727 577 candela-

1626 604 1766 651 brum
1789 605 1949 651 lumen
1975 603 2181 667 positum
2211 605 2298 651 fuit
2313 641 2325 660 ,
2353 615 2399 653 et
2423 607 2481 653 ad
2505 606 2624 654 bene
2647 623 2726 654 re-

1628 681 1882 730 lucendum
1906 690 2255 743 comparatum,
2283 683 2398 744 quid
2422 683 2577 730 dicere
2603 700 2723 746 opus

1627 766 1725 810 est,
1762 773 1904 819 quam
1937 766 2056 804 esset
2090 756 2287 803 subditis
2323 759 2417 804 suis
2451 750 2720 821 pergratus,

1627 850 1770 896 quam
1795 835 2026 885 extraneis
2058 832 2279 888 affabilis,
2307 843 2481 896 quanta
2504 836 2552 881 in
2578 836 2725 882 admi-

1627 913 1808 967 ratione
1835 911 2125 973 longinquis,
2149 926 2290 972 quam
2315 912 2539 973 proximis
2563 927 2722 966 carus,

1626 1003 1843 1035 sermone
1879 987 2053 1041 dulcis,
2082 996 2238 1034 mente
2270 990 2478 1050 sapiens,
2505 996 2550 1034 et
2585 1003 2727 1049 quam

1627 1066 1765 1111 etiam
1791 1065 2078 1111 canticorum
2104 1065 2433 1126 compositioni
2457 1080 2727 1128 summope—

1627 1158 1678 1188 re
1718 1141 1945 1188 deditus‘?
1979 1143 2132 1188 Testes
2174 1149 2281 1187 sunt
2321 1142 2549 1188 scitissimi
2589 1142 2727 1204 hym-

1628 1221 1700 1273 ni,
1727 1235 1846 1282 quos
1869 1219 1928 1265 de
1950 1220 2051 1281 ipsa
2077 1219 2323 1282 purissima
2349 1220 2431 1265 Dei
2457 1218 2598 1266 Verbi
2627 1235 2729 1266 ma-

1628 1304 1698 1343 tre
1733 1297 1990 1358 ceterisque
2031 1298 2199 1343 sanctis
2234 1295 2404 1350 edidit,
2442 1295 2727 1343 omnimodis

1629 1374 1865 1420 sententiis
1883 1373 2221 1435 harmoniaque
2237 1372 2382 1435 pleni.
2400 1372 2632 1435 Quodque
2649 1373 2728 1419 mi-

1629 1447 1823 1496 rabilius
1860 1458 1956 1503 est,
1994 1465 2219 1496 manuum
2258 1465 2448 1511 quoque
2485 1447 2728 1496 laboribus

1629 1543 1791 1574 curam
1809 1526 2127 1589 impendebat.
2149 1529 2222 1573 Sic
2238 1527 2378 1589 igitur
2395 1528 2627 1589 sapienter
2644 1526 2728 1572 illo

1629 1620 1682 1652 ac
1713 1605 1983 1667 spiritaliter
2018 1606 2229 1667 regimen
2267 1604 2646 1657 administrante,
2682 1612 2728 1651 et

1629 1683 1898 1730 monasterii
1923 1681 2064 1729 rebus
2085 1682 2134 1728 in
2157 1682 2323 1728 melius
2346 1679 2723 1744 proficientibus,

1630 1760 1970 1807 monachorum
1989 1774 2211 1805 numerus
2231 1758 2511 1820 augebatur:
2535 1766 2731 1804 tantum-

1630 1853 1722 1899 que
1758 1852 1867 1883 eum
1899 1835 1982 1882 Dei
2020 1837 2166 1898 gratia
2202 1836 2408 1889 adiuvit,
2446 1844 2493 1882 et
2523 1835 2730 1881 consiliis

1630 1912 1837 1960 eiusdem
1871 1912 2010 1965 favit,
2038 1920 2091 1957 ut
2113 1912 2161 1957 in
2186 1912 2432 1974 peregrina
2458 1910 2546 1957 sibi
2571 1911 2727 1972 regio-

1632 2005 1690 2036 ne
1713 1989 1941 2051 templum
1965 1989 2191 2051 Deiparae
2214 1990 2393 2035 nomini
2419 1988 2624 2048 dicatum
2647 2003 2728 2035 ex·-

1632 2067 1842 2113 citaverit
1875 2067 2130 2113 maximum
2156 2074 2202 2111 et
2237 2064 2622 2127 pulcherrimum.
2662 2067 2727 2112 De

1631 2144 1748 2194 hoc,
1776 2145 1990 2205 inquam,
2020 2142 2217 2204 loquor,
2245 2142 2375 2204 quod
2401 2157 2565 2189 omnes
2593 2157 2727 2205 pere·-

1632 2222 1752 2283 grini
1787 2229 1832 2267 et
1863 2220 2108 2281 indigenae
2146 2219 2339 2273 vident,
2377 2220 2426 2265 in
2467 2235 2564 2281 quo
2605 2219 2734 2266 divi-v

1632 2313 1742 2344 nam
1760 2296 2068 2360 psalmodiam
2087 2295 2399 2358 peragendam
2421 2296 2721 2358 suscepimus.

1632 2374 1763 2421 Idem
1785 2375 1923 2421 etiam
1950 2375 2083 2436 pictis
2108 2372 2278 2419 tabulis
2297 2374 2560 2426 exornavit,
2585 2382 2630 2420 et
2654 2389 2727 2420 sa-

1633 2453 1723 2499 cris
1756 2453 1898 2504 vasis,
1937 2461 1984 2499 et
2017 2451 2221 2498 venustis
2251 2451 2559 2513 pretiosisque
2588 2451 2739 2497 vesti·

1632 2527 1722 2574 bus
1756 2529 1989 2575 instruxit.

1733 2606 1778 2652 8.
1817 2605 1906 2651 Sed
1926 2605 2050 2651 enim
2067 2603 2346 2650 miraculum
2364 2618 2577 2665 quoque,
2598 2604 2728 2666 quod

1633 2684 1756 2730 inter
1789 2682 2129 2729 aedificandum
2163 2680 2353 2734 accidit,
2390 2682 2564 2743 scripto
2599 2691 2729 2728 com*-

1634 2760 1857 2807 mendare
1874 2759 2252 2821 intempestivum
2272 2773 2368 2804 non
2386 2759 2460 2804 sit.
2484 2759 2600 2804 Nam
2618 2773 2729 2819 qua-

1633 2837 1691 2884 lis
1725 2838 1822 2899 ipse
1854 2845 1953 2883 erat
1981 2835 2146 2882 beatus
2176 2836 2276 2888 hic,
2305 2834 2476 2881 talibus
2507 2835 2729 2882 nimir-mn
2774 2883 2777 2887 ,

1634 2922 1681 2961 et
1722 2913 1922 2961 subditis
1962 2912 2194 2959 utebatur.
2238 2912 2482 2974 Templum
2526 2911 2615 2958 hoc
2656 2912 2730 2958 vir

1634 2991 1947 3037 sanctissimus
1977 2989 2208 3036 columnis
2231 2998 2487 3036 sustentare
2519 2988 2735 3051 volebat.¹

1634 3069 1815 3114 Horum
1850 3083 1940 3113 una
1975 3068 2022 3112 in
2047 3066 2211 3112 altiore
2245 3066 2351 3112 loco
2376 3081 2482 3112 cum
2507 3074 2651 3118 esset,
2679 3064 2728 3111 hi

1632 3143 1805 3205 quibus
1830 3145 1954 3190 illius
1980 3143 2324 3190 transferendae
2349 3159 2460 3189 cura
2485 3143 2737 3189 commissa*

1633 3230 1756 3273 erat,
1785 3222 1833 3266 in
1870 3220 2069 3267 arduum
2104 3220 2429 3281 declivemque
2454 3221 2595 3266 situm
2619 3233 2748 3281 per--

1632 3306 1826 3344 tractam
1841 3333 1851 3352 ,
1875 3299 1975 3344 sine
1999 3313 2224 3344 manuum
2247 3313 2390 3359 opera
2414 3312 2499 3359 per
2518 3311 2567 3342 se
2593 3301 2728 3358 prae-

1633 3376 1819 3437 cipitem
1839 3375 1908 3421 ire
1928 3376 2159 3421 siverunt:
2180 3389 2300 3436 quae
2319 3374 2432 3420 dum
2449 3387 2621 3434 magno
2638 3362 2727 3418 imss·

1633 3460 1745 3514 petu
1780 3458 1957 3504 rueret,
1988 3451 2244 3497 monachus
2275 3449 2335 3496 de
2360 3435 2592 3496 conventu
2625 3450 2726 3511 qui-

1632 3527 1740 3574 dam
1758 3562 1770 3579 ‚
1798 3526 1966 3590 lapidis
1990 3526 2264 3573 descensum
2290 3528 2530 3588 ignorans,
2551 3526 2598 3570 in
2624 3525 2726 3587 ipso

552 3669 600 3710 (1)
626 3667 799 3713 Sumptas
823 3665 937 3704 fuisse
962 3667 1029 3704 has
1054 3667 1248 3704 columnas
1273 3677 1317 3704 ex
1341 3665 1428 3703 villa
1452 3663 1650 3703 tusculana
1671 3663 1880 3709 Ciceronis,
1900 3666 1999 3702 recte
2024 3663 2200 3701 admonet
2218 3662 2468 3701 Sciommarus
2495 3660 2535 3696 in
2559 3665 2637 3697 not.
2658 3664 2725 3705 23,

468 3735 581 3772 quam
607 3724 729 3760 villam
756 3724 797 3760 in
821 3724 902 3761 loco
928 3726 1130 3772 praesentis
1157 3725 1369 3763 monasterii
1395 3724 1531 3775 fuisse„
1559 3723 1666 3761 docet
1695 3722 1795 3760 idem
1820 3723 1862 3759 in
1886 3729 1964 3760 not.
1992 3727 2060 3768 333
2088 3721 2318 3759 luculentius
2342 3724 2468 3756 autem
2495 3720 2535 3755 P.
2564 3719 2726 3756 Basilius

467 3783 673 3822 Cardonius
697 3784 737 3819 in
764 3782 1028 3830 disceptatione
1053 3785 1099 3822 de
1124 3791 1344 3833 argumento
1369 3785 1453 3822 hoc.
1482 3784 1606 3821 Atiam
1631 3783 1822 3820 Ciceronis
1845 3782 1996 3824 villam,
2022 3783 2063 3831 in
2093 3792 2165 3829 qua
2190 3781 2268 3827 ipse
2291 3784 2422 3816 natum
2455 3789 2494 3818 se
2525 3778 2638 3824 dicit,
2665 3789 2725 3816 oc-

468 3849 605 3891 cupant
620 3838 836 3890 trappenses
854 3842 1026 3879 monachi
1046 3844 1212 3881 asceterii
1233 3844 1271 3881 S.
1289 3843 1478 3881 Dominici
1497 3852 1610 3891 prope
1626 3843 1757 3879 urbem
1775 3841 1910 3879 Soram'
1923 3841 1970 3879 ad
1989 3840 2189 3878 Fibrenum
2209 3839 2306 3884 (Cic.
2327 3837 2372 3875 de
2390 3838 2463 3885 leg.
2486 3839 2534 3874 11.
2557 3843 2590 3875 1.
2613 3844 2649 3875 et
2664 3842 2725 3882 3.)
