<?xml version="1.0" encoding="UTF-8"?>
<!DOCTYPE html PUBLIC "-//W3C//DTD XHTML 1.0 Transitional//EN"
    "http://www.w3.org/TR/xhtml1/DTD/xhtml1-transitional.dtd">
<html xmlns="http://www.w3.org/1999/xhtml" xml:lang="en" lang="en">
 <head>
  <title>
</title>
<meta http-equiv="Content-Type" content="text/html;charset=utf-8" />
  <meta name='ocr-system' content='tesseract 3.04.00' />
  <meta name='ocr-capabilities' content='ocr_page ocr_carea ocr_par ocr_line ocrx_word'/>
</head>
<body>
  <div class='ocr_page' id='page_1' title='image "./novaepatrumbibli06maiauoft/novaepatrumbibli06maiauoft_0847.png"; bbox 0 0 2970 4380; ppageno 0'>
   <div class='ocr_carea' id='block_1_1' title="bbox 1067 316 2525 362">
    <p class='ocr_par' dir='ltr' id='par_1_1' title="bbox 1067 316 2525 362">
     <span class='ocr_line' id='line_1_1' title="bbox 1067 316 2525 362; baseline 0.003 -4"><span class='ocrx_word' id='word_1_1' title='bbox 1067 327 1110 358; x_wconf 62' lang='lat' dir='ltr'><strong>us</strong></span> <span class='ocrx_word' id='word_1_2' title='bbox 1142 318 1292 359; x_wconf 77' lang='lat' dir='ltr'><strong>conice</strong></span> <span class='ocrx_word' id='word_1_3' title='bbox 1324 325 1750 359; x_wconf 66' lang='lat' dir='ltr'><strong>niunosommrauo.</strong></span> <span class='ocrx_word' id='word_1_4' title='bbox 2430 316 2525 362; x_wconf 89' lang='grc'><strong>587</strong></span> 
     </span>
    </p>
   </div>
   <div class='ocr_carea' id='block_1_2' title="bbox 291 386 2559 2642">
    <p class='ocr_par' dir='ltr' id='par_1_2' title="bbox 291 386 2526 866">
     <span class='ocr_line' id='line_1_2' title="bbox 301 386 2526 458; baseline -0.002 -8"><span class='ocrx_word' id='word_1_5' title='bbox 301 397 508 457; x_wconf 56' lang='lat' dir='ltr'><strong>adfirmat.</strong></span> <span class='ocrx_word' id='word_1_6' title='bbox 540 397 606 440; x_wconf 90' lang='lat' dir='ltr'><strong>Sic</strong></span> <span class='ocrx_word' id='word_1_7' title='bbox 635 398 742 440; x_wconf 88' lang='lat' dir='ltr'><strong>enim</strong></span> <span class='ocrx_word' id='word_1_8' title='bbox 770 399 828 441; x_wconf 90' lang='lat' dir='ltr'><strong>ibi</strong></span> <span class='ocrx_word' id='word_1_9' title='bbox 858 411 1006 452; x_wconf 86' lang='lat' dir='ltr'><strong>graeca</strong></span> <span class='ocrx_word' id='word_1_10' title='bbox 1027 399 1246 455; x_wconf 67' lang='lat' dir='ltr'>inscriptio</span> <span class='ocrx_word' id='word_1_11' title='bbox 1275 401 1318 442; x_wconf 91' lang='lat' dir='ltr'><strong>in</strong></span> <span class='ocrx_word' id='word_1_12' title='bbox 1348 399 1453 442; x_wconf 83' lang='lat' dir='ltr'><strong>folio</strong></span> <span class='ocrx_word' id='word_1_13' title='bbox 1482 412 1615 454; x_wconf 85' lang='lat' dir='ltr'><strong>puro:</strong></span> <span class='ocrx_word' id='word_1_14' title='bbox 1650 411 1715 435; x_wconf 75' lang='grc' dir='ltr'><strong>και</strong></span> <span class='ocrx_word' id='word_1_15' title='bbox 1739 387 1823 436; x_wconf 63' lang='lat' dir='ltr'><strong>{aab</strong></span> <span class='ocrx_word' id='word_1_16' title='bbox 1845 386 2127 441; x_wconf 70' lang='grc' dir='ltr'><strong>κατεπετάσθη</strong></span> <span class='ocrx_word' id='word_1_17' title='bbox 2151 389 2315 455; x_wconf 74' lang='grc' dir='ltr'><strong>ἄγγελος</strong></span> <span class='ocrx_word' id='word_1_18' title='bbox 2338 389 2463 458; x_wconf 73' lang='grc' dir='ltr'>κυρίου</span> <span class='ocrx_word' id='word_1_19' title='bbox 2487 397 2526 442; x_wconf 80' lang='grc' dir='ltr'><strong>ἐκ</strong></span> 
     </span>
     <span class='ocr_line' id='line_1_3' title="bbox 304 456 2524 524; baseline 0.004 -21"><span class='ocrx_word' id='word_1_20' title='bbox 304 487 373 515; x_wconf 65' lang='grc' dir='ltr'><strong>τω</strong></span> <span class='ocrx_word' id='word_1_21' title='bbox 493 478 531 504; x_wconf 79' lang='grc' dir='ltr'><strong>νε</strong></span> <span class='ocrx_word' id='word_1_22' title='bbox 535 462 569 503; x_wconf 75' lang='lat'><strong>&#39;13-</strong></span> <span class='ocrx_word' id='word_1_23' title='bbox 603 479 667 505; x_wconf 73' lang='grc' dir='ltr'><strong>ναι</strong></span> <span class='ocrx_word' id='word_1_24' title='bbox 698 456 793 509; x_wconf 77' lang='grc' dir='ltr'><strong>ἔστη</strong></span> <span class='ocrx_word' id='word_1_25' title='bbox 817 456 879 509; x_wconf 81' lang='grc' dir='ltr'>ἐπι</span> <span class='ocrx_word' id='word_1_26' title='bbox 905 478 972 510; x_wconf 85' lang='grc' dir='ltr'><strong>την</strong></span> <span class='ocrx_word' id='word_1_27' title='bbox 1004 457 1190 524; x_wconf 78' lang='grc' dir='ltr'>ἐξωτὲραν</span> <span class='ocrx_word' id='word_1_28' title='bbox 1224 460 1348 509; x_wconf 77' lang='grc' dir='ltr'>πύλην</span> <span class='ocrx_word' id='word_1_29' title='bbox 1381 461 1448 508; x_wconf 73' lang='grc' dir='ltr'><strong>τοῦ</strong></span> <span class='ocrx_word' id='word_1_30' title='bbox 1477 457 1666 523; x_wconf 79' lang='grc' dir='ltr'>νάρθηκος</span> <span class='ocrx_word' id='word_1_31' title='bbox 1688 459 1778 523; x_wconf 76' lang='grc'>(1)·</span> <span class='ocrx_word' id='word_1_32' title='bbox 1802 480 1868 506; x_wconf 89' lang='grc' dir='ltr'>και</span> <span class='ocrx_word' id='word_1_33' title='bbox 1891 460 1991 507; x_wconf 65' lang='grc' dir='ltr'>οταν</span> <span class='ocrx_word' id='word_1_34' title='bbox 2028 482 2134 508; x_wconf 82' lang='grc' dir='ltr'><strong>ειπεν</strong></span> <span class='ocrx_word' id='word_1_35' title='bbox 2167 462 2185 508; x_wconf 83' lang='grc' dir='ltr'>ὅ</span> <span class='ocrx_word' id='word_1_36' title='bbox 2217 459 2373 516; x_wconf 56' lang='lat' dir='ltr'><strong>&amp;cacam</strong></span> <span class='ocrx_word' id='word_1_37' title='bbox 2400 464 2439 511; x_wconf 84' lang='grc' dir='ltr'><strong>ἐν</strong></span> <span class='ocrx_word' id='word_1_38' title='bbox 2472 468 2524 512; x_wconf 80' lang='grc' dir='ltr'><strong>εἱ-</strong></span> 
     </span>
     <span class='ocr_line' id='line_1_4' title="bbox 299 452 2524 665; baseline 0.004 -92"><span class='ocrx_word' id='word_1_39' title='bbox 299 452 531 665; x_wconf 53' lang='lat' dir='ltr'><em>W</em></span> <span class='ocrx_word' id='word_1_40' title='bbox 503 525 599 593; x_wconf 81' lang='grc' dir='ltr'>κυρῖε</span> <span class='ocrx_word' id='word_1_41' title='bbox 585 549 624 574; x_wconf 88' lang='grc' dir='ltr'>υ</span> <span class='ocrx_word' id='word_1_42' title='bbox 655 530 878 591; x_wconf 78' lang='grc' dir='ltr'><strong>δεηθῶμεν,</strong></span> <span class='ocrx_word' id='word_1_43' title='bbox 900 532 918 576; x_wconf 82' lang='grc' dir='ltr'>ὅ</span> <span class='ocrx_word' id='word_1_44' title='bbox 951 527 1119 594; x_wconf 77' lang='grc' dir='ltr'><strong>ἄγγελος</strong></span> <span class='ocrx_word' id='word_1_45' title='bbox 1151 527 1237 596; x_wconf 68' lang='grc' dir='ltr'><strong>ἔφη·</strong></span> <span class='ocrx_word' id='word_1_46' title='bbox 1268 549 1446 579; x_wconf 83' lang='grc' dir='ltr'>στησατε</span> <span class='ocrx_word' id='word_1_47' title='bbox 1471 526 1541 582; x_wconf 77' lang='grc' dir='ltr'><strong>τὰς</strong></span> <span class='ocrx_word' id='word_1_48' title='bbox 1563 526 1725 595; x_wconf 77' lang='grc' dir='ltr'>καρδιας</span> <span class='ocrx_word' id='word_1_49' title='bbox 1750 529 1852 589; x_wconf 74' lang='grc' dir='ltr'>υμῶν</span> <span class='ocrx_word' id='word_1_50' title='bbox 1876 549 1929 583; x_wconf 84' lang='grc' dir='ltr'><strong>εις</strong></span> <span class='ocrx_word' id='word_1_51' title='bbox 1961 549 2026 579; x_wconf 86' lang='grc' dir='ltr'><strong>τον</strong></span> <span class='ocrx_word' id='word_1_52' title='bbox 2049 527 2143 595; x_wconf 79' lang='grc' dir='ltr'><strong>φόβε</strong></span> <span class='ocrx_word' id='word_1_53' title='bbox 2148 551 2168 578; x_wconf 88' lang='grc' dir='ltr'>ν</span> <span class='ocrx_word' id='word_1_54' title='bbox 2201 534 2267 580; x_wconf 61' lang='lat' dir='ltr'><strong>rofi</strong></span> <span class='ocrx_word' id='word_1_55' title='bbox 2296 535 2404 580; x_wconf 72' lang='grc' dir='ltr'>θεοῦ·</span> <span class='ocrx_word' id='word_1_56' title='bbox 2432 533 2524 582; x_wconf 81' lang='grc' dir='ltr'>ἐνω-</span> 
     </span>
     <span class='ocr_line' id='line_1_5' title="bbox 364 599 2524 669; baseline 0.003 -18"><span class='ocrx_word' id='word_1_57' title='bbox 364 619 385 646; x_wconf 85' lang='grc' dir='ltr'>ν</span> <span class='ocrx_word' id='word_1_58' title='bbox 407 618 484 663; x_wconf 82' lang='grc' dir='ltr'><strong>γαρ</strong></span> <span class='ocrx_word' id='word_1_59' title='bbox 506 601 625 647; x_wconf 76' lang='grc' dir='ltr'>αντσῧ</span> <span class='ocrx_word' id='word_1_60' title='bbox 641 599 848 647; x_wconf 67' lang='grc' dir='ltr'><strong>’ἵσταο-θεῖ</strong></span> <span class='ocrx_word' id='word_1_61' title='bbox 884 617 923 652; x_wconf 78' lang='lat' dir='ltr'><strong>et</strong></span> <span class='ocrx_word' id='word_1_62' title='bbox 940 625 1023 653; x_wconf 80' lang='lat' dir='ltr'><strong>ecce</strong></span> <span class='ocrx_word' id='word_1_63' title='bbox 1047 612 1205 666; x_wconf 88' lang='lat' dir='ltr'><strong>(inquit</strong></span> <span class='ocrx_word' id='word_1_64' title='bbox 1227 611 1536 665; x_wconf 72' lang='lat' dir='ltr'><strong>contemplator</strong></span> <span class='ocrx_word' id='word_1_65' title='bbox 1557 611 1711 663; x_wconf 87' lang='lat' dir='ltr'><strong>abbas)</strong></span> <span class='ocrx_word' id='word_1_66' title='bbox 1731 613 1930 652; x_wconf 79' lang='lat' dir='ltr'><strong>advolavit</strong></span> <span class='ocrx_word' id='word_1_67' title='bbox 1947 613 1995 652; x_wconf 85' lang='lat' dir='ltr'><strong>de</strong></span> <span class='ocrx_word' id='word_1_68' title='bbox 2015 614 2120 653; x_wconf 82' lang='lat' dir='ltr'><strong>caelo</strong></span> <span class='ocrx_word' id='word_1_69' title='bbox 2141 615 2322 666; x_wconf 76' lang='lat' dir='ltr'><strong>anqelus,</strong></span> <span class='ocrx_word' id='word_1_70' title='bbox 2347 620 2524 669; x_wconf 75' lang='lat' dir='ltr'><em>stetitque</em></span> 
     </span>
     <span class='ocr_line' id='line_1_6' title="bbox 296 680 2522 741; baseline 0.003 -19"><span class='ocrx_word' id='word_1_71' title='bbox 296 685 415 722; x_wconf 65' lang='grc' dir='ltr'><strong>ἐικυῖα</strong></span> <span class='ocrx_word' id='word_1_72' title='bbox 448 683 676 721; x_wconf 80' lang='lat' dir='ltr'><strong><em>exteriorem</em></strong></span> <span class='ocrx_word' id='word_1_73' title='bbox 697 687 854 734; x_wconf 79' lang='lat' dir='ltr'><strong>portam</strong></span> <span class='ocrx_word' id='word_1_74' title='bbox 887 682 1080 723; x_wconf 58' lang='lat' dir='ltr'><strong>narthecia·</strong></span> <span class='ocrx_word' id='word_1_75' title='bbox 1108 680 1180 733; x_wconf 90' lang='lat' dir='ltr'><strong>(id</strong></span> <span class='ocrx_word' id='word_1_76' title='bbox 1207 686 1270 724; x_wconf 82' lang='lat' dir='ltr'><strong>est</strong></span> <span class='ocrx_word' id='word_1_77' title='bbox 1301 681 1543 734; x_wconf 74' lang='lat' dir='ltr'><strong>vestibuli.)</strong></span> <span class='ocrx_word' id='word_1_78' title='bbox 1569 685 1625 723; x_wconf 85' lang='lat' dir='ltr'><strong>Et</strong></span> <span class='ocrx_word' id='word_1_79' title='bbox 1648 695 1734 723; x_wconf 80' lang='lat' dir='ltr'><strong>cum</strong></span> <span class='ocrx_word' id='word_1_80' title='bbox 1767 683 1951 723; x_wconf 72' lang='lat' dir='ltr'><strong>diaconus</strong></span> <span class='ocrx_word' id='word_1_81' title='bbox 1981 683 2110 723; x_wconf 58' lang='lat' dir='ltr'><strong>dutrii:</strong></span> <span class='ocrx_word' id='word_1_82' title='bbox 2135 687 2175 723; x_wconf 75' lang='lat' dir='ltr'><strong>in</strong></span> <span class='ocrx_word' id='word_1_83' title='bbox 2196 697 2296 741; x_wconf 79' lang='lat' dir='ltr'><strong>paee</strong></span> <span class='ocrx_word' id='word_1_84' title='bbox 2317 687 2522 728; x_wconf 79' lang='lat' dir='ltr'><strong>Dominum</strong></span> 
     </span>
     <span class='ocr_line' id='line_1_7' title="bbox 291 752 2391 804; baseline 0.002 -13"><span class='ocrx_word' id='word_1_85' title='bbox 291 763 499 803; x_wconf 78' lang='lat' dir='ltr'><strong>precemur</strong></span> <span class='ocrx_word' id='word_1_86' title='bbox 506 766 522 801; x_wconf 89' lang='lat'><strong>‚·</strong></span> <span class='ocrx_word' id='word_1_87' title='bbox 554 752 715 802; x_wconf 74' lang='lat' dir='ltr'><strong>anqelus</strong></span> <span class='ocrx_word' id='word_1_88' title='bbox 743 754 824 792; x_wconf 81' lang='lat' dir='ltr'><strong>ait.-</strong></span> <span class='ocrx_word' id='word_1_89' title='bbox 855 755 1036 804; x_wconf 78' lang='lat' dir='ltr'><strong>apponite</strong></span> <span class='ocrx_word' id='word_1_90' title='bbox 1065 753 1183 794; x_wconf 82' lang='lat' dir='ltr'><strong>corda</strong></span> <span class='ocrx_word' id='word_1_91' title='bbox 1213 757 1346 801; x_wconf 53' lang='lat' dir='ltr'><strong>vestra,</strong></span> <span class='ocrx_word' id='word_1_92' title='bbox 1369 753 1423 792; x_wconf 81' lang='lat' dir='ltr'><strong>ad</strong></span> <span class='ocrx_word' id='word_1_93' title='bbox 1451 754 1627 793; x_wconf 74' lang='lat' dir='ltr'><strong>timorem</strong></span> <span class='ocrx_word' id='word_1_94' title='bbox 1655 754 1751 804; x_wconf 82' lang='lat' dir='ltr'><strong>Dei,</strong></span> <span class='ocrx_word' id='word_1_95' title='bbox 1779 754 1917 794; x_wconf 78' lang='lat' dir='ltr'><strong><em>etenim</em></strong></span> <span class='ocrx_word' id='word_1_96' title='bbox 1946 765 2074 793; x_wconf 85' lang='lat' dir='ltr'><strong>coram</strong></span> <span class='ocrx_word' id='word_1_97' title='bbox 2103 765 2147 793; x_wconf 87' lang='lat' dir='ltr'><strong>eo</strong></span> <span class='ocrx_word' id='word_1_98' title='bbox 2176 755 2391 796; x_wconf 76' lang='lat' dir='ltr'><strong>consistitis.</strong></span> 
     </span>
     <span class='ocr_line' id='line_1_8' title="bbox 1266 809 1749 866; baseline -0.006 -2"><span class='ocrx_word' id='word_1_99' title='bbox 1266 822 1441 866; x_wconf 83' lang='lat' dir='ltr'><strong>IMAGO</strong></span> <span class='ocrx_word' id='word_1_100' title='bbox 1470 822 1548 864; x_wconf 88' lang='lat'><strong>111.</strong></span> <span class='ocrx_word' id='word_1_101' title='bbox 1745 809 1749 821; x_wconf 80' lang='lat'><strong><em>‘</em></strong></span> 
     </span>
    </p>

    <p class='ocr_par' dir='ltr' id='par_1_3' title="bbox 291 875 2559 2642">
     <span class='ocr_line' id='line_1_9' title="bbox 411 875 2521 947; baseline 0.001 -12"><span class='ocrx_word' id='word_1_102' title='bbox 411 892 574 935; x_wconf 85' lang='lat' dir='ltr'>Primus</span> <span class='ocrx_word' id='word_1_103' title='bbox 605 892 692 934; x_wconf 78' lang='lat' dir='ltr'><strong>sive</strong></span> <span class='ocrx_word' id='word_1_104' title='bbox 724 893 862 935; x_wconf 88' lang='lat' dir='ltr'><strong>minor</strong></span> <span class='ocrx_word' id='word_1_105' title='bbox 890 892 1088 943; x_wconf 78' lang='lat' dir='ltr'>introitus</span> <span class='ocrx_word' id='word_1_106' title='bbox 1115 891 1169 935; x_wconf 88' lang='lat' dir='ltr'><strong>ad</strong></span> <span class='ocrx_word' id='word_1_107' title='bbox 1198 884 1326 935; x_wconf 71' lang='lat' dir='ltr'><strong>altare</strong></span> <span class='ocrx_word' id='word_1_108' title='bbox 1354 875 1484 946; x_wconf 71' lang='grc' dir='ltr'>(πρός</span> <span class='ocrx_word' id='word_1_109' title='bbox 1510 876 1579 932; x_wconf 65' lang='grc' dir='ltr'><strong>τῆν</strong></span> <span class='ocrx_word' id='word_1_110' title='bbox 1602 878 1720 945; x_wconf 72' lang='grc' dir='ltr'>ἁγίαν</span> <span class='ocrx_word' id='word_1_111' title='bbox 1745 878 1991 947; x_wconf 61' lang='grc' dir='ltr'>τράπεζαν.)</span> <span class='ocrx_word' id='word_1_112' title='bbox 2021 893 2269 936; x_wconf 86' lang='lat' dir='ltr'><strong>Proceditur</strong></span> <span class='ocrx_word' id='word_1_113' title='bbox 2294 896 2450 938; x_wconf 88' lang='lat' dir='ltr'><strong>scilicet</strong></span> <span class='ocrx_word' id='word_1_114' title='bbox 2473 908 2521 938; x_wconf 85' lang='lat' dir='ltr'><strong>ex</strong></span> 
     </span>
     <span class='ocr_line' id='line_1_10' title="bbox 298 956 2554 1019; baseline 0.001 -14"><span class='ocrx_word' id='word_1_115' title='bbox 298 963 469 1018; x_wconf 87' lang='lat' dir='ltr'><strong>obliqua</strong></span> <span class='ocrx_word' id='word_1_116' title='bbox 491 975 563 1006; x_wconf 90' lang='lat' dir='ltr'><strong>seu</strong></span> <span class='ocrx_word' id='word_1_117' title='bbox 590 963 753 1006; x_wconf 90' lang='lat' dir='ltr'><strong>boreali</strong></span> <span class='ocrx_word' id='word_1_118' title='bbox 778 956 958 1006; x_wconf 86' lang='lat' dir='ltr'><strong>bematis</strong></span> <span class='ocrx_word' id='word_1_119' title='bbox 981 967 1133 1019; x_wconf 88' lang='lat' dir='ltr'><strong>porta,</strong></span> <span class='ocrx_word' id='word_1_120' title='bbox 1156 964 1269 1006; x_wconf 88' lang='lat' dir='ltr'><strong>intra</strong></span> <span class='ocrx_word' id='word_1_121' title='bbox 1298 975 1423 1018; x_wconf 85' lang='lat' dir='ltr'><strong>quam</strong></span> <span class='ocrx_word' id='word_1_122' title='bbox 1447 966 1510 1005; x_wconf 89' lang='lat' dir='ltr'><strong>est</strong></span> <span class='ocrx_word' id='word_1_123' title='bbox 1531 963 1761 1018; x_wconf 85' lang='lat' dir='ltr'><strong>prothesis,</strong></span> <span class='ocrx_word' id='word_1_124' title='bbox 1785 962 1859 1005; x_wconf 91' lang='lat' dir='ltr'><strong>ubi</strong></span> <span class='ocrx_word' id='word_1_125' title='bbox 1888 963 2108 1006; x_wconf 82' lang='lat' dir='ltr'><strong>instructio</strong></span> <span class='ocrx_word' id='word_1_126' title='bbox 2138 977 2275 1007; x_wconf 89' lang='lat' dir='ltr'><strong>rerum</strong></span> <span class='ocrx_word' id='word_1_127' title='bbox 2297 966 2519 1014; x_wconf 84' lang='lat' dir='ltr'><strong>missalium</strong></span> <span class='ocrx_word' id='word_1_128' title='bbox 2538 988 2554 993; x_wconf 81' lang='grc'>-</span> 
     </span>
     <span class='ocr_line' id='line_1_11' title="bbox 294 1027 2523 1090; baseline 0.002 -16"><span class='ocrx_word' id='word_1_129' title='bbox 294 1033 386 1075; x_wconf 82' lang='lat' dir='ltr'><strong>fieri</strong></span> <span class='ocrx_word' id='word_1_130' title='bbox 413 1033 521 1076; x_wconf 88' lang='lat' dir='ltr'><strong>solet</strong></span> <span class='ocrx_word' id='word_1_131' title='bbox 543 1031 622 1090; x_wconf 81' lang='lat'><strong>(2)·.</strong></span> <span class='ocrx_word' id='word_1_132' title='bbox 656 1034 794 1076; x_wconf 86' lang='lat' dir='ltr'><strong>Praeit</strong></span> <span class='ocrx_word' id='word_1_133' title='bbox 823 1033 1019 1076; x_wconf 78' lang='lat' dir='ltr'><strong>sacerdos</strong></span> <span class='ocrx_word' id='word_1_134' title='bbox 1046 1033 1200 1076; x_wconf 88' lang='lat' dir='ltr'><strong>librum</strong></span> <span class='ocrx_word' id='word_1_135' title='bbox 1229 1033 1367 1076; x_wconf 83' lang='lat' dir='ltr'><strong>ferens</strong></span> <span class='ocrx_word' id='word_1_136' title='bbox 1398 1035 1526 1087; x_wconf 87' lang='lat' dir='ltr'><strong>(puta</strong></span> <span class='ocrx_word' id='word_1_137' title='bbox 1556 1034 1877 1088; x_wconf 88' lang='lat' dir='ltr'><strong>apostolicarum</strong></span> <span class='ocrx_word' id='word_1_138' title='bbox 1903 1027 2223 1088; x_wconf 80' lang='lat' dir='ltr'><strong>epistolarum);</strong></span> <span class='ocrx_word' id='word_1_139' title='bbox 2256 1035 2523 1090; x_wconf 88' lang='lat' dir='ltr'><strong>subsequitur</strong></span> 
     </span>
     <span class='ocr_line' id='line_1_12' title="bbox 293 1103 2520 1160; baseline 0.001 -14"><span class='ocrx_word' id='word_1_140' title='bbox 293 1104 517 1160; x_wconf 86' lang='lat' dir='ltr'><strong>episcopus</strong></span> <span class='ocrx_word' id='word_1_141' title='bbox 539 1104 742 1158; x_wconf 82' lang='lat' dir='ltr'><strong>evangelii</strong></span> <span class='ocrx_word' id='word_1_142' title='bbox 767 1104 964 1146; x_wconf 82' lang='lat' dir='ltr'><strong>volumen</strong></span> <span class='ocrx_word' id='word_1_143' title='bbox 991 1116 1164 1159; x_wconf 87' lang='lat' dir='ltr'><strong>gerens:</strong></span> <span class='ocrx_word' id='word_1_144' title='bbox 1186 1116 1369 1158; x_wconf 89' lang='lat' dir='ltr'><strong>namque</strong></span> <span class='ocrx_word' id='word_1_145' title='bbox 1391 1116 1416 1146; x_wconf 89' lang='lat' dir='ltr'><strong>a</strong></span> <span class='ocrx_word' id='word_1_146' title='bbox 1436 1103 1651 1146; x_wconf 82' lang='lat' dir='ltr'><strong>sacerdote</strong></span> <span class='ocrx_word' id='word_1_147' title='bbox 1673 1105 1775 1155; x_wconf 60' lang='lat' dir='ltr'><strong>satis,</strong></span> <span class='ocrx_word' id='word_1_148' title='bbox 1792 1103 2061 1157; x_wconf 81' lang='lat' dir='ltr'><strong>distinguitur</strong></span> <span class='ocrx_word' id='word_1_149' title='bbox 2083 1106 2302 1160; x_wconf 85' lang='lat' dir='ltr'><strong>episcopus</strong></span> <span class='ocrx_word' id='word_1_150' title='bbox 2326 1118 2400 1160; x_wconf 90' lang='lat' dir='ltr'><strong>per</strong></span> <span class='ocrx_word' id='word_1_151' title='bbox 2420 1106 2520 1148; x_wconf 87' lang='lat' dir='ltr'><strong>sub-</strong></span> 
     </span>
     <span class='ocr_line' id='line_1_13' title="bbox 291 1174 2521 1230; baseline 0 -12"><span class='ocrx_word' id='word_1_152' title='bbox 291 1175 490 1230; x_wconf 85' lang='lat' dir='ltr'><strong>genuale‚</strong></span> <span class='ocrx_word' id='word_1_153' title='bbox 515 1174 632 1230; x_wconf 84' lang='lat' dir='ltr'><strong>quod</strong></span> <span class='ocrx_word' id='word_1_154' title='bbox 652 1174 861 1230; x_wconf 90' lang='lat' dir='ltr'><strong>episcopis</strong></span> <span class='ocrx_word' id='word_1_155' title='bbox 879 1177 1043 1216; x_wconf 85' lang='lat' dir='ltr'><strong>tantum</strong></span> <span class='ocrx_word' id='word_1_156' title='bbox 1066 1178 1228 1228; x_wconf 87' lang='lat' dir='ltr'><strong>gestare</strong></span> <span class='ocrx_word' id='word_1_157' title='bbox 1255 1175 1369 1216; x_wconf 89' lang='lat' dir='ltr'><strong>licet.</strong></span> <span class='ocrx_word' id='word_1_158' title='bbox 1403 1176 1455 1216; x_wconf 90' lang='lat' dir='ltr'><strong>Et</strong></span> <span class='ocrx_word' id='word_1_159' title='bbox 1484 1174 1678 1216; x_wconf 84' lang='lat' dir='ltr'><strong>sacerdos</strong></span> <span class='ocrx_word' id='word_1_160' title='bbox 1706 1174 1880 1229; x_wconf 89' lang='lat' dir='ltr'><strong>quidem</strong></span> <span class='ocrx_word' id='word_1_161' title='bbox 1901 1187 2035 1229; x_wconf 88' lang='lat' dir='ltr'><strong>prope</strong></span> <span class='ocrx_word' id='word_1_162' title='bbox 2065 1180 2228 1230; x_wconf 81' lang='lat' dir='ltr'><strong>portam</strong></span> <span class='ocrx_word' id='word_1_163' title='bbox 2250 1176 2293 1217; x_wconf 89' lang='lat' dir='ltr'><strong>in</strong></span> <span class='ocrx_word' id='word_1_164' title='bbox 2317 1176 2521 1219; x_wconf 81' lang='lat' dir='ltr'><strong>sinistram</strong></span> 
     </span>
     <span class='ocr_line' id='line_1_14' title="bbox 292 1245 2521 1303; baseline 0 -14"><span class='ocrx_word' id='word_1_165' title='bbox 292 1250 452 1301; x_wconf 86' lang='lat' dir='ltr'><strong>partem</strong></span> <span class='ocrx_word' id='word_1_166' title='bbox 482 1258 669 1288; x_wconf 85' lang='lat' dir='ltr'><strong>seorsum</strong></span> <span class='ocrx_word' id='word_1_167' title='bbox 692 1245 807 1288; x_wconf 89' lang='lat' dir='ltr'><strong>abire</strong></span> <span class='ocrx_word' id='word_1_168' title='bbox 835 1245 1027 1299; x_wconf 88' lang='lat' dir='ltr'><strong>videtur,</strong></span> <span class='ocrx_word' id='word_1_169' title='bbox 1050 1246 1249 1300; x_wconf 87' lang='lat' dir='ltr'><strong>episcopo</strong></span> <span class='ocrx_word' id='word_1_170' title='bbox 1274 1245 1542 1299; x_wconf 84' lang='lat' dir='ltr'><strong>subsequenti</strong></span> <span class='ocrx_word' id='word_1_171' title='bbox 1565 1254 1811 1299; x_wconf 85' lang='lat' dir='ltr'><strong>sacrumque</strong></span> <span class='ocrx_word' id='word_1_172' title='bbox 1833 1245 1994 1287; x_wconf 88' lang='lat' dir='ltr'><strong>facturo</strong></span> <span class='ocrx_word' id='word_1_173' title='bbox 2025 1246 2165 1287; x_wconf 88' lang='lat' dir='ltr'><strong>locum</strong></span> <span class='ocrx_word' id='word_1_174' title='bbox 2187 1246 2335 1288; x_wconf 85' lang='lat' dir='ltr'><strong>cedens</strong></span> <span class='ocrx_word' id='word_1_175' title='bbox 2365 1245 2443 1303; x_wconf 90' lang='lat' dir='ltr'><strong>(ut</strong></span> <span class='ocrx_word' id='word_1_176' title='bbox 2462 1247 2521 1289; x_wconf 87' lang='lat' dir='ltr'><strong>ait</strong></span> 
     </span>
     <span class='ocr_line' id='line_1_15' title="bbox 294 1315 2520 1371; baseline -0 -12"><span class='ocrx_word' id='word_1_177' title='bbox 294 1321 438 1359; x_wconf 88' lang='lat' dir='ltr'><strong>noster</strong></span> <span class='ocrx_word' id='word_1_178' title='bbox 464 1316 714 1358; x_wconf 88' lang='lat' dir='ltr'><strong>Andidensis</strong></span> <span class='ocrx_word' id='word_1_179' title='bbox 744 1329 789 1358; x_wconf 96' lang='lat' dir='ltr'><strong>n.</strong></span> <span class='ocrx_word' id='word_1_180' title='bbox 820 1316 916 1368; x_wconf 77' lang='lat'><strong>14.)</strong></span> <span class='ocrx_word' id='word_1_181' title='bbox 948 1317 1065 1371; x_wconf 88' lang='lat' dir='ltr'><strong>quasi</strong></span> <span class='ocrx_word' id='word_1_182' title='bbox 1088 1328 1334 1371; x_wconf 77' lang='lat' dir='ltr'><strong>praecursor</strong></span> <span class='ocrx_word' id='word_1_183' title='bbox 1354 1316 1562 1358; x_wconf 86' lang='lat' dir='ltr'><strong>Iohannes</strong></span> <span class='ocrx_word' id='word_1_184' title='bbox 1582 1316 1746 1358; x_wconf 86' lang='lat' dir='ltr'><strong>Christo</strong></span> <span class='ocrx_word' id='word_1_185' title='bbox 1771 1315 1961 1358; x_wconf 85' lang='lat' dir='ltr'><strong>dominc.</strong></span> <span class='ocrx_word' id='word_1_186' title='bbox 1996 1315 2111 1358; x_wconf 91' lang='lat' dir='ltr'><strong>Idem</strong></span> <span class='ocrx_word' id='word_1_187' title='bbox 2135 1316 2286 1358; x_wconf 88' lang='lat' dir='ltr'><strong>dieitur</strong></span> <span class='ocrx_word' id='word_1_188' title='bbox 2307 1316 2351 1358; x_wconf 91' lang='lat' dir='ltr'><strong>in</strong></span> <span class='ocrx_word' id='word_1_189' title='bbox 2373 1328 2520 1370; x_wconf 86' lang='lat' dir='ltr'><strong>graeca</strong></span> 
     </span>
     <span class='ocr_line' id='line_1_16' title="bbox 294 1386 2518 1442; baseline 0 -12"><span class='ocrx_word' id='word_1_190' title='bbox 294 1388 498 1430; x_wconf 81' lang='lat' dir='ltr'><strong>catechesi</strong></span> <span class='ocrx_word' id='word_1_191' title='bbox 525 1400 569 1442; x_wconf 90' lang='lat' dir='ltr'><strong>p.</strong></span> <span class='ocrx_word' id='word_1_192' title='bbox 595 1389 667 1429; x_wconf 89' lang='grc'><strong>86.</strong></span> <span class='ocrx_word' id='word_1_193' title='bbox 701 1389 860 1442; x_wconf 85' lang='lat' dir='ltr'><strong>Nempe</strong></span> <span class='ocrx_word' id='word_1_194' title='bbox 890 1391 932 1429; x_wconf 92' lang='lat' dir='ltr'><strong>et</strong></span> <span class='ocrx_word' id='word_1_195' title='bbox 961 1387 1006 1429; x_wconf 93' lang='lat' dir='ltr'><strong>in</strong></span> <span class='ocrx_word' id='word_1_196' title='bbox 1035 1386 1183 1429; x_wconf 88' lang='lat' dir='ltr'><strong>sacello</strong></span> <span class='ocrx_word' id='word_1_197' title='bbox 1207 1391 1352 1441; x_wconf 82' lang='lat' dir='ltr'><strong>nostro</strong></span> <span class='ocrx_word' id='word_1_198' title='bbox 1377 1387 1631 1441; x_wconf 87' lang='lat' dir='ltr'><strong>pontificali,</strong></span> <span class='ocrx_word' id='word_1_199' title='bbox 1656 1386 1850 1430; x_wconf 78' lang='lat' dir='ltr'><strong>sacerdos</strong></span> <span class='ocrx_word' id='word_1_200' title='bbox 1878 1387 1920 1428; x_wconf 91' lang='lat' dir='ltr'><strong>in</strong></span> <span class='ocrx_word' id='word_1_201' title='bbox 1949 1387 2122 1429; x_wconf 89' lang='lat' dir='ltr'><strong>introitu</strong></span> <span class='ocrx_word' id='word_1_202' title='bbox 2154 1387 2249 1429; x_wconf 91' lang='lat' dir='ltr'><strong>loco</strong></span> <span class='ocrx_word' id='word_1_203' title='bbox 2280 1388 2419 1430; x_wconf 88' lang='lat' dir='ltr'><strong>medio</strong></span> <span class='ocrx_word' id='word_1_204' title='bbox 2445 1388 2518 1431; x_wconf 91' lang='lat' dir='ltr'><strong>de-</strong></span> 
     </span>
     <span class='ocr_line' id='line_1_17' title="bbox 294 1457 2515 1515; baseline 0 -14"><span class='ocrx_word' id='word_1_205' title='bbox 294 1459 403 1502; x_wconf 88' lang='lat' dir='ltr'><strong>cedit</strong></span> <span class='ocrx_word' id='word_1_206' title='bbox 413 1463 601 1515; x_wconf 85' lang='lat' dir='ltr'><strong>propter</strong></span> <span class='ocrx_word' id='word_1_207' title='bbox 623 1457 886 1501; x_wconf 87' lang='lat' dir='ltr'><strong>Pontificem.</strong></span> <span class='ocrx_word' id='word_1_208' title='bbox 917 1458 1093 1500; x_wconf 87' lang='lat' dir='ltr'><strong>Goarius</strong></span> <span class='ocrx_word' id='word_1_209' title='bbox 1115 1471 1159 1514; x_wconf 91' lang='lat' dir='ltr'><strong>p.</strong></span> <span class='ocrx_word' id='word_1_210' title='bbox 1192 1459 1288 1500; x_wconf 88' lang='grc'><strong>108.</strong></span> <span class='ocrx_word' id='word_1_211' title='bbox 1309 1462 1448 1500; x_wconf 87' lang='lat' dir='ltr'><strong>narrat</strong></span> <span class='ocrx_word' id='word_1_212' title='bbox 1467 1457 1562 1499; x_wconf 87' lang='lat' dir='ltr'><strong>heic</strong></span> <span class='ocrx_word' id='word_1_213' title='bbox 1581 1457 1672 1499; x_wconf 90' lang='lat' dir='ltr'><strong>fieri</strong></span> <span class='ocrx_word' id='word_1_214' title='bbox 1694 1457 1897 1511; x_wconf 86' lang='lat' dir='ltr'><strong>evangelii</strong></span> <span class='ocrx_word' id='word_1_215' title='bbox 1920 1457 2271 1499; x_wconf 87' lang='lat' dir='ltr'><strong>introductionem</strong></span> <span class='ocrx_word' id='word_1_216' title='bbox 2293 1458 2346 1500; x_wconf 92' lang='lat' dir='ltr'><strong>ad</strong></span> <span class='ocrx_word' id='word_1_217' title='bbox 2368 1459 2515 1514; x_wconf 85' lang='lat' dir='ltr'><strong>altare,</strong></span> 
     </span>
     <span class='ocr_line' id='line_1_18' title="bbox 294 1515 2518 1584; baseline 0 -13"><span class='ocrx_word' id='word_1_218' title='bbox 294 1542 389 1571; x_wconf 79' lang='lat' dir='ltr'><strong>cuni</strong></span> <span class='ocrx_word' id='word_1_219' title='bbox 413 1529 674 1584; x_wconf 85' lang='lat' dir='ltr'><strong>procedendi</strong></span> <span class='ocrx_word' id='word_1_220' title='bbox 701 1533 879 1583; x_wconf 85' lang='lat' dir='ltr'><strong>augusto</strong></span> <span class='ocrx_word' id='word_1_221' title='bbox 909 1529 1018 1581; x_wconf 90' lang='lat' dir='ltr'><strong>ritu,</strong></span> <span class='ocrx_word' id='word_1_222' title='bbox 1041 1529 1116 1583; x_wconf 90' lang='lat' dir='ltr'><strong>qui</strong></span> <span class='ocrx_word' id='word_1_223' title='bbox 1146 1528 1300 1571; x_wconf 90' lang='lat' dir='ltr'><strong>dicitur</strong></span> <span class='ocrx_word' id='word_1_224' title='bbox 1331 1515 1411 1566; x_wconf 68' lang='grc' dir='ltr'><strong>εἷσε</strong></span> <span class='ocrx_word' id='word_1_225' title='bbox 1397 1519 1494 1569; x_wconf 71' lang='grc' dir='ltr'><strong>ὄσς</strong></span> <span class='ocrx_word' id='word_1_226' title='bbox 1527 1529 1727 1583; x_wconf 85' lang='lat' dir='ltr'><strong>Stipant</strong></span> <span class='ocrx_word' id='word_1_227' title='bbox 1768 1529 2011 1583; x_wconf 88' lang='lat' dir='ltr'><strong>episcopum</strong></span> <span class='ocrx_word' id='word_1_228' title='bbox 2042 1528 2264 1582; x_wconf 87' lang='lat' dir='ltr'><strong>diaconus,</strong></span> <span class='ocrx_word' id='word_1_229' title='bbox 2296 1529 2350 1571; x_wconf 87' lang='lat' dir='ltr'><strong>ab</strong></span> <span class='ocrx_word' id='word_1_230' title='bbox 2379 1531 2518 1573; x_wconf 84' lang='lat' dir='ltr'><strong>orario</strong></span> 
     </span>
     <span class='ocr_line' id='line_1_19' title="bbox 294 1582 2517 1653; baseline 0 -12"><span class='ocrx_word' id='word_1_231' title='bbox 294 1612 363 1641; x_wconf 88' lang='lat' dir='ltr'><strong>seu</strong></span> <span class='ocrx_word' id='word_1_232' title='bbox 386 1600 494 1643; x_wconf 90' lang='lat' dir='ltr'><strong>stola</strong></span> <span class='ocrx_word' id='word_1_233' title='bbox 519 1600 767 1651; x_wconf 89' lang='lat' dir='ltr'><strong>denotatus,</strong></span> <span class='ocrx_word' id='word_1_234' title='bbox 792 1596 834 1642; x_wconf 80' lang='lat' dir='ltr'><strong>et</strong></span> <span class='ocrx_word' id='word_1_235' title='bbox 855 1599 1162 1651; x_wconf 80' lang='lat' dir='ltr'><strong>subdiaconus,</strong></span> <span class='ocrx_word' id='word_1_236' title='bbox 1187 1613 1282 1642; x_wconf 90' lang='lat' dir='ltr'><strong>cum</strong></span> <span class='ocrx_word' id='word_1_237' title='bbox 1305 1600 1433 1642; x_wconf 89' lang='lat' dir='ltr'><strong>cereis</strong></span> <span class='ocrx_word' id='word_1_238' title='bbox 1459 1598 1724 1650; x_wconf 87' lang='lat' dir='ltr'><strong>ardentibus,</strong></span> <span class='ocrx_word' id='word_1_239' title='bbox 1750 1611 1857 1653; x_wconf 82' lang='lat' dir='ltr'><strong>quae</strong></span> <span class='ocrx_word' id='word_1_240' title='bbox 1886 1582 2100 1648; x_wconf 74' lang='grc' dir='ltr'><strong>μανευάλια</strong></span> <span class='ocrx_word' id='word_1_241' title='bbox 2130 1599 2212 1642; x_wconf 91' lang='lat' dir='ltr'><strong>dici</strong></span> <span class='ocrx_word' id='word_1_242' title='bbox 2231 1600 2385 1642; x_wconf 84' lang='lat' dir='ltr'><strong>solent.</strong></span> <span class='ocrx_word' id='word_1_243' title='bbox 2417 1602 2517 1643; x_wconf 85' lang='lat' dir='ltr'><strong>Rem</strong></span> 
     </span>
     <span class='ocr_line' id='line_1_20' title="bbox 296 1668 2517 1724; baseline 0 -12"><span class='ocrx_word' id='word_1_244' title='bbox 296 1674 492 1712; x_wconf 88' lang='lat' dir='ltr'><strong>accurate</strong></span> <span class='ocrx_word' id='word_1_245' title='bbox 520 1670 717 1712; x_wconf 83' lang='lat' dir='ltr'><strong>describit</strong></span> <span class='ocrx_word' id='word_1_246' title='bbox 746 1669 913 1713; x_wconf 84' lang='lat' dir='ltr'><strong>Simeon</strong></span> <span class='ocrx_word' id='word_1_247' title='bbox 941 1670 1069 1712; x_wconf 85' lang='lat' dir='ltr'><strong>thess.</strong></span> <span class='ocrx_word' id='word_1_248' title='bbox 1096 1669 1207 1724; x_wconf 89' lang='lat' dir='ltr'><strong>apud</strong></span> <span class='ocrx_word' id='word_1_249' title='bbox 1230 1670 1406 1712; x_wconf 87' lang='lat' dir='ltr'><strong>eundem</strong></span> <span class='ocrx_word' id='word_1_250' title='bbox 1431 1670 1626 1715; x_wconf 86' lang='lat' dir='ltr'><strong>Goarium</strong></span> <span class='ocrx_word' id='word_1_251' title='bbox 1658 1681 1700 1722; x_wconf 90' lang='lat' dir='ltr'><strong>p.</strong></span> <span class='ocrx_word' id='word_1_252' title='bbox 1736 1670 1813 1710; x_wconf 83' lang='grc'><strong>186</strong></span> <span class='ocrx_word' id='word_1_253' title='bbox 1863 1668 1972 1720; x_wconf 87' lang='lat' dir='ltr'><strong>Quid</strong></span> <span class='ocrx_word' id='word_1_254' title='bbox 1994 1674 2055 1711; x_wconf 90' lang='lat' dir='ltr'><strong>est</strong></span> <span class='ocrx_word' id='word_1_255' title='bbox 2080 1674 2217 1711; x_wconf 87' lang='lat' dir='ltr'><strong>autem</strong></span> <span class='ocrx_word' id='word_1_256' title='bbox 2245 1670 2361 1724; x_wconf 90' lang='lat' dir='ltr'><strong>quod</strong></span> <span class='ocrx_word' id='word_1_257' title='bbox 2382 1671 2517 1724; x_wconf 89' lang='lat' dir='ltr'><strong>angeli</strong></span> 
     </span>
     <span class='ocr_line' id='line_1_21' title="bbox 292 1734 2518 1796; baseline 0 -15"><span class='ocrx_word' id='word_1_258' title='bbox 292 1745 459 1793; x_wconf 86' lang='lat' dir='ltr'><strong>gestant</strong></span> <span class='ocrx_word' id='word_1_259' title='bbox 485 1734 586 1783; x_wconf 76' lang='lat' dir='ltr'><strong>tumv</strong></span> <span class='ocrx_word' id='word_1_260' title='bbox 614 1741 856 1796; x_wconf 81' lang='lat' dir='ltr'><strong>episcopum</strong></span> <span class='ocrx_word' id='word_1_261' title='bbox 891 1745 981 1782; x_wconf 87' lang='lat' dir='ltr'><strong>tum</strong></span> <span class='ocrx_word' id='word_1_262' title='bbox 1011 1741 1134 1782; x_wconf 87' lang='lat' dir='ltr'><strong>ctiam</strong></span> <span class='ocrx_word' id='word_1_263' title='bbox 1166 1740 1453 1782; x_wconf 77' lang='lat' dir='ltr'><strong>sacerdotem?</strong></span> <span class='ocrx_word' id='word_1_264' title='bbox 1485 1741 1708 1791; x_wconf 83' lang='lat' dir='ltr'><strong>Nimirum,</strong></span> <span class='ocrx_word' id='word_1_265' title='bbox 1742 1739 1840 1793; x_wconf 87' lang='lat' dir='ltr'><strong>quia</strong></span> <span class='ocrx_word' id='word_1_266' title='bbox 1866 1738 1922 1782; x_wconf 87' lang='lat' dir='ltr'><strong>ait</strong></span> <span class='ocrx_word' id='word_1_267' title='bbox 1954 1741 2142 1790; x_wconf 87' lang='lat' dir='ltr'><strong>Simeon,</strong></span> <span class='ocrx_word' id='word_1_268' title='bbox 2175 1740 2374 1790; x_wconf 89' lang='lat' dir='ltr'><strong>diaconos</strong></span> <span class='ocrx_word' id='word_1_269' title='bbox 2399 1742 2518 1795; x_wconf 84' lang='lat' dir='ltr'><strong>fungi</strong></span> 
     </span>
     <span class='ocr_line' id='line_1_22' title="bbox 295 1811 2515 1866; baseline 0.001 -14"><span class='ocrx_word' id='word_1_270' title='bbox 295 1814 384 1855; x_wconf 79' lang='lat' dir='ltr'><strong>vice</strong></span> <span class='ocrx_word' id='word_1_271' title='bbox 408 1812 650 1866; x_wconf 86' lang='lat' dir='ltr'><strong>angelorum</strong></span> <span class='ocrx_word' id='word_1_272' title='bbox 666 1841 678 1864; x_wconf 92' lang='lat'>‚</span> <span class='ocrx_word' id='word_1_273' title='bbox 703 1812 842 1865; x_wconf 88' lang='lat' dir='ltr'><strong>pictor</strong></span> <span class='ocrx_word' id='word_1_274' title='bbox 869 1816 1012 1852; x_wconf 89' lang='lat' dir='ltr'><strong>noster</strong></span> <span class='ocrx_word' id='word_1_275' title='bbox 1033 1811 1224 1864; x_wconf 88' lang='lat' dir='ltr'><strong>elegante</strong></span> <span class='ocrx_word' id='word_1_276' title='bbox 1245 1811 1459 1852; x_wconf 80' lang='lat' dir='ltr'><strong>metathesi</strong></span> <span class='ocrx_word' id='word_1_277' title='bbox 1489 1811 1660 1863; x_wconf 86' lang='lat' dir='ltr'><strong>angelos</strong></span> <span class='ocrx_word' id='word_1_278' title='bbox 1681 1811 1794 1864; x_wconf 87' lang='lat' dir='ltr'><strong>ipsos</strong></span> <span class='ocrx_word' id='word_1_279' title='bbox 1820 1812 1941 1864; x_wconf 88' lang='lat' dir='ltr'><strong>ponit</strong></span> <span class='ocrx_word' id='word_1_280' title='bbox 1964 1823 2042 1864; x_wconf 90' lang='lat' dir='ltr'><strong>pro</strong></span> <span class='ocrx_word' id='word_1_281' title='bbox 2067 1811 2269 1853; x_wconf 88' lang='lat' dir='ltr'><strong>diaconis.</strong></span> <span class='ocrx_word' id='word_1_282' title='bbox 2300 1813 2457 1854; x_wconf 83' lang='lat' dir='ltr'><strong>Rursus</strong></span> <span class='ocrx_word' id='word_1_283' title='bbox 2474 1813 2515 1854; x_wconf 89' lang='lat' dir='ltr'><strong>in</strong></span> 
     </span>
     <span class='ocr_line' id='line_1_23' title="bbox 294 1875 2516 1936; baseline -0 -11"><span class='ocrx_word' id='word_1_284' title='bbox 294 1884 371 1925; x_wconf 85' lang='lat' dir='ltr'><strong>hac</strong></span> <span class='ocrx_word' id='word_1_285' title='bbox 400 1883 579 1936; x_wconf 85' lang='lat' dir='ltr'><strong>imagine</strong></span> <span class='ocrx_word' id='word_1_286' title='bbox 605 1882 794 1935; x_wconf 85' lang='lat' dir='ltr'><strong>picturae</strong></span> <span class='ocrx_word' id='word_1_287' title='bbox 823 1875 984 1922; x_wconf 86' lang='lat' dir='ltr'><strong>nobiles</strong></span> <span class='ocrx_word' id='word_1_288' title='bbox 1009 1881 1054 1922; x_wconf 92' lang='lat' dir='ltr'><strong>in</strong></span> <span class='ocrx_word' id='word_1_289' title='bbox 1078 1881 1252 1922; x_wconf 89' lang='lat' dir='ltr'><strong>bematis</strong></span> <span class='ocrx_word' id='word_1_290' title='bbox 1270 1881 1486 1933; x_wconf 87' lang='lat' dir='ltr'><strong>tabulato,</strong></span> <span class='ocrx_word' id='word_1_291' title='bbox 1513 1881 1666 1923; x_wconf 83' lang='lat' dir='ltr'><strong>Christi</strong></span> <span class='ocrx_word' id='word_1_292' title='bbox 1693 1880 1851 1923; x_wconf 89' lang='lat' dir='ltr'><strong>domini</strong></span> <span class='ocrx_word' id='word_1_293' title='bbox 1874 1893 1921 1922; x_wconf 85' lang='lat' dir='ltr'><strong>ac</strong></span> <span class='ocrx_word' id='word_1_294' title='bbox 1940 1881 2083 1922; x_wconf 87' lang='lat' dir='ltr'><strong>beatae</strong></span> <span class='ocrx_word' id='word_1_295' title='bbox 2107 1883 2268 1925; x_wconf 79' lang='lat' dir='ltr'><strong>Mariae.</strong></span> <span class='ocrx_word' id='word_1_296' title='bbox 2301 1883 2350 1923; x_wconf 91' lang='lat' dir='ltr'><strong>In</strong></span> <span class='ocrx_word' id='word_1_297' title='bbox 2371 1882 2516 1924; x_wconf 83' lang='lat' dir='ltr'><strong>dextro</strong></span> 
     </span>
     <span class='ocr_line' id='line_1_24' title="bbox 291 1950 2518 2011; baseline -0 -16"><span class='ocrx_word' id='word_1_298' title='bbox 291 1954 422 1995; x_wconf 87' lang='lat' dir='ltr'><strong>latere</strong></span> <span class='ocrx_word' id='word_1_299' title='bbox 449 1952 620 1993; x_wconf 87' lang='lat' dir='ltr'><strong>videtur</strong></span> <span class='ocrx_word' id='word_1_300' title='bbox 643 1950 828 1992; x_wconf 86' lang='lat' dir='ltr'><strong>Adamus</strong></span> <span class='ocrx_word' id='word_1_301' title='bbox 847 1951 1025 1993; x_wconf 88' lang='lat' dir='ltr'><strong>frondea</strong></span> <span class='ocrx_word' id='word_1_302' title='bbox 1055 1964 1162 2011; x_wconf 88' lang='lat' dir='ltr'><strong>zona</strong></span> <span class='ocrx_word' id='word_1_303' title='bbox 1185 1950 1469 2006; x_wconf 74' lang='lat' dir='ltr'><strong>praecinctus,</strong></span> <span class='ocrx_word' id='word_1_304' title='bbox 1491 1953 1534 1994; x_wconf 85' lang='lat' dir='ltr'><strong>in</strong></span> <span class='ocrx_word' id='word_1_305' title='bbox 1555 1952 1722 1993; x_wconf 88' lang='lat' dir='ltr'><strong>sinistro</strong></span> <span class='ocrx_word' id='word_1_306' title='bbox 1751 1956 1887 1997; x_wconf 87' lang='lat' dir='ltr'><strong>autem</strong></span> <span class='ocrx_word' id='word_1_307' title='bbox 1917 1951 2035 1993; x_wconf 87' lang='lat' dir='ltr'><strong>divus</strong></span> <span class='ocrx_word' id='word_1_308' title='bbox 2065 1951 2230 2005; x_wconf 88' lang='lat' dir='ltr'><strong>quidam</strong></span> <span class='ocrx_word' id='word_1_309' title='bbox 2252 1952 2418 1994; x_wconf 86' lang='lat' dir='ltr'><strong>militari</strong></span> <span class='ocrx_word' id='word_1_310' title='bbox 2446 1953 2518 1994; x_wconf 88' lang='lat' dir='ltr'><strong>ha-</strong></span> 
     </span>
     <span class='ocr_line' id='line_1_25' title="bbox 291 2020 2517 2076; baseline -0 -11"><span class='ocrx_word' id='word_1_311' title='bbox 291 2023 410 2076; x_wconf 88' lang='lat' dir='ltr'><strong>bitu,</strong></span> <span class='ocrx_word' id='word_1_312' title='bbox 441 2027 610 2064; x_wconf 87' lang='lat' dir='ltr'><strong>sanctus</strong></span> <span class='ocrx_word' id='word_1_313' title='bbox 640 2022 847 2076; x_wconf 85' lang='lat' dir='ltr'><strong>Georgius</strong></span> <span class='ocrx_word' id='word_1_314' title='bbox 880 2020 1080 2076; x_wconf 81' lang='lat' dir='ltr'><strong>sortasse,</strong></span> <span class='ocrx_word' id='word_1_315' title='bbox 1113 2027 1184 2064; x_wconf 90' lang='lat' dir='ltr'><strong>aut</strong></span> <span class='ocrx_word' id='word_1_316' title='bbox 1212 2024 1468 2076; x_wconf 88' lang='lat' dir='ltr'><strong>Demetrius,</strong></span> <span class='ocrx_word' id='word_1_317' title='bbox 1501 2023 1568 2064; x_wconf 86' lang='lat' dir='ltr'><strong>vel</strong></span> <span class='ocrx_word' id='word_1_318' title='bbox 1599 2022 1775 2076; x_wconf 86' lang='lat' dir='ltr'><strong>quilibet</strong></span> <span class='ocrx_word' id='word_1_319' title='bbox 1806 2022 2004 2076; x_wconf 86' lang='lat' dir='ltr'><strong>peculiari</strong></span> <span class='ocrx_word' id='word_1_320' title='bbox 2033 2027 2105 2064; x_wconf 89' lang='lat' dir='ltr'><strong>aut</strong></span> <span class='ocrx_word' id='word_1_321' title='bbox 2136 2022 2268 2076; x_wconf 87' lang='lat' dir='ltr'><strong>patria</strong></span> <span class='ocrx_word' id='word_1_322' title='bbox 2295 2022 2517 2064; x_wconf 85' lang='lat' dir='ltr'><strong>devotione</strong></span> 
     </span>
     <span class='ocr_line' id='line_1_26' title="bbox 291 2091 2519 2154; baseline 0 -19"><span class='ocrx_word' id='word_1_323' title='bbox 291 2091 446 2136; x_wconf 89' lang='lat' dir='ltr'><strong>cultus.</strong></span> <span class='ocrx_word' id='word_1_324' title='bbox 479 2091 642 2135; x_wconf 87' lang='lat' dir='ltr'><strong>Bemati</strong></span> <span class='ocrx_word' id='word_1_325' title='bbox 662 2093 882 2147; x_wconf 73' lang='lat' dir='ltr'><strong>impositae</strong></span> <span class='ocrx_word' id='word_1_326' title='bbox 907 2093 1099 2135; x_wconf 85' lang='lat' dir='ltr'><strong>ardentes</strong></span> <span class='ocrx_word' id='word_1_327' title='bbox 1118 2093 1301 2147; x_wconf 86' lang='lat' dir='ltr'><strong>faculae,</strong></span> <span class='ocrx_word' id='word_1_328' title='bbox 1327 2096 1445 2148; x_wconf 89' lang='lat' dir='ltr'><strong>quasi</strong></span> <span class='ocrx_word' id='word_1_329' title='bbox 1464 2094 1607 2135; x_wconf 87' lang='lat' dir='ltr'><strong>missae</strong></span> <span class='ocrx_word' id='word_1_330' title='bbox 1627 2093 1838 2134; x_wconf 88' lang='lat' dir='ltr'><strong>sollemnis</strong></span> <span class='ocrx_word' id='word_1_331' title='bbox 1858 2093 2029 2135; x_wconf 89' lang='lat' dir='ltr'><strong>indices.</strong></span> <span class='ocrx_word' id='word_1_332' title='bbox 2059 2093 2310 2154; x_wconf 21' lang='lat' dir='ltr'><strong>Iunnubibus</strong></span> <span class='ocrx_word' id='word_1_333' title='bbox 2334 2094 2519 2135; x_wconf 87' lang='lat' dir='ltr'><strong>Christus</strong></span> 
     </span>
     <span class='ocr_line' id='line_1_27' title="bbox 293 2162 2515 2218; baseline 0 -14"><span class='ocrx_word' id='word_1_334' title='bbox 293 2164 378 2204; x_wconf 88' lang='lat' dir='ltr'><strong>ritu</strong></span> <span class='ocrx_word' id='word_1_335' title='bbox 408 2173 562 2216; x_wconf 88' lang='lat' dir='ltr'><strong>graeco</strong></span> <span class='ocrx_word' id='word_1_336' title='bbox 586 2162 857 2205; x_wconf 91' lang='lat' dir='ltr'><strong>benedicens.</strong></span> <span class='ocrx_word' id='word_1_337' title='bbox 889 2164 1021 2218; x_wconf 87' lang='lat' dir='ltr'><strong>Supra</strong></span> <span class='ocrx_word' id='word_1_338' title='bbox 1046 2163 1222 2206; x_wconf 89' lang='lat' dir='ltr'><strong>bematis</strong></span> <span class='ocrx_word' id='word_1_339' title='bbox 1252 2169 1416 2218; x_wconf 88' lang='lat' dir='ltr'><strong>portam</strong></span> <span class='ocrx_word' id='word_1_340' title='bbox 1443 2163 1706 2205; x_wconf 87' lang='lat' dir='ltr'><strong>caenaculum</strong></span> <span class='ocrx_word' id='word_1_341' title='bbox 1729 2175 1822 2204; x_wconf 91' lang='lat' dir='ltr'><strong>cum</strong></span> <span class='ocrx_word' id='word_1_342' title='bbox 1846 2175 2009 2214; x_wconf 90' lang='lat' dir='ltr'><strong>mensa,</strong></span> <span class='ocrx_word' id='word_1_343' title='bbox 2034 2163 2317 2204; x_wconf 71' lang='lat' dir='ltr'><strong>adsidentibus</strong></span> <span class='ocrx_word' id='word_1_344' title='bbox 2337 2164 2515 2217; x_wconf 87' lang='lat' dir='ltr'><strong>augelis,</strong></span> 
     </span>
     <span class='ocr_line' id='line_1_28' title="bbox 294 2224 2513 2288; baseline -0.001 -14"><span class='ocrx_word' id='word_1_345' title='bbox 294 2233 410 2274; x_wconf 82' lang='lat' dir='ltr'><strong>iuxta</strong></span> <span class='ocrx_word' id='word_1_346' title='bbox 437 2232 566 2275; x_wconf 86' lang='lat' dir='ltr'><strong>illud:</strong></span> <span class='ocrx_word' id='word_1_347' title='bbox 594 2246 740 2286; x_wconf 78' lang='lat' dir='ltr'><strong>panem</strong></span> <span class='ocrx_word' id='word_1_348' title='bbox 770 2235 999 2286; x_wconf 78' lang='lat' dir='ltr'><strong>anqelorum</strong></span> <span class='ocrx_word' id='word_1_349' title='bbox 1030 2236 1280 2283; x_wconf 73' lang='lat' dir='ltr'><strong>manducavit</strong></span> <span class='ocrx_word' id='word_1_350' title='bbox 1306 2235 1432 2275; x_wconf 78' lang='lat' dir='ltr'><strong>Immo.</strong></span> <span class='ocrx_word' id='word_1_351' title='bbox 1467 2234 1603 2274; x_wconf 88' lang='lat' dir='ltr'><strong>Docet</strong></span> <span class='ocrx_word' id='word_1_352' title='bbox 1630 2237 1768 2274; x_wconf 84' lang='lat' dir='ltr'><strong>autem</strong></span> <span class='ocrx_word' id='word_1_353' title='bbox 1797 2231 2148 2288; x_wconf 13' lang='lat' dir='ltr'><strong>noswAudidensis</strong></span> <span class='ocrx_word' id='word_1_354' title='bbox 2172 2246 2286 2274; x_wconf 90' lang='lat' dir='ltr'><strong>num.</strong></span> <span class='ocrx_word' id='word_1_355' title='bbox 2311 2224 2356 2274; x_wconf 51' lang='grc' dir='ltr'><strong>ν4.</strong></span> <span class='ocrx_word' id='word_1_356' title='bbox 2382 2238 2423 2274; x_wconf 88' lang='lat' dir='ltr'><strong>et</strong></span> <span class='ocrx_word' id='word_1_357' title='bbox 2449 2235 2513 2275; x_wconf 90' lang='lat'><strong>18.</strong></span> 
     </span>
     <span class='ocr_line' id='line_1_29' title="bbox 291 2303 2517 2366; baseline -0 -20"><span class='ocrx_word' id='word_1_358' title='bbox 291 2316 411 2346; x_wconf 85' lang='lat' dir='ltr'><strong>sacru</strong></span> <span class='ocrx_word' id='word_1_359' title='bbox 430 2316 595 2356; x_wconf 71' lang='lat' dir='ltr'><strong>mensa,</strong></span> <span class='ocrx_word' id='word_1_360' title='bbox 621 2305 709 2366; x_wconf 77' lang='lat' dir='ltr'><strong>sive</strong></span> <span class='ocrx_word' id='word_1_361' title='bbox 730 2304 877 2356; x_wconf 89' lang='lat' dir='ltr'><strong>altari,</strong></span> <span class='ocrx_word' id='word_1_362' title='bbox 900 2309 990 2346; x_wconf 91' lang='lat' dir='ltr'><strong>tum</strong></span> <span class='ocrx_word' id='word_1_363' title='bbox 1018 2305 1254 2359; x_wconf 88' lang='lat' dir='ltr'><strong>sepulcrum</strong></span> <span class='ocrx_word' id='word_1_364' title='bbox 1270 2304 1445 2355; x_wconf 57' lang='lat' dir='ltr'><strong>„Domini</strong></span> <span class='ocrx_word' id='word_1_365' title='bbox 1466 2303 1689 2357; x_wconf 86' lang='lat' dir='ltr'><strong>significari</strong></span> <span class='ocrx_word' id='word_1_366' title='bbox 1710 2308 1797 2344; x_wconf 90' lang='lat' dir='ltr'><strong>tum</strong></span> <span class='ocrx_word' id='word_1_367' title='bbox 1822 2304 1944 2344; x_wconf 89' lang='lat' dir='ltr'><strong>etiam</strong></span> <span class='ocrx_word' id='word_1_368' title='bbox 1966 2303 2247 2344; x_wconf 88' lang='lat' dir='ltr'><strong>caenaculum.</strong></span> <span class='ocrx_word' id='word_1_369' title='bbox 2281 2304 2421 2345; x_wconf 89' lang='lat' dir='ltr'><strong>Pictor</strong></span> <span class='ocrx_word' id='word_1_370' title='bbox 2441 2305 2517 2345; x_wconf 85' lang='lat' dir='ltr'><strong>ita-</strong></span> 
     </span>
     <span class='ocr_line' id='line_1_30' title="bbox 291 2367 2518 2430; baseline -0.001 -13"><span class='ocrx_word' id='word_1_371' title='bbox 291 2387 374 2429; x_wconf 91' lang='lat' dir='ltr'><strong>que</strong></span> <span class='ocrx_word' id='word_1_372' title='bbox 403 2380 547 2418; x_wconf 86' lang='lat' dir='ltr'><strong>noster</strong></span> <span class='ocrx_word' id='word_1_373' title='bbox 574 2376 618 2417; x_wconf 90' lang='lat' dir='ltr'><strong>in</strong></span> <span class='ocrx_word' id='word_1_374' title='bbox 648 2375 830 2418; x_wconf 81' lang='lat' dir='ltr'><strong>secunda</strong></span> <span class='ocrx_word' id='word_1_375' title='bbox 858 2376 1012 2418; x_wconf 86' lang='lat' dir='ltr'><strong>tabella</strong></span> <span class='ocrx_word' id='word_1_376' title='bbox 1040 2377 1279 2430; x_wconf 88' lang='lat' dir='ltr'><strong>sepulcrum</strong></span> <span class='ocrx_word' id='word_1_377' title='bbox 1309 2375 1557 2427; x_wconf 87' lang='lat' dir='ltr'><strong>delineavit,</strong></span> <span class='ocrx_word' id='word_1_378' title='bbox 1588 2376 1634 2416; x_wconf 89' lang='lat' dir='ltr'><strong>in</strong></span> <span class='ocrx_word' id='word_1_379' title='bbox 1662 2375 1742 2416; x_wconf 91' lang='lat' dir='ltr'><strong>hac</strong></span> <span class='ocrx_word' id='word_1_380' title='bbox 1771 2379 1908 2416; x_wconf 88' lang='lat' dir='ltr'><strong>autem</strong></span> <span class='ocrx_word' id='word_1_381' title='bbox 1942 2375 2064 2416; x_wconf 82' lang='lat' dir='ltr'><strong>tertia</strong></span> <span class='ocrx_word' id='word_1_382' title='bbox 2094 2375 2380 2428; x_wconf 88' lang='lat' dir='ltr'><strong>caenaculum,</strong></span> <span class='ocrx_word' id='word_1_383' title='bbox 2414 2367 2518 2429; x_wconf 85' lang='lat' dir='ltr'><strong>quae</strong></span> 
     </span>
     <span class='ocr_line' id='line_1_31' title="bbox 292 2436 2518 2499; baseline 0 -14"><span class='ocrx_word' id='word_1_384' title='bbox 292 2449 393 2486; x_wconf 88' lang='lat' dir='ltr'><strong>sunt.</strong></span> <span class='ocrx_word' id='word_1_385' title='bbox 413 2450 459 2485; x_wconf 90' lang='lat' dir='ltr'><strong>ut</strong></span> <span class='ocrx_word' id='word_1_386' title='bbox 481 2445 734 2487; x_wconf 83' lang='lat' dir='ltr'><strong>diximus-ah</strong></span> <span class='ocrx_word' id='word_1_387' title='bbox 761 2445 880 2487; x_wconf 86' lang='lat' dir='ltr'><strong>altari</strong></span> <span class='ocrx_word' id='word_1_388' title='bbox 903 2447 1150 2499; x_wconf 85' lang='lat' dir='ltr'><strong>significata.</strong></span> <span class='ocrx_word' id='word_1_389' title='bbox 1184 2447 1310 2488; x_wconf 84' lang='lat' dir='ltr'><strong>Humi</strong></span> <span class='ocrx_word' id='word_1_390' title='bbox 1336 2447 1379 2488; x_wconf 89' lang='lat' dir='ltr'><strong>in</strong></span> <span class='ocrx_word' id='word_1_391' title='bbox 1401 2447 1566 2487; x_wconf 77' lang='lat' dir='ltr'><strong>sinistro</strong></span> <span class='ocrx_word' id='word_1_392' title='bbox 1590 2446 1714 2486; x_wconf 89' lang='lat' dir='ltr'><strong>latere</strong></span> <span class='ocrx_word' id='word_1_393' title='bbox 1741 2449 1853 2486; x_wconf 86' lang='lat' dir='ltr'><strong>stans</strong></span> <span class='ocrx_word' id='word_1_394' title='bbox 1874 2436 2216 2495; x_wconf 84' lang='lat' dir='ltr'><strong>archimandrita,</strong></span> <span class='ocrx_word' id='word_1_395' title='bbox 2242 2444 2428 2486; x_wconf 89' lang='lat' dir='ltr'><strong>nimbato</strong></span> <span class='ocrx_word' id='word_1_396' title='bbox 2451 2438 2518 2486; x_wconf 33' lang='lat' dir='ltr'><strong>ca*-</strong></span> 
     </span>
     <span class='ocr_line' id='line_1_32' title="bbox 292 2513 2514 2574; baseline 0.001 -21"><span class='ocrx_word' id='word_1_397' title='bbox 292 2515 406 2566; x_wconf 89' lang='lat' dir='ltr'><strong>pite‚</strong></span> <span class='ocrx_word' id='word_1_398' title='bbox 427 2514 483 2554; x_wconf 84' lang='lat' dir='ltr'><strong>ita</strong></span> <span class='ocrx_word' id='word_1_399' title='bbox 506 2519 554 2554; x_wconf 90' lang='lat' dir='ltr'><strong>ut</strong></span> <span class='ocrx_word' id='word_1_400' title='bbox 574 2514 767 2555; x_wconf 82' lang='lat' dir='ltr'><strong>videatur</strong></span> <span class='ocrx_word' id='word_1_401' title='bbox 788 2513 909 2556; x_wconf 82' lang='lat' dir='ltr'><strong>divus</strong></span> <span class='ocrx_word' id='word_1_402' title='bbox 930 2515 1101 2574; x_wconf 87' lang='lat' dir='ltr'><strong>quidam</strong></span> <span class='ocrx_word' id='word_1_403' title='bbox 1127 2519 1138 2565; x_wconf 90' lang='lat'>(</span> <span class='ocrx_word' id='word_1_404' title='bbox 1155 2527 1408 2568; x_wconf 84' lang='lat' dir='ltr'><strong>quamquam</strong></span> <span class='ocrx_word' id='word_1_405' title='bbox 1428 2516 1550 2556; x_wconf 85' lang='lat' dir='ltr'><strong>etiam</strong></span> <span class='ocrx_word' id='word_1_406' title='bbox 1574 2514 1810 2555; x_wconf 85' lang='lat' dir='ltr'><strong>viventibus</strong></span> <span class='ocrx_word' id='word_1_407' title='bbox 1828 2513 2036 2554; x_wconf 88' lang='lat' dir='ltr'><strong>interdum</strong></span> <span class='ocrx_word' id='word_1_408' title='bbox 2060 2514 2225 2554; x_wconf 87' lang='lat' dir='ltr'><strong>nimbus</strong></span> <span class='ocrx_word' id='word_1_409' title='bbox 2247 2514 2514 2570; x_wconf 77' lang='lat' dir='ltr'><strong>appingitur)</strong></span> 
     </span>
     <span class='ocr_line' id='line_1_33' title="bbox 294 2582 2559 2642; baseline 0.001 -19"><span class='ocrx_word' id='word_1_410' title='bbox 294 2582 405 2636; x_wconf 89' lang='lat' dir='ltr'><strong>pedo</strong></span> <span class='ocrx_word' id='word_1_411' title='bbox 434 2583 634 2636; x_wconf 83' lang='lat' dir='ltr'><strong>pastorali</strong></span> <span class='ocrx_word' id='word_1_412' title='bbox 663 2583 751 2624; x_wconf 88' lang='lat' dir='ltr'><strong>sive</strong></span> <span class='ocrx_word' id='word_1_413' title='bbox 781 2584 1008 2625; x_wconf 87' lang='lat' dir='ltr'><strong>honorario</strong></span> <span class='ocrx_word' id='word_1_414' title='bbox 1038 2585 1204 2625; x_wconf 79' lang='lat' dir='ltr'><strong>innixus</strong></span> <span class='ocrx_word' id='word_1_415' title='bbox 1232 2585 1351 2626; x_wconf 88' lang='lat' dir='ltr'><strong>cuius</strong></span> <span class='ocrx_word' id='word_1_416' title='bbox 1385 2585 1518 2625; x_wconf 84' lang='lat' dir='ltr'><strong>forma</strong></span> <span class='ocrx_word' id='word_1_417' title='bbox 1553 2582 1696 2624; x_wconf 78' lang='lat' dir='ltr'><strong>diffeit</strong></span> <span class='ocrx_word' id='word_1_418' title='bbox 1728 2595 1752 2623; x_wconf 90' lang='lat' dir='ltr'><strong>a</strong></span> <span class='ocrx_word' id='word_1_419' title='bbox 1781 2582 1932 2635; x_wconf 85' lang='lat' dir='ltr'><strong>latina,</strong></span> <span class='ocrx_word' id='word_1_420' title='bbox 1966 2587 2012 2623; x_wconf 90' lang='lat' dir='ltr'><strong>ut</strong></span> <span class='ocrx_word' id='word_1_421' title='bbox 2043 2584 2209 2624; x_wconf 88' lang='lat' dir='ltr'><strong>scimus.</strong></span> <span class='ocrx_word' id='word_1_422' title='bbox 2245 2584 2516 2637; x_wconf 82' lang='lat' dir='ltr'><strong>Prosequitur</strong></span> <span class='ocrx_word' id='word_1_423' title='bbox 2555 2638 2559 2642; x_wconf 16' lang='grc' dir='ltr'>ἑ</span> 
     </span>
    </p>
   </div>
   <div class='ocr_carea' id='block_1_3' title="bbox 292 2639 2513 2777">
    <p class='ocr_par' dir='ltr' id='par_1_4' title="bbox 292 2639 2513 2777">
     <span class='ocr_line' id='line_1_34' title="bbox 292 2639 2513 2725; baseline -0 -32"><span class='ocrx_word' id='word_1_424' title='bbox 292 2654 495 2695; x_wconf 83' lang='lat' dir='ltr'><strong>visionem</strong></span> <span class='ocrx_word' id='word_1_425' title='bbox 523 2665 642 2694; x_wconf 87' lang='lat' dir='ltr'><strong>suam</strong></span> <span class='ocrx_word' id='word_1_426' title='bbox 663 2654 970 2725; x_wconf 86' lang='lat' dir='ltr'><strong>contemplator</strong></span> <span class='ocrx_word' id='word_1_427' title='bbox 998 2653 1347 2706; x_wconf 85' lang='lat' dir='ltr'><strong>archimandrita,</strong></span> <span class='ocrx_word' id='word_1_428' title='bbox 1371 2658 1419 2695; x_wconf 89' lang='lat' dir='ltr'><strong>ut</strong></span> <span class='ocrx_word' id='word_1_429' title='bbox 1447 2659 1510 2696; x_wconf 89' lang='lat' dir='ltr'><strong>est</strong></span> <span class='ocrx_word' id='word_1_430' title='bbox 1532 2653 1576 2694; x_wconf 90' lang='lat' dir='ltr'><strong>in</strong></span> <span class='ocrx_word' id='word_1_431' title='bbox 1581 2652 1852 2715; x_wconf 86' lang='lat' dir='ltr'><strong>epigraphe:</strong></span> <span class='ocrx_word' id='word_1_432' title='bbox 1887 2663 1952 2687; x_wconf 80' lang='grc' dir='ltr'><strong>και</strong></span> <span class='ocrx_word' id='word_1_433' title='bbox 1978 2644 2073 2689; x_wconf 82' lang='grc' dir='ltr'>ὅταν</span> <span class='ocrx_word' id='word_1_434' title='bbox 2100 2639 2243 2707; x_wconf 58' lang='grc' dir='ltr'>ἐρῥνθη</span> <span class='ocrx_word' id='word_1_435' title='bbox 2268 2664 2334 2699; x_wconf 85' lang='grc' dir='ltr'><strong>το,</strong></span> <span class='ocrx_word' id='word_1_436' title='bbox 2358 2640 2513 2705; x_wconf 78' lang='grc' dir='ltr'>ἀγαθον</span> 
     </span>
     <span class='ocr_line' id='line_1_35' title="bbox 294 2708 2511 2777; baseline 0 -19"><span class='ocrx_word' id='word_1_437' title='bbox 294 2733 338 2760; x_wconf 82' lang='grc' dir='ltr'><strong>το</strong></span> <span class='ocrx_word' id='word_1_438' title='bbox 372 2714 692 2775; x_wconf 76' lang='grc' dir='ltr'>ἑξομολογεισθαι</span> <span class='ocrx_word' id='word_1_439' title='bbox 724 2714 779 2774; x_wconf 78' lang='grc' dir='ltr'><strong>τῷ</strong></span> <span class='ocrx_word' id='word_1_440' title='bbox 807 2732 947 2776; x_wconf 81' lang='grc' dir='ltr'>κυριῳ,</span> <span class='ocrx_word' id='word_1_441' title='bbox 972 2710 1167 2777; x_wconf 78' lang='grc' dir='ltr'><strong>ἁπεκριθη</strong></span> <span class='ocrx_word' id='word_1_442' title='bbox 1200 2712 1219 2759; x_wconf 80' lang='grc' dir='ltr'>ὅ</span> <span class='ocrx_word' id='word_1_443' title='bbox 1255 2711 1442 2777; x_wconf 73' lang='grc' dir='ltr'><strong>ἄγγελες,</strong></span> <span class='ocrx_word' id='word_1_444' title='bbox 1466 2734 1534 2759; x_wconf 84' lang='grc' dir='ltr'><strong>και</strong></span> <span class='ocrx_word' id='word_1_445' title='bbox 1567 2731 1672 2759; x_wconf 79' lang='grc' dir='ltr'><strong>ειπεν</strong></span> <span class='ocrx_word' id='word_1_446' title='bbox 1698 2733 1738 2759; x_wconf 85' lang='grc' dir='ltr'><strong><em>τ</em></strong></span> <span class='ocrx_word' id='word_1_447' title='bbox 1723 2714 1810 2764; x_wconf 72' lang='grc' dir='ltr'><strong>εἷς</strong></span> <span class='ocrx_word' id='word_1_448' title='bbox 1799 2714 2054 2775; x_wconf 77' lang='grc' dir='ltr'><strong>παρεστῶσιν·</strong></span> <span class='ocrx_word' id='word_1_449' title='bbox 2082 2708 2318 2774; x_wconf 73' lang='grc' dir='ltr'>ἀγαθυνθητ</span> <span class='ocrx_word' id='word_1_450' title='bbox 2326 2732 2342 2758; x_wconf 86' lang='grc' dir='ltr'>ε</span> <span class='ocrx_word' id='word_1_451' title='bbox 2371 2708 2511 2765; x_wconf 77' lang='grc' dir='ltr'><strong>πάντες</strong></span> 
     </span>
    </p>
   </div>
   <div class='ocr_carea' id='block_1_4' title="bbox 289 2778 2512 3054">
    <p class='ocr_par' dir='ltr' id='par_1_5' title="bbox 289 2778 2512 3054">
     <span class='ocr_line' id='line_1_36' title="bbox 291 2778 2511 2858; baseline 0 -30"><span class='ocrx_word' id='word_1_452' title='bbox 291 2804 353 2829; x_wconf 81' lang='grc' dir='ltr'><strong>και</strong></span> <span class='ocrx_word' id='word_1_453' title='bbox 388 2778 632 2844; x_wconf 80' lang='grc' dir='ltr'>στηρῖχθητε</span> <span class='ocrx_word' id='word_1_454' title='bbox 665 2802 719 2834; x_wconf 84' lang='grc' dir='ltr'><strong>εις</strong></span> <span class='ocrx_word' id='word_1_455' title='bbox 751 2804 819 2831; x_wconf 83' lang='grc' dir='ltr'><strong>τον</strong></span> <span class='ocrx_word' id='word_1_456' title='bbox 847 2779 941 2848; x_wconf 72' lang='grc' dir='ltr'><strong>φέβο</strong></span> <span class='ocrx_word' id='word_1_457' title='bbox 943 2803 963 2829; x_wconf 90' lang='grc' dir='ltr'>ν</span> <span class='ocrx_word' id='word_1_458' title='bbox 995 2785 1063 2831; x_wconf 74' lang='grc' dir='ltr'><strong>τεῦ</strong></span> <span class='ocrx_word' id='word_1_459' title='bbox 1090 2784 1209 2838; x_wconf 80' lang='grc' dir='ltr'>θεσυ,</span> <span class='ocrx_word' id='word_1_460' title='bbox 1241 2804 1304 2828; x_wconf 78' lang='grc' dir='ltr'><strong>και</strong></span> <span class='ocrx_word' id='word_1_461' title='bbox 1337 2784 1392 2834; x_wconf 81' lang='grc' dir='ltr'><strong>εἷς</strong></span> <span class='ocrx_word' id='word_1_462' title='bbox 1425 2804 1494 2833; x_wconf 75' lang='grc' dir='ltr'><strong>την</strong></span> <span class='ocrx_word' id='word_1_463' title='bbox 1528 2778 1766 2858; x_wconf 77' lang='grc' dir='ltr'><strong>λειτουργιαν</strong></span> <span class='ocrx_word' id='word_1_464' title='bbox 1797 2782 1928 2828; x_wconf 64' lang='grc' dir='ltr'>αὐτ-εὗ.</span> <span class='ocrx_word' id='word_1_465' title='bbox 1954 2778 2090 2827; x_wconf 76' lang='lat' dir='ltr'><strong>Kou‘’</strong></span> <span class='ocrx_word' id='word_1_466' title='bbox 2069 2801 2165 2828; x_wconf 85' lang='grc' dir='ltr'>οταν</span> <span class='ocrx_word' id='word_1_467' title='bbox 2197 2784 2275 2829; x_wconf 80' lang='grc' dir='ltr'>εἷπε</span> <span class='ocrx_word' id='word_1_468' title='bbox 2279 2802 2320 2836; x_wconf 81' lang='lat' dir='ltr'><strong>v,</strong></span> <span class='ocrx_word' id='word_1_469' title='bbox 2347 2779 2365 2828; x_wconf 73' lang='grc' dir='ltr'><em>ὃ</em></span> <span class='ocrx_word' id='word_1_470' title='bbox 2390 2779 2511 2847; x_wconf 68' lang='grc' dir='ltr'>κύριε·</span> 
     </span>
     <span class='ocr_line' id='line_1_37' title="bbox 294 2848 2512 2922; baseline 0 -24"><span class='ocrx_word' id='word_1_471' title='bbox 294 2852 554 2909; x_wconf 70' lang='grc' dir='ltr'><strong>ἐβασίὶευσεν</strong></span> <span class='ocrx_word' id='word_1_472' title='bbox 577 2853 672 2914; x_wconf 83' lang='lat'><strong>(3),</strong></span> <span class='ocrx_word' id='word_1_473' title='bbox 697 2853 718 2899; x_wconf 89' lang='lat' dir='ltr'><strong>o‘</strong></span> <span class='ocrx_word' id='word_1_474' title='bbox 749 2851 915 2922; x_wconf 63' lang='grc' dir='ltr'><strong>ἄγγελος</strong></span> <span class='ocrx_word' id='word_1_475' title='bbox 949 2851 1036 2918; x_wconf 70' lang='grc' dir='ltr'><strong>ἔφη·</strong></span> <span class='ocrx_word' id='word_1_476' title='bbox 1067 2875 1127 2899; x_wconf 77' lang='grc' dir='ltr'><strong>και</strong></span> <span class='ocrx_word' id='word_1_477' title='bbox 1163 2855 1227 2899; x_wconf 77' lang='grc' dir='ltr'>ν’ὖν</span> <span class='ocrx_word' id='word_1_478' title='bbox 1259 2850 1495 2911; x_wconf 82' lang='grc' dir='ltr'>βασιλευει’</span> <span class='ocrx_word' id='word_1_479' title='bbox 1483 2872 1522 2898; x_wconf 91' lang='grc' dir='ltr'><strong>εν</strong></span> <span class='ocrx_word' id='word_1_480' title='bbox 1546 2854 1659 2911; x_wconf 73' lang='grc' dir='ltr'>ἧμιν·</span> <span class='ocrx_word' id='word_1_481' title='bbox 1687 2848 1940 2916; x_wconf 76' lang='grc' dir='ltr'><strong>εὐφραινεσθε</strong></span> <span class='ocrx_word' id='word_1_482' title='bbox 1965 2872 2027 2898; x_wconf 77' lang='grc' dir='ltr'><strong>και</strong></span> <span class='ocrx_word' id='word_1_483' title='bbox 2054 2853 2305 2914; x_wconf 67' lang='grc' dir='ltr'><strong>ἀγαλλιᾶσθε</strong></span> <span class='ocrx_word' id='word_1_484' title='bbox 2330 2871 2512 2915; x_wconf 78' lang='grc' dir='ltr'>χριστια·</span> 
     </span>
     <span class='ocr_line' id='line_1_38' title="bbox 289 2918 2512 2987; baseline 0 -20"><span class='ocrx_word' id='word_1_485' title='bbox 289 2924 360 2968; x_wconf 77' lang='grc' dir='ltr'><strong>νῶν</strong></span> <span class='ocrx_word' id='word_1_486' title='bbox 392 2943 435 2970; x_wconf 78' lang='grc' dir='ltr'><strong>το</strong></span> <span class='ocrx_word' id='word_1_487' title='bbox 466 2919 552 2985; x_wconf 73' lang='grc' dir='ltr'><strong>γὲνε</strong></span> <span class='ocrx_word' id='word_1_488' title='bbox 536 2943 600 2979; x_wconf 86' lang='grc' dir='ltr'><strong>ς,</strong></span> <span class='ocrx_word' id='word_1_489' title='bbox 625 2943 686 2969; x_wconf 85' lang='grc' dir='ltr'><strong>οτι</strong></span> <span class='ocrx_word' id='word_1_490' title='bbox 718 2923 891 2986; x_wconf 68' lang='grc' dir='ltr'>Χριστὸς</span> <span class='ocrx_word' id='word_1_491' title='bbox 921 2919 1119 2983; x_wconf 71' lang='grc' dir='ltr'>βασιλεύει</span> <span class='ocrx_word' id='word_1_492' title='bbox 1153 2943 1204 2975; x_wconf 85' lang='grc' dir='ltr'><strong>εις</strong></span> <span class='ocrx_word' id='word_1_493' title='bbox 1239 2944 1327 2975; x_wconf 81' lang='grc' dir='ltr'>τευς</span> <span class='ocrx_word' id='word_1_494' title='bbox 1358 2924 1431 2972; x_wconf 82' lang='grc' dir='ltr'><strong>ἀπε</strong></span> <span class='ocrx_word' id='word_1_495' title='bbox 1417 2921 1588 2987; x_wconf 52' lang='lat' dir='ltr'><strong>(Murco-3</strong></span> <span class='ocrx_word' id='word_1_496' title='bbox 1619 2942 1774 2974; x_wconf 81' lang='grc' dir='ltr'>αιωνας·</span> <span class='ocrx_word' id='word_1_497' title='bbox 1802 2918 1923 2968; x_wconf 69' lang='grc' dir='ltr'>εωέτι</span> <span class='ocrx_word' id='word_1_498' title='bbox 1954 2920 1973 2967; x_wconf 77' lang='lat' dir='ltr'><strong>o‘</strong></span> <span class='ocrx_word' id='word_1_499' title='bbox 2005 2918 2114 2978; x_wconf 57' lang='lat' dir='ltr'><strong>aaa&amp;</strong></span> <span class='ocrx_word' id='word_1_500' title='bbox 2118 2925 2182 2974; x_wconf 78' lang='grc' dir='ltr'><strong>λες</strong></span> <span class='ocrx_word' id='word_1_501' title='bbox 2211 2942 2277 2968; x_wconf 83' lang='grc' dir='ltr'><strong>τον</strong></span> <span class='ocrx_word' id='word_1_502' title='bbox 2308 2919 2488 2985; x_wconf 65' lang='grc' dir='ltr'>ἄνθρωπε</span> <span class='ocrx_word' id='word_1_503' title='bbox 2494 2944 2512 2968; x_wconf 91' lang='grc' dir='ltr'>ν</span> 
     </span>
     <span class='ocr_line' id='line_1_39' title="bbox 291 2985 2508 3054; baseline -0.001 -15"><span class='ocrx_word' id='word_1_504' title='bbox 291 3013 338 3039; x_wconf 88' lang='grc' dir='ltr'><strong>πε</strong></span> <span class='ocrx_word' id='word_1_505' title='bbox 343 2995 510 3053; x_wconf 76' lang='grc' dir='ltr'>λεμῆσαι</span> <span class='ocrx_word' id='word_1_506' title='bbox 537 2989 723 3050; x_wconf 83' lang='grc' dir='ltr'><strong>δυναται,</strong></span> <span class='ocrx_word' id='word_1_507' title='bbox 748 2990 990 3046; x_wconf 70' lang='grc' dir='ltr'><strong>κατατεθεις</strong></span> <span class='ocrx_word' id='word_1_508' title='bbox 1023 2995 1221 3046; x_wconf 82' lang='grc' dir='ltr'><strong>παντελως</strong></span> <span class='ocrx_word' id='word_1_509' title='bbox 1228 3011 1237 3021; x_wconf 87' lang='grc'><em>·</em></span> <span class='ocrx_word' id='word_1_510' title='bbox 1263 3014 1328 3039; x_wconf 83' lang='grc' dir='ltr'>και</span> <span class='ocrx_word' id='word_1_511' title='bbox 1361 2993 1456 3042; x_wconf 76' lang='grc' dir='ltr'>ὅταν</span> <span class='ocrx_word' id='word_1_512' title='bbox 1489 2989 1603 3042; x_wconf 78' lang='grc' dir='ltr'>πάλιν</span> <span class='ocrx_word' id='word_1_513' title='bbox 1638 2985 1766 3047; x_wconf 75' lang='grc' dir='ltr'><strong>εἶπεν,</strong></span> <span class='ocrx_word' id='word_1_514' title='bbox 1794 2992 1904 3038; x_wconf 66' lang='grc' dir='ltr'>δεῦτε</span> <span class='ocrx_word' id='word_1_515' title='bbox 1935 2987 2273 3054; x_wconf 75' lang='grc' dir='ltr'><strong>ἀγαλλιασῶμεθα</strong></span> <span class='ocrx_word' id='word_1_516' title='bbox 2306 3011 2359 3052; x_wconf 84' lang='grc' dir='ltr'><strong>τῳ</strong></span> <span class='ocrx_word' id='word_1_517' title='bbox 2380 2990 2508 3054; x_wconf 72' lang='grc' dir='ltr'>κυρίῳ,</span> 
     </span>
    </p>
   </div>
   <div class='ocr_carea' id='block_1_5' title="bbox 289 3066 2512 3625">
    <p class='ocr_par' dir='ltr' id='par_1_6' title="bbox 289 3066 2512 3470">
     <span class='ocr_line' id='line_1_40' title="bbox 291 3066 2509 3128; baseline 0.003 -21"><span class='ocrx_word' id='word_1_518' title='bbox 291 3083 355 3108; x_wconf 85' lang='grc' dir='ltr'><strong>και</strong></span> <span class='ocrx_word' id='word_1_519' title='bbox 391 3085 444 3111; x_wconf 86' lang='grc' dir='ltr'><strong>τα</strong></span> <span class='ocrx_word' id='word_1_520' title='bbox 474 3066 579 3117; x_wconf 54' lang='lat'><strong>{5713-</strong></span> <span class='ocrx_word' id='word_1_521' title='bbox 614 3077 666 3115; x_wconf 83' lang='lat' dir='ltr'><strong>Et</strong></span> <span class='ocrx_word' id='word_1_522' title='bbox 685 3080 890 3128; x_wconf 80' lang='lat' dir='ltr'><strong>postquam</strong></span> <span class='ocrx_word' id='word_1_523' title='bbox 912 3077 1058 3117; x_wconf 65' lang='lat' dir='ltr'><strong>ductum</strong></span> <span class='ocrx_word' id='word_1_524' title='bbox 1076 3076 1184 3128; x_wconf 39' lang='lat' dir='ltr'><strong>suffit</strong></span> <span class='ocrx_word' id='word_1_525' title='bbox 1212 3077 1351 3117; x_wconf 81' lang='lat' dir='ltr'><strong>bomem</strong></span> <span class='ocrx_word' id='word_1_526' title='bbox 1372 3081 1429 3116; x_wconf 77' lang='lat' dir='ltr'><strong>est</strong></span> <span class='ocrx_word' id='word_1_527' title='bbox 1449 3076 1624 3126; x_wconf 79' lang='lat' dir='ltr'><strong>confiteri</strong></span> <span class='ocrx_word' id='word_1_528' title='bbox 1642 3077 1827 3124; x_wconf 85' lang='lat' dir='ltr'><strong>Domino,·</strong></span> <span class='ocrx_word' id='word_1_529' title='bbox 1853 3075 2053 3126; x_wconf 77' lang='lat' dir='ltr'><strong>respondit</strong></span> <span class='ocrx_word' id='word_1_530' title='bbox 2071 3075 2254 3125; x_wconf 74' lang='lat' dir='ltr'><strong>anyecus,</strong></span> <span class='ocrx_word' id='word_1_531' title='bbox 2281 3077 2421 3125; x_wconf 77' lang='lat' dir='ltr'><strong>aitque-</strong></span> <span class='ocrx_word' id='word_1_532' title='bbox 2438 3074 2509 3114; x_wconf 80' lang='lat' dir='ltr'><strong>ad-</strong></span> 
     </span>
     <span class='ocr_line' id='line_1_41' title="bbox 289 3141 2512 3200; baseline -0.001 -14"><span class='ocrx_word' id='word_1_533' title='bbox 289 3141 502 3188; x_wconf 70' lang='lat' dir='ltr'><strong>stantibus:</strong></span> <span class='ocrx_word' id='word_1_534' title='bbox 533 3147 679 3186; x_wconf 79' lang='lat' dir='ltr'><strong>hilares</strong></span> <span class='ocrx_word' id='word_1_535' title='bbox 707 3151 822 3187; x_wconf 80' lang='lat' dir='ltr'><strong>estote</strong></span> <span class='ocrx_word' id='word_1_536' title='bbox 848 3159 998 3199; x_wconf 80' lang='lat' dir='ltr'><strong>omnes,</strong></span> <span class='ocrx_word' id='word_1_537' title='bbox 1026 3153 1072 3187; x_wconf 68' lang='lat' dir='ltr'><strong>et</strong></span> <span class='ocrx_word' id='word_1_538' title='bbox 1090 3150 1366 3200; x_wconf 78' lang='lat' dir='ltr'><strong>confirmemini</strong></span> <span class='ocrx_word' id='word_1_539' title='bbox 1395 3150 1436 3187; x_wconf 78' lang='lat' dir='ltr'><strong>in</strong></span> <span class='ocrx_word' id='word_1_540' title='bbox 1466 3147 1602 3186; x_wconf 76' lang='lat' dir='ltr'><strong>timore</strong></span> <span class='ocrx_word' id='word_1_541' title='bbox 1631 3148 1725 3196; x_wconf 83' lang='lat' dir='ltr'><strong>Dei,</strong></span> <span class='ocrx_word' id='word_1_542' title='bbox 1754 3152 1790 3185; x_wconf 82' lang='lat' dir='ltr'><strong>el</strong></span> <span class='ocrx_word' id='word_1_543' title='bbox 1819 3149 1860 3186; x_wconf 81' lang='lat' dir='ltr'><strong>in</strong></span> <span class='ocrx_word' id='word_1_544' title='bbox 1889 3147 2099 3185; x_wconf 78' lang='lat' dir='ltr'><strong>ministerio</strong></span> <span class='ocrx_word' id='word_1_545' title='bbox 2129 3146 2226 3185; x_wconf 67' lang='grc' dir='ltr'><strong><em>σίας.</em></strong></span> <span class='ocrx_word' id='word_1_546' title='bbox 2259 3146 2314 3184; x_wconf 81' lang='lat' dir='ltr'><strong>Et</strong></span> <span class='ocrx_word' id='word_1_547' title='bbox 2336 3157 2423 3189; x_wconf 73' lang='lat' dir='ltr'><strong>cum</strong></span> <span class='ocrx_word' id='word_1_548' title='bbox 2451 3145 2512 3184; x_wconf 78' lang='lat' dir='ltr'><strong>di—</strong></span> 
     </span>
     <span class='ocr_line' id='line_1_42' title="bbox 291 3216 2509 3270; baseline -0.002 -12"><span class='ocrx_word' id='word_1_549' title='bbox 291 3221 456 3269; x_wconf 59' lang='lat' dir='ltr'><strong>avissent,</strong></span> <span class='ocrx_word' id='word_1_550' title='bbox 485 3219 672 3258; x_wconf 78' lang='lat' dir='ltr'><strong>Dominus</strong></span> <span class='ocrx_word' id='word_1_551' title='bbox 691 3221 890 3270; x_wconf 48' lang='lat' dir='ltr'><strong>remeavi&amp;</strong></span> <span class='ocrx_word' id='word_1_552' title='bbox 911 3220 1074 3270; x_wconf 79' lang='lat' dir='ltr'><strong>anqelus</strong></span> <span class='ocrx_word' id='word_1_553' title='bbox 1094 3222 1244 3270; x_wconf 78' lang='lat' dir='ltr'><strong>inquit:</strong></span> <span class='ocrx_word' id='word_1_554' title='bbox 1267 3230 1370 3259; x_wconf 78' lang='lat' dir='ltr'><strong>nnnc</strong></span> <span class='ocrx_word' id='word_1_555' title='bbox 1393 3223 1531 3270; x_wconf 76' lang='lat' dir='ltr'><strong>reynac</strong></span> <span class='ocrx_word' id='word_1_556' title='bbox 1551 3221 1591 3257; x_wconf 76' lang='lat' dir='ltr'><strong>in</strong></span> <span class='ocrx_word' id='word_1_557' title='bbox 1613 3218 1746 3257; x_wconf 67' lang='lat' dir='ltr'><strong>uobis:</strong></span> <span class='ocrx_word' id='word_1_558' title='bbox 1769 3218 1933 3268; x_wconf 73' lang='lat' dir='ltr'><strong>qaudete</strong></span> <span class='ocrx_word' id='word_1_559' title='bbox 1955 3221 1992 3256; x_wconf 82' lang='lat' dir='ltr'><strong>et</strong></span> <span class='ocrx_word' id='word_1_560' title='bbox 2011 3217 2184 3256; x_wconf 75' lang='lat' dir='ltr'><strong>exultate</strong></span> <span class='ocrx_word' id='word_1_561' title='bbox 2207 3216 2509 3256; x_wconf 76' lang='lat' dir='ltr'><strong>Christianorum</strong></span> 
     </span>
     <span class='ocr_line' id='line_1_43' title="bbox 291 3288 2504 3341; baseline -0.001 -12"><span class='ocrx_word' id='word_1_562' title='bbox 291 3302 405 3340; x_wconf 68' lang='lat' dir='ltr'><strong>qen-5,</strong></span> <span class='ocrx_word' id='word_1_563' title='bbox 434 3291 528 3341; x_wconf 81' lang='lat' dir='ltr'><strong>quia</strong></span> <span class='ocrx_word' id='word_1_564' title='bbox 549 3288 725 3329; x_wconf 73' lang='lat' dir='ltr'><strong>Christus</strong></span> <span class='ocrx_word' id='word_1_565' title='bbox 744 3301 823 3340; x_wconf 82' lang='lat' dir='ltr'><strong>per</strong></span> <span class='ocrx_word' id='word_1_566' title='bbox 842 3290 998 3339; x_wconf 68' lang='lat' dir='ltr'><strong>infinita</strong></span> <span class='ocrx_word' id='word_1_567' title='bbox 1023 3290 1177 3330; x_wconf 77' lang='lat' dir='ltr'><strong>saecula</strong></span> <span class='ocrx_word' id='word_1_568' title='bbox 1206 3294 1356 3341; x_wconf 71' lang='lat' dir='ltr'><strong>reynat.</strong></span> <span class='ocrx_word' id='word_1_569' title='bbox 1389 3289 1512 3330; x_wconf 81' lang='lat' dir='ltr'><strong>Haud</strong></span> <span class='ocrx_word' id='word_1_570' title='bbox 1538 3289 1685 3328; x_wconf 71' lang='lat' dir='ltr'><strong>diutius</strong></span> <span class='ocrx_word' id='word_1_571' title='bbox 1705 3288 1894 3328; x_wconf 71' lang='lat' dir='ltr'><strong>hominem</strong></span> <span class='ocrx_word' id='word_1_572' title='bbox 1914 3288 2091 3327; x_wconf 76' lang='lat' dir='ltr'><strong>diabolus</strong></span> <span class='ocrx_word' id='word_1_573' title='bbox 2113 3299 2339 3338; x_wconf 77' lang='lat' dir='ltr'><strong>oppuqnare</strong></span> <span class='ocrx_word' id='word_1_574' title='bbox 2365 3291 2504 3338; x_wconf 73' lang='lat' dir='ltr'><strong>potest,</strong></span> 
     </span>
     <span class='ocr_line' id='line_1_44' title="bbox 293 3358 2195 3412; baseline -0.002 -11"><span class='ocrx_word' id='word_1_575' title='bbox 293 3364 388 3412; x_wconf 74' lang='lat' dir='ltr'><strong>quia</strong></span> <span class='ocrx_word' id='word_1_576' title='bbox 413 3363 563 3400; x_wconf 83' lang='lat' dir='ltr'><strong>omnino</strong></span> <span class='ocrx_word' id='word_1_577' title='bbox 590 3360 793 3411; x_wconf 75' lang='lat' dir='ltr'><strong>absorptus</strong></span> <span class='ocrx_word' id='word_1_578' title='bbox 813 3358 912 3410; x_wconf 78' lang='lat' dir='ltr'><strong>suit.</strong></span> <span class='ocrx_word' id='word_1_579' title='bbox 945 3360 999 3399; x_wconf 76' lang='lat' dir='ltr'><strong>Et</strong></span> <span class='ocrx_word' id='word_1_580' title='bbox 1025 3360 1094 3399; x_wconf 80' lang='lat' dir='ltr'><strong>ubi</strong></span> <span class='ocrx_word' id='word_1_581' title='bbox 1123 3371 1258 3400; x_wconf 79' lang='lat' dir='ltr'><strong>rursus</strong></span> <span class='ocrx_word' id='word_1_582' title='bbox 1284 3359 1500 3400; x_wconf 75' lang='lat' dir='ltr'><strong>dioeerunt:</strong></span> <span class='ocrx_word' id='word_1_583' title='bbox 1524 3361 1649 3398; x_wconf 74' lang='lat' dir='ltr'><strong>venite</strong></span> <span class='ocrx_word' id='word_1_584' title='bbox 1678 3359 1895 3400; x_wconf 78' lang='lat' dir='ltr'><strong>exultemus</strong></span> <span class='ocrx_word' id='word_1_585' title='bbox 1923 3359 2086 3397; x_wconf 82' lang='lat' dir='ltr'><strong>Domino</strong></span> <span class='ocrx_word' id='word_1_586' title='bbox 2116 3360 2195 3397; x_wconf 86' lang='lat' dir='ltr'><strong>etc.</strong></span> 
     </span>
     <span class='ocr_line' id='line_1_45' title="bbox 1261 3428 1538 3470; baseline -0.008 0"><span class='ocrx_word' id='word_1_587' title='bbox 1261 3428 1435 3470; x_wconf 80' lang='lat' dir='ltr'><strong>IMAGO</strong></span> <span class='ocrx_word' id='word_1_588' title='bbox 1466 3428 1538 3469; x_wconf 91' lang='lat' dir='ltr'><strong>IV.</strong></span> 
     </span>
    </p>

    <p class='ocr_par' dir='ltr' id='par_1_7' title="bbox 409 3483 2510 3552">
     <span class='ocr_line' id='line_1_46' title="bbox 409 3483 2510 3552; baseline -0.003 -8"><span class='ocrx_word' id='word_1_589' title='bbox 409 3500 607 3544; x_wconf 83' lang='lat' dir='ltr'><strong>Sacerdos</strong></span> <span class='ocrx_word' id='word_1_590' title='bbox 636 3500 746 3541; x_wconf 90' lang='lat' dir='ltr'><strong>intra</strong></span> <span class='ocrx_word' id='word_1_591' title='bbox 775 3498 894 3540; x_wconf 84' lang='lat' dir='ltr'><strong>bema</strong></span> <span class='ocrx_word' id='word_1_592' title='bbox 923 3497 976 3540; x_wconf 87' lang='lat' dir='ltr'><strong>ad</strong></span> <span class='ocrx_word' id='word_1_593' title='bbox 1005 3498 1158 3550; x_wconf 85' lang='lat' dir='ltr'><strong>altare,</strong></span> <span class='ocrx_word' id='word_1_594' title='bbox 1182 3497 1380 3552; x_wconf 85' lang='lat' dir='ltr'><strong>phelonio</strong></span> <span class='ocrx_word' id='word_1_595' title='bbox 1410 3497 1507 3539; x_wconf 89' lang='lat' dir='ltr'><strong>albo</strong></span> <span class='ocrx_word' id='word_1_596' title='bbox 1537 3496 1708 3538; x_wconf 87' lang='lat' dir='ltr'><strong>indutus</strong></span> <span class='ocrx_word' id='word_1_597' title='bbox 1730 3497 1818 3538; x_wconf 84' lang='lat' dir='ltr'><strong>eius</strong></span> <span class='ocrx_word' id='word_1_598' title='bbox 1848 3498 2008 3550; x_wconf 85' lang='lat' dir='ltr'><strong>generis</strong></span> <span class='ocrx_word' id='word_1_599' title='bbox 2037 3496 2152 3551; x_wconf 84' lang='lat' dir='ltr'><strong>quod</strong></span> <span class='ocrx_word' id='word_1_600' title='bbox 2184 3483 2323 3539; x_wconf 70' lang='grc' dir='ltr'><strong>,σάκκον</strong></span> <span class='ocrx_word' id='word_1_601' title='bbox 2354 3497 2420 3548; x_wconf 92' lang='lat' dir='ltr'><strong>(id</strong></span> <span class='ocrx_word' id='word_1_602' title='bbox 2449 3502 2510 3539; x_wconf 91' lang='lat' dir='ltr'><strong>est</strong></span> 
     </span>
    </p>

    <p class='ocr_par' dir='ltr' id='par_1_8' title="bbox 293 3567 2504 3625">
     <span class='ocr_line' id='line_1_47' title="bbox 293 3567 2504 3625; baseline -0.003 -12"><span class='ocrx_word' id='word_1_603' title='bbox 293 3573 520 3625; x_wconf 89' lang='lat' dir='ltr'><strong>colobion)</strong></span> <span class='ocrx_word' id='word_1_604' title='bbox 545 3572 689 3614; x_wconf 84' lang='lat' dir='ltr'><strong>Graeci</strong></span> <span class='ocrx_word' id='word_1_605' title='bbox 712 3570 878 3621; x_wconf 75' lang='lat' dir='ltr'><strong>dmunt,</strong></span> <span class='ocrx_word' id='word_1_606' title='bbox 902 3572 945 3610; x_wconf 91' lang='lat' dir='ltr'><strong>et</strong></span> <span class='ocrx_word' id='word_1_607' title='bbox 976 3573 1038 3610; x_wconf 90' lang='lat' dir='ltr'><strong>est</strong></span> <span class='ocrx_word' id='word_1_608' title='bbox 1058 3569 1199 3610; x_wconf 90' lang='lat' dir='ltr'><strong>tunica</strong></span> <span class='ocrx_word' id='word_1_609' title='bbox 1220 3569 1308 3609; x_wconf 88' lang='lat' dir='ltr'><strong>sine</strong></span> <span class='ocrx_word' id='word_1_610' title='bbox 1332 3568 1498 3618; x_wconf 85' lang='lat' dir='ltr'><strong>manicis</strong></span> <span class='ocrx_word' id='word_1_611' title='bbox 1529 3580 1612 3609; x_wconf 89' lang='lat' dir='ltr'><strong>non</strong></span> <span class='ocrx_word' id='word_1_612' title='bbox 1637 3568 1807 3609; x_wconf 83' lang='lat' dir='ltr'><strong>omniuo</strong></span> <span class='ocrx_word' id='word_1_613' title='bbox 1829 3567 1992 3619; x_wconf 86' lang='lat' dir='ltr'><strong>talaris,</strong></span> <span class='ocrx_word' id='word_1_614' title='bbox 2016 3571 2062 3608; x_wconf 88' lang='lat' dir='ltr'><strong>ut</strong></span> <span class='ocrx_word' id='word_1_615' title='bbox 2091 3567 2150 3608; x_wconf 87' lang='lat' dir='ltr'><strong>ait</strong></span> <span class='ocrx_word' id='word_1_616' title='bbox 2170 3568 2343 3609; x_wconf 85' lang='lat' dir='ltr'><strong>Goarius</strong></span> <span class='ocrx_word' id='word_1_617' title='bbox 2367 3579 2408 3622; x_wconf 89' lang='lat' dir='ltr'><strong>p.</strong></span> <span class='ocrx_word' id='word_1_618' title='bbox 2434 3568 2504 3608; x_wconf 85' lang='lat'><strong>97.</strong></span> 
     </span>
    </p>
   </div>
   <div class='ocr_carea' id='block_1_6' title="bbox 387 3705 2538 3751">
    <p class='ocr_par' dir='ltr' id='par_1_9' title="bbox 387 3705 2538 3751">
     <span class='ocr_line' id='line_1_48' title="bbox 387 3705 2538 3751; baseline -0.001 -12"><span class='ocrx_word' id='word_1_619' title='bbox 387 3709 432 3746; x_wconf 84' lang='grc' dir='ltr'>(ι)</span> <span class='ocrx_word' id='word_1_620' title='bbox 456 3711 501 3742; x_wconf 88' lang='lat' dir='ltr'><strong>De</strong></span> <span class='ocrx_word' id='word_1_621' title='bbox 530 3711 699 3750; x_wconf 73' lang='lat' dir='ltr'><strong>nai-thece,</strong></span> <span class='ocrx_word' id='word_1_622' title='bbox 722 3710 811 3751; x_wconf 85' lang='lat' dir='ltr'><strong>parte</strong></span> <span class='ocrx_word' id='word_1_623' title='bbox 838 3707 977 3750; x_wconf 82' lang='lat' dir='ltr'><strong>quadam</strong></span> <span class='ocrx_word' id='word_1_624' title='bbox 1007 3705 1200 3747; x_wconf 83' lang='lat' dir='ltr'><strong>templorum</strong></span> <span class='ocrx_word' id='word_1_625' title='bbox 1230 3715 1415 3747; x_wconf 74' lang='lat' dir='ltr'><strong>graecorum</strong></span> <span class='ocrx_word' id='word_1_626' title='bbox 1445 3707 1523 3739; x_wconf 81' lang='lat' dir='ltr'><strong>satis</strong></span> <span class='ocrx_word' id='word_1_627' title='bbox 1551 3709 1778 3746; x_wconf 70' lang='lat' dir='ltr'><strong>controversa,</strong></span> <span class='ocrx_word' id='word_1_628' title='bbox 1799 3706 1990 3746; x_wconf 80' lang='lat' dir='ltr'><strong>peculiarem</strong></span> <span class='ocrx_word' id='word_1_629' title='bbox 2018 3706 2193 3739; x_wconf 79' lang='lat' dir='ltr'><strong>doctissimi</strong></span> <span class='ocrx_word' id='word_1_630' title='bbox 2223 3707 2330 3739; x_wconf 80' lang='lat' dir='ltr'><strong>Allatii</strong></span> <span class='ocrx_word' id='word_1_631' title='bbox 2357 3705 2511 3739; x_wconf 67' lang='lat' dir='ltr'><strong>tubanus</strong></span> <span class='ocrx_word' id='word_1_632' title='bbox 2534 3713 2538 3718; x_wconf 84' lang='lat'><em>·</em></span> 
     </span>
    </p>
   </div>
   <div class='ocr_carea' id='block_1_7' title="bbox 292 3758 2146 3904">
    <p class='ocr_par' dir='ltr' id='par_1_10' title="bbox 292 3758 2135 3904">
     <span class='ocr_line' id='line_1_49' title="bbox 292 3758 1132 3804; baseline 0 -14"><span class='ocrx_word' id='word_1_633' title='bbox 292 3758 566 3802; x_wconf 77' lang='lat' dir='ltr'><strong>dissertationem,</strong></span> <span class='ocrx_word' id='word_1_634' title='bbox 589 3763 630 3795; x_wconf 87' lang='lat' dir='ltr'><strong>ad</strong></span> <span class='ocrx_word' id='word_1_635' title='bbox 655 3772 752 3804; x_wconf 87' lang='lat' dir='ltr'><strong>quam</strong></span> <span class='ocrx_word' id='word_1_636' title='bbox 781 3763 912 3794; x_wconf 80' lang='lat' dir='ltr'><strong>lectores</strong></span> <span class='ocrx_word' id='word_1_637' title='bbox 938 3759 1132 3800; x_wconf 82' lang='lat' dir='ltr'><strong>ablegamus.</strong></span> 
     </span>
     <span class='ocr_line' id='line_1_50' title="bbox 385 3810 2146 3856; baseline -0.002 -8"><span class='ocrx_word' id='word_1_638' title='bbox 385 3810 429 3849; x_wconf 76' lang='lat'><strong>(2)</strong></span> <span class='ocrx_word' id='word_1_639' title='bbox 449 3812 587 3853; x_wconf 70' lang='lat' dir='ltr'><strong>Legatur</strong></span> <span class='ocrx_word' id='word_1_640' title='bbox 610 3814 796 3856; x_wconf 78' lang='lat' dir='ltr'><strong>praesertim</strong></span> <span class='ocrx_word' id='word_1_641' title='bbox 822 3813 884 3846; x_wconf 88' lang='lat' dir='ltr'><strong>hoc</strong></span> <span class='ocrx_word' id='word_1_642' title='bbox 909 3814 979 3846; x_wconf 88' lang='lat' dir='ltr'><strong>loco</strong></span> <span class='ocrx_word' id='word_1_643' title='bbox 1003 3811 1137 3845; x_wconf 74' lang='lat' dir='ltr'><strong>Allntius</strong></span> <span class='ocrx_word' id='word_1_644' title='bbox 1161 3811 1202 3843; x_wconf 84' lang='lat' dir='ltr'><strong>de</strong></span> <span class='ocrx_word' id='word_1_645' title='bbox 1226 3812 1436 3845; x_wconf 76' lang='lat' dir='ltr'><strong>recentiorum</strong></span> <span class='ocrx_word' id='word_1_646' title='bbox 1458 3814 1651 3845; x_wconf 81' lang='lat' dir='ltr'><strong>Graecorum</strong></span> <span class='ocrx_word' id='word_1_647' title='bbox 1676 3812 1802 3853; x_wconf 81' lang='lat' dir='ltr'><strong>templis</strong></span> <span class='ocrx_word' id='word_1_648' title='bbox 1822 3811 1873 3844; x_wconf 83' lang='lat' dir='ltr'><strong>ed.</strong></span> <span class='ocrx_word' id='word_1_649' title='bbox 1897 3812 1996 3844; x_wconf 74' lang='lat' dir='ltr'><strong>Paris.</strong></span> <span class='ocrx_word' id='word_1_650' title='bbox 2021 3821 2052 3853; x_wconf 88' lang='lat' dir='ltr'><strong>p.</strong></span> <span class='ocrx_word' id='word_1_651' title='bbox 2081 3815 2146 3845; x_wconf 65' lang='lat'><strong>144.</strong></span> 
     </span>
     <span class='ocr_line' id='line_1_51' title="bbox 385 3862 1156 3904; baseline 0.004 -11"><span class='ocrx_word' id='word_1_652' title='bbox 385 3862 429 3902; x_wconf 81' lang='lat'><strong>(3)</strong></span> <span class='ocrx_word' id='word_1_653' title='bbox 451 3863 589 3904; x_wconf 83' lang='lat' dir='ltr'><strong>Legatur</strong></span> <span class='ocrx_word' id='word_1_654' title='bbox 613 3867 684 3899; x_wconf 76' lang='lat' dir='ltr'><strong>heic</strong></span> <span class='ocrx_word' id='word_1_655' title='bbox 706 3867 896 3900; x_wconf 79' lang='lat' dir='ltr'><strong>Audidcnsis</strong></span> <span class='ocrx_word' id='word_1_656' title='bbox 919 3867 1026 3899; x_wconf 80' lang='lat' dir='ltr'><strong>noster</strong></span> <span class='ocrx_word' id='word_1_657' title='bbox 1051 3869 1156 3897; x_wconf 82' lang='lat' dir='ltr'><strong>n.11.</strong></span> 
     </span>
    </p>
   </div>
  </div>
 </body>
</html>
