2970 4420
686 239 696 277 ¹
1188 279 1245 310 nn
1277 276 1540 310 rimonoms.
2406 267 2496 313 169

240 366 299 413 de
324 365 543 415 testibus,
575 364 633 410 de
655 363 901 414 libertate,
932 363 989 409 de
1015 363 1306 428 parriczdzsso
1335 363 1394 410 de
1416 359 1777 427 sycophanti'ffs
1764 375 1813 407 m
1837 359 1922 407 fol.
1948 363 2252 424 manuscript.
2281 363 2502 412 biblioth.

240 445 405 506 imper.
443 441 767 489 vindobonae.
812 442 1152 503 Epitomatores
1192 442 1467 504 gesneriani.
1511 439 1655 486 Index
1698 454 1785 485 ms.
1822 433 2044 485 biblioth.
2081 440 2235 500 regiae
2276 442 2502 496 Scor-iaci,

245 506 517 582 Θεοδώρου
554 509 900 581 ἑρμοπολίτου
939 507 1171 581 {gasnan
1208 509 1281 571 εἷς
1314 508 1381 561 τοὶ
1417 504 1540 561 δέκα
1576 509 1772 573 βιβλία
1799 527 1890 557 του
1924 503 2126 577 πρώτου
2160 504 2379 575 τεύχους
2410 533 2506 564 των

247 585 551 652 βασιλικῶν.
591 594 822 641 Theodori
848 593 1192 658 hermopolitae
1219 593 1457 658 eoeposi‘tzo
1490 610 1540 639 ιη
1570 593 1728 638 decem
1755 591 1900 638 libros
1929 591 2082 655 primi
2106 592 2358 638 voluminis
2387 594 2514 640 basl-

249 672 450 719 lte-orum
479 673 614 718 1.11.
649 674 725 718 19.
759 672 854 717 Et
842 687 891 717 in
918 673 1044 734 regia
1078 671 1274 718 Parisiis.
1315 658 1586 758 Θεοδώρου
1619 682 1710 712 του
1751 659 2092 754 ἑρμοπολίτου
2126 681 2216 713 του
2252 658 2409 734 ἄκρου
2446 659 2517 713 δι·

250 737 518 793 ὃασκοίλου
547 762 645 793 των
678 736 818 793 θείων
848 736 1009 808 νόμων
1036 761 1146 811 περι
1171 736 1336 809 νόμου
1364 760 1447 791 και
1485 734 1808 797 δικαιοσύνης
1837 734 2117 803 βασιλέως.
2157 745 2387 792 Theodori
2411 746 2518 793 her-

247 825 528 910 mopolitae,
551 841 725 871 summi
752 824 1028 871 divinarum
1052 826 1211 888 legum
1235 824 1463 874 doctoris,
1487 824 1545 870 de
1571 824 1672 887 lege
1694 835 1740 868 et
1765 822 1955 870 zusti'tza
1981 835 2302 887 imperatoris.
2341 818 2395 866 P
2425 817 2518 866 Βα-

249 889 435 971 σιλευς
465 889 600 947 ἐστιν
639 890 842 963 ἔννομος
881 891 1197 955 ἐωιστασιᾞα
1233 913 1397 946 κοινον
1432 889 1646 962 ἀγαθὸν
1681 890 1794 951 τοῖς
1831 888 2086 952 ὑπηκόοις
2127 892 2511 959 (ιι).(]ο(1.549.

247 966 456 1027 Meminit
487 982 626 1027 etiam
660 980 870 1026 eiusdem
900 979 1207 1042 Marquardus
1234 980 1432 1026 Freerus
1462 979 1510 1024 in
1543 978 1874 1040 chronologia,
1901 978 1950 1024 in
1974 979 2276 1026 Constantino
2308 979 2516 1043 porphy-

247 1067 521 1121 rogenneta.

376 1136 488 1183 CIV.
524 1135 800 1182 Theodorus
833 1151 992 1197 syrus,
1031 1134 1175 1181 frater
1206 1133 1499 1196 Theophanis
1539 1149 1769 1181 canonum
1810 1134 2072 1196 scriptoris,
2110 1135 2158 1181 in
2199 1135 2343 1181 sancti
2378 1132 2523 1181 Sabae

247 1213 534 1260 monasterio
567 1213 756 1274 optimis
791 1211 970 1258 artibus
999 1211 1235 1265 excultus,
1265 1211 1717 1273 Constantinopolim
1750 1211 2010 1273 Theophilo
2035 1211 2341 1263 iconomacho
2373 1212 2521 1273 impe-

248 1297 380 1336 rante
414 1288 752 1351 proficiscitur‚
780 1298 827 1335 et
860 1305 966 1336 cum
999 1296 1261 1335 sanctarum
1296 1289 1553 1349 imaginum
1579 1288 1756 1334 cultum
1782 1289 2106 1350 honoremque
2140 1289 2424 1335 constantius
2448 1297 2522 1334 tu-

248 1375 448 1421 taretur,
477 1365 653 1412 acubus
687 1367 948 1428 perfossus,
982 1373 1336 1427 atramentoque
1371 1380 1468 1411 non
1501 1380 1631 1411 secus
1667 1380 1719 1411 ac
1757 1365 1978 1427 fugitivus
2009 1381 2171 1412 servus
2206 1381 2290 1427 per
2322 1366 2524 1426 ignomi-

249 1445 374 1490 niam
408 1445 458 1489 in
497 1444 614 1490 facie
650 1452 862 1498 notatus,
899 1444 947 1489 in
984 1443 1175 1489 exilium
1208 1443 1405 1490 eiicitur.
1444 1443 1541 1498 Qua
1578 1443 1627 1489 in
1661 1444 1885 1489 sententia
1920 1443 1979 1488 ad
2014 1451 2273 1489 extremum
2308 1458 2523 1505 perseve-

249 1537 384 1575 rans,
413 1530 459 1567 et
493 1530 672 1567 ceteros
693 1530 816 1568 recte
848 1520 908 1567 de
943 1521 1112 1566 sanctis
1133 1519 1342 1566 colendis
1374 1519 1653 1584 imaginibus
1677 1521 1928 1566 sentientes
1955 1519 2265 1574 confirmans,
2297 1521 2343 1566 in
2370 1519 2520 1605 ipsula

250 1599 458 1661 Aphusia
491 1598 633 1644 vitam
669 1597 788 1645 obit.
827 1598 1016 1644 Suidas:
1047 1587 1307 1652 Ἀφουσία.
1340 1610 1483 1648 νκσος
1517 1610 1627 1649 τις,
1665 1587 1713 1640 ἐν
1748 1582 1777 1657 ᾖ
1814 1586 2072 1661 ὁπερόριοι
2115 1586 2345 1661 ἐγένοντο
2382 1587 2405 1639 ὁ
2439 1585 2521 1639 κό-

249 1689 360 1737 ριος
398 1663 663 1732 Θεοφάνης
698 1666 722 1718 ὁ
762 1687 997 1727 mam-nc,
1030 1687 1114 1718 και
1158 1665 1182 1717 ὁ
1222 1661 1453 1729 ἀδελφος
1489 1687 1648 1717 αυτου
1690 1661 2019 1738 Θεοδωρος’
1995 1688 2018 1716 ο
2058 1663 2317 1736 γραπτός,
2351 1662 2517 1735 ἀμφό-

250 1765 384 1816 τεροι
418 1742 747 1813 ὁμολοΓκτοιί.
783 1751 1000 1815 Aphasza
1037 1751 1195 1797 insula
1228 1747 1492 1814 quaedam,
1525 1751 1576 1798 in
1600 1767 1747 1814 qaam
1773 1750 1980 1815 relegati
2001 1762 2109 1797 sunt
2134 1751 2352 1796 dominas
2379 1749 2522 1796 Theo-

245 1828 431 1894 phanes
451 1835 619 1892 poe'ta,
650 1841 695 1874 et
718 1829 889 1891 frater
915 1828 1046 1875 illias
1084 1827 1350 1875 Theodorus
1386 1829 1593 1893 Graptus
1627 1828 1767 1875 ambo
1793 1828 2098 1890 consessores.
2135 1829 2249 1874 'lum
2274 1828 2349 1874 hic
2372 1811 2523 1874 Theo-

251 1907 418 1961 dorus,
448 1915 548 1952 tum
578 1907 885 1969 Theophanes
913 1905 1058 1952 frater
1092 1901 1241 1959 illius,
1271 1921 1297 1951 a
1330 1906 1453 1952 notis
1486 1922 1566 1964 seu
1600 1905 1766 1952 iambis
1792 1905 1922 1952 faciei
1954 1906 2184 1967 inscriptis
2214 1907 2342 1951 iussu
2373 1905 2523 1952 Theo-

252 1983 396 2046 phili,
435 1973 657 2047 γραπτοὶ
697 1983 810 2030 dicti
842 1992 975 2036 sunt,
1002 1983 1052 2028 id
1087 1991 1155 2029 est
1190 1982 1393 2047 scripti3,
1415 1998 1512 2029 non
1544 1983 1672 2044 quod
1709 1991 1862 2029 essent
1893 1984 2174 2045 Graptorum
2209 1984 2442 2045 episcopi,
2470 1991 2523 2029 ut

252 2060 452 2114 somniat
485 2060 742 2121 Xylander.
779 2061 994 2107 Carmina
1027 2062 1180 2107 inusta
1208 2060 1429 2121 leguntur
1452 2060 1577 2122 apud
1602 2060 1861 2115 Cedrenum
1887 2061 1935 2105 in
1960 2059 2218 2122 Theophilo
2246 2060 2348 2122 (ed.
2377 2061 2518 2122 paris.

252 2153 301 2200 p.
330 2139 442 2184 521.
464 2137 480 2199 )
514 2146 560 2184 et
594 2138 727 2184 alios.
765 2139 878 2194 Quis
905 2147 1062 2185 autem
1086 2138 1228 2185 fuerit
1250 2139 1511 2184 carminum
1535 2137 1727 2185 illorum
1749 2140 1972 2201 scriptor,
2002 2154 2059 2184 ne
2084 2146 2129 2184 te
2162 2137 2210 2183 id
2234 2153 2422 2200 quoque
2459 2138 2524 2184 la-

252 2223 369 2269 teat,
394 2215 566 2269 lector‚
593 2214 736 2270 didici
768 2231 857 2277 ego
889 2232 946 2262 ex
979 2217 1298 2278 manuscripto
1333 2217 1676 2277 antiquissimo,
1704 2223 1750 2262 et
1782 2231 1877 2262 non
1910 2214 2062 2262 multo
2096 2224 2201 2278 post
2226 2231 2279 2261 ea
2311 2224 2523 2277 tempora

253 2300 466 2345 exarato,
493 2291 624 2354 quod
650 2301 863 2339 servatur
885 2293 934 2339 in
964 2292 1172 2339 vaticana
1196 2292 1483 2340 bibliotheca
1509 2291 1613 2339 sub.
1643 2309 1774 2339 num.
1802 2294 1921 2351 7533
1949 2294 1996 2339 in
2025 2308 2121 2354 quo
2146 2291 2429 2338 carminibus
2451 2294 2526 2340 hic

253 2368 530 2432 praefigitur
553 2369 738 2415 titulus·
778 2364 950 2428 στίχοι
984 2363 1251 2426 Θεοφίλου
1280 2360 1647 2432 γραμμαὛικου
1662 2402 1675 2422 ,
1704 2358 1967 2432 ἀνθρώπου
1998 2358 2261 2453 γεΓονότ-ος
2293 2382 2409 2412 του
2422 2357 2523 2414 θεο

257 2437 476 2509 σ’Τυγοΰς
506 2440 774 2500 Θεοφίλου
810 2459 900 2489 του
932 2436 1226 2503 βασιλέως,
1259 2438 1307 2490 οἱ
1338 2461 1422 2490 και
1461 2435 1738 2511 γραφενὙες
1777 2437 1848 2498 εἷς
1875 2460 1933 2490 το
1962 2434 2224 2507 πρόσωπον
2252 2460 2340 2490 του
2378 2437 2522 2490 ὁσίου

258 2511 530 2587 Θεοδώρου
566 2535 656 2567 του
696 2514 927 2586 γραπὛου
963 2511 1202 2587 αδελφοῦ
1236 2512 1501 2587 γεΓονότος
1528 2536 1618 2567 του
1649 2537 1800 2588 κυρου
1842 2512 2139 2578 Θεοφάνους
2174 2537 2264 2567 του
2303 2515 2523 2572 ποι-η’Του.

259 2599 486 2646 Carmina
522 2598 768 2663 Theophili
799 2601 1134 2664 grammatici,
1163 2601 1369 2664 qaisaic
1382 2601 1663 2663 familiaris
1690 2602 1790 2647 Deo
1822 2601 1959 2648 exosi
1994 2600 2237 2665 Theophili
2269 2601 2526 2664 imperato-

259 2677 348 2727 ris,
379 2691 502 2738 quae
531 2688 575 2722 et
609 2677 791 2740 scripta
814 2677 1023 2739 suerunt
1050 2678 1100 2724 in
1121 2678 1263 2740 facie
1289 2678 1448 2725 saneti
1477 2678 1709 2725 Theodori
1734 2678 1926 2742 Grapti,
1956 2678 2159 2740 quisait
2176 2678 2340 2740 frater
2360 2679 2525 2724 domni

261 2751 557 2817 Theophanis
583 2759 772 2816 poetae.
810 2755 1063 2818 Incipiunt‘
1076 2744 1286 2800 «πάντων
1320 2743 1632 2800 ποθούντων
1669 2765 1756 2802 etc.
1787 2765 1838 2802 ut
1871 2757 1918 2802 in
1951 2755 2103 2802 editis.
2142 2756 2525 2817 Martyrologium

257 2846 508 2877 romanum
541 2830 684 2876 tradit
704 2831 1003 2877 Theodorum
1035 2832 1080 2877 in
1113 2847 1294 2878 carcere
1319 2833 1550 2895 expirasse
1576 2841 1682 2879 ante
1704 2849 1845 2894 quam
1871 2848 1961 2895 pax
1985 2834 2202 2880 ccclesiae
2225 2833 2521 2890 redderetur;

256 2896 586 2970 Theophanem
621 2908 954 2969 supervixisse,
983 2917 1030 2954 et
1062 2907 1235 2954 factum
1268 2910 1510 2955 nicaenum
1545 2909 1844 2972 episcopum,
1874 2911 1921 2955 in
1954 2911 2156 2956 Domino
2188 2911 2431 2972 quievisse.
2469 2897 2538 2956 Et>

256 2984 450 3031 Michael
486 2983 651 3045 Glycas
682 2984 917 3030 annalium
948 2993 1081 3046 parte
1106 2985 1182 3031 lv.
1213 2984 1316 3046 (ed.
1346 2986 1486 3047 paris.
1516 3001 1562 3047 p.
1590 2985 1736 3047 290.)
1771 2985 2029 3039 Cedrenus,
2056 2995 2102 3032 et
2135 2986 2337 3032 narratio
2367 2985 2426 3032 de
2450 3002 2525 3032 re-

258 3064 427 3110 stitutis
454 3062 735 3124 imaginibus
761 3063 898 3125 apud*
916 3078 992 3109 me
1025 3064 1366 3125 manuscripta,
1393 3050 1702 3125 supervixisse
1730 3063 1988 3125 Theophilo
2022 3063 2236 3116 tradunt,
2263 3071 2308 3109 et
2332 3064 2380 3110 in
2413 3079 2525 3110 con-

256 3141 468 3186 vivarum
504 3155 702 3186 numero
737 3140 862 3202 apud
891 3139 1190 3186 Theodorum
1226 3148 1492 3185 numerant.
1527 3141 1574 3186 Si
1606 3140 1710 3201 quis
1747 3139 1805 3185 de
1840 3155 1897 3186 eo
1933 3140 2067 3201 plura
2102 3139 2357 3192 desiderat,
2391 3141 2526 3187 adeat

257 3217 400 3263 vitam
426 3217 551 3262 illius
579 3218 972 3279 manuscriptam,
998 3232 1117 3279 quae
1144 3216 1296 3262 adhuc
1319 3215 1490 3262 dicitur
1522 3225 1677 3263 extare
1702 3218 1750 3262 in
1773 3217 1979 3263 vaticana
2007 3225 2052 3263 et
2074 3216 2311 3263 sfortiana.
2350 3218 2526 3264 Dicitur

261 3294 398 3357 plura
433 3295 668 3356 scripsisse
693 3309 782 3357 pro
814 3293 1112 3355 imaginibus.
1150 3295 1278 3349 Quae
1314 3294 1414 3356 ipse
1446 3293 1569 3346 vidi,
1596 3294 1840 3356 incipiunt.
1871 3280 2002 3341 ’Ἤδη
2031 3280 2121 3353 μὲν
2152 3280 2250 3338 οὖν.
2285 3295 2343 3340 Et
2368 3303 2524 3357 tropa·

258 3372 439 3418 riorum
475 3386 664 3434 quoque
705 3380 946 3418 auctorem
988 3370 1096 3417 facit
1139 3370 1458 3432 menologium
1493 3369 1771 3417 basilianum
1810 3371 1858 3415 in
1896 3371 2121 3417 vaticana.
2159 3370 2379 3417 Eiusdem
2418 3386 2525 3418 ora-

261 3449 438 3494 tionem
471 3460 582 3511 περι
615 3462 714 3493 των
744 3435 1112 3510 κεκοιμημένων
1148 3447 1311 3494 laudat
1334 3448 1583 3509 Gregorius
1615 3447 1988 3508 protosyncellus
2020 3448 2187 3494 chius
2175 3464 2221 3493 in
2253 3448 2522 3511 dogmatum

260 3526 466 3588 synopsi.

291 3600 293 3603 ’
389 3603 478 3649 CV.
514 3602 814 3650 Theodorum
847 3602 1109 3649 Abucaram
1143 3603 1369 3649 Carorum
1405 3602 1675 3664 episcopum
1706 3602 1957 3649 Turrianus
1988 3603 2232 3666 aliquoties
2257 3605 2525 3650 Damasceni

262 3667 542 3739 discipulum
568 3680 801 3734 nominat,
828 3681 902 3727 cui
935 3678 1313 3742 probabilitatem
1336 3679 1551 3726 conciliat
1580 3677 1738 3725 illud
1726 3695 1774 3724 in
1795 3678 1934 3726 titulo
1959 3679 2293 3727 dissertationis
2321 3680 2525 3726 decimae

348 3790 396 3831 (1)
422 3788 682 3828 Animadverte
708 3792 934 3839 praeclaram
961 3791 1147 3840 politicam
1174 3790 1446 3829 definitionem:
1475 3769 1547 3829 rex
1571 3793 1628 3828 est
1651 3791 1826 3839 leyz‘tz'ma
1849 3794 2040 3840 potestas,
2067 3803 2261 3829 commune
2286 3791 2523 3828 subditorum

267 3846 415 3884 bonum.
443 3850 486 3884 Α.
516 3850 568 3885 Μ.

2245 3925 2292 3958 22
