2970 4420
1205 305 1262 337 nn
1293 301 1568 336 mmmmm.
1618 308 1621 309 ⁷
1659 276 1662 278 v
2450 291 2506 336 61

264 393 442 448 nullas,
468 391 576 454 quia
608 391 656 436 in
688 397 787 436 arte
809 387 1081 452 hydraulica
1108 390 1345 437 notissima
1378 387 1656 436 mechanicis
1677 383 1902 433 Ctesibius
1930 383 2257 432 alexandrinus
2285 387 2514 448 quaedam

266 471 458 523 adiecit,
483 467 558 514 vel
589 466 736 514 multa
765 464 824 513 ab
851 466 951 513 aliis
978 468 1165 513 inventa
1188 466 1406 529 perfecit;
1435 465 1544 512 ideo
1567 464 1633 511 nil
1659 463 1832 511 mirum
1854 463 2090 508 Heronem
2116 462 2344 508 seniorem
2368 465 2513 511 multa

265 563 352 595 suo
385 545 510 593 libro
549 545 809 591 inseruisse.
845 544 1136 591 Mechanicus
1170 544 1258 591 fuit
1296 545 1443 606 patria
1482 556 1690 591 ascraeus
1708 575 1720 594 ,
1756 539 1962 587 Hesiodo
1999 539 2217 586 conciviS.
2254 538 2515 587 Athenaeus

262 623 558 671 mechanicus
594 620 720 668 libro
753 609 1126 682 μηχανημάτων
1166 621 1224 667 ad
1265 619 1552 667 Marcellum.
1590 611 1869 674 Κτησίβιος
1913 602 1970 659 δέ
2015 606 2038 658 ὁ
2072 604 2360 678 οἷσκρηνός,
2396 606 2419 658 ὁ
2468 607 2514 662 ἐν

258 687 653 762 Ἀλεξανδρείᾳ
663 684 945 759 μηχανικός
977 687 1024 743 ἐν
1051 687 1162 748 τοῖς
1192 685 1510 758 ὑπομνήμασι
1538 682 1907 758 καΤεχῶρησεν,
1933 680 2100 738 ὡσΤε’
2081 682 2157 735 επὶ
2185 682 2364 752 τεῖχος
2395 679 2512 737 α’νευ

264 772 513 837 κλίμακος
541 765 846 831 οἷναβαί·νειν
877 761 964 818 διὰ
996 762 1354 859 μηχανήμαΤος
1381 761 1649 825 τοιούτου,
1681 759 1833 828 φησὶ,
1864 754 1946 813 δεῖ
1973 757 2344 856 καὙθασκευοίσαι
2384 755 2514 830 ἅμα·

263 845 361 917 ξαν
395 861 483 900 etc.
520 854 576 899 Et
609 852 737 897 Hero
769 851 940 897 iunior.
982 838 1207 896 Δυνατόν
1243 836 1301 894 δὲ
1338 837 1436 894 ἕσὟι
1475 838 1557 893 καὶ
1597 836 1714 894 ἀνευ
1751 834 2022 909 κλιμάκων
2051 835 2126 890 ἐπὶ
2162 835 2340 906 τεῖχος
2375 834 2513 931 οἰνέρ-

262 923 494 990 χεσθαι,
530 919 597 980 ὥς
634 918 658 971 ὂ
697 917 938 990 οἷσκρηνός
963 921 1253 983 Κτησίβιος
1290 916 1314 969 ὁ
1352 938 1441 969 του
1480 913 1878 989 οἷλεξανδρέωςε
1875 913 2087 986 Ἠρωνος
2122 909 2428 984 καθηγητης
2468 912 2514 965 ἐν

262 998 374 1059 τοῖς
407 996 593 1051 ἑαυτοῦ
623 992 876 1052 ἐδήλωσεν
906 992 1267 1066 ὑπομνήμασιν.
1304 1004 1398 1049 Etsi
1431 1003 1737 1050 Alexandriae
1772 1003 1858 1049 arti
1891 996 2185 1048 mechanicae
2208 1015 2400 1062 operam
2434 1000 2515 1046 de-

249 1074 409 1138 disse,
435 1083 595 1146 ibique
619 1097 832 1161 magnam
859 1082 1056 1143 gloriam
1081 1088 1444 1142 consequutum‚
1475 1089 1652 1126 certum
1674 1081 1755 1133 sit,
1783 1095 1840 1127 ex
1862 1080 1952 1126 iam
1982 1079 2108 1125 dicto
2133 1077 2240 1124 loco
2265 1077 2511 1131 Athenaei,

263 1169 308 1208 et
338 1161 567 1207 Philonis:
604 1149 698 1203 τοῦ
727 1146 783 1202 δὲ
806 1146 1125 1218 χαλκόΤόνου
1153 1145 1535 1220 παρειλήφαμεν
1568 1146 1764 1240 εὑρετην
1795 1169 1915 1217 μεν,
1945 1145 2010 1208 ὦς
2039 1168 2120 1199 και
2155 1142 2401 1218 οἷνωτερόν
2434 1168 2511 1198 σοι

265 1225 652 1298 δεδηλώκαμεν,
688 1229 964 1291 Κτησίβιον
998 1222 1084 1279 τὸν
1129 1223 1176 1278 ἐν
1212 1222 1590 1297 Ἀλεξανδρείᾳ
1626 1221 1907 1297 γενόμενον
1942 1233 2064 1280 Vixit
2102 1233 2223 1278 circa
2265 1232 2513 1278 Ptolemaei

262 1314 553 1376 Philadelphi
586 1321 824 1375 tempora,
852 1308 931 1358 aut
961 1309 1240 1364 Alexandri,
1265 1317 1317 1355 ut
1351 1310 1570 1371 colligere
1593 1325 1839 1372 possumus
1872 1326 1929 1356 ex
1955 1308 2124 1370 Hedyli
2158 1309 2510 1370 epigrammate,

262 1391 393 1454 quod
423 1390 684 1443 Athenaeus
716 1388 800 1436 lib.
828 1389 907 1434 XI.
938 1387 1017 1451 (p.
1047 1389 1158 1434 497.
1179 1386 1194 1449 )
1227 1386 1510 1449 dipnosoph.
1540 1386 1724 1441 laudat,
1753 1386 1867 1433 dum
1901 1386 1960 1433 de
1993 1386 2133 1448 rhyto
2158 1385 2314 1447 poculi
2350 1400 2514 1447 genere

261 1469 381 1514 inter
413 1465 672 1514 bibendum
706 1465 836 1511 fluxu
868 1465 964 1511 vini
996 1464 1070 1510 vel
1105 1479 1251 1526 aquae
1283 1464 1528 1525 strepitum
1552 1462 1752 1516 edentis,
1779 1461 1909 1524 quod
1933 1461 2083 1509 fuerat
2105 1463 2345 1508 inventum
2377 1461 2513 1507 Ctesi·

262 1544 328 1592 bii
357 1538 635 1590 mechanici.
662 1528 893 1592 “Ηδυλος
966 1531 979 1550 ’
1014 1529 1062 1585 ἐν
1100 1528 1442 1604 ε’πιΓροίμμασι
1473 1551 1580 1609 περι
1621 1529 1714 1582 τοῦ
1743 1526 2287 1590 καὛασκευασθε’ντος“
2261 1551 2353 1581 υπο
2387 1531 2513 1585 Κτη-

265 1615 435 1677 σιβίου
471 1610 573 1664 τοῦ
595 1608 950 1680 μηχανοποιοῦ
973 1607 1134 1681 ῥυτοῦ
1163 1605 1479 1678 μνημονεύων
1509 1611 1645 1671 φησί·
1679 1603 2024 1680 -ζωροπόται
2055 1605 2138 1659 καὶ
2174 1605 2326 1659 τοῦτο
2361 1608 2511 1669 φίλον

266 1685 483 1761 ζεφύρου
520 1685 649 1740 κατὰ
685 1685 796 1742 νηόν
829 1721 860 1730 -
892 1702 979 1740 etc.
1018 1693 1280 1740 concludit.

718 1760 893 1814 Ἀλλὰ
930 1764 1213 1827 Κτησιβίου
1252 1759 1406 1826 σοφόν
1444 1757 1632 1833 εύρεμα
1665 1765 1793 1814 τίετε
1829 1781 1997 1813 τουτο.

694 1837 884 1894 Δευτε
920 1835 1019 1892 νέοι
1058 1837 1157 1911 νηῷ
1188 1835 1317 1912 τῷδε
1352 1837 1463 1911 παρ’
1494 1834 1771 1910 Ἀρσινόης

234 1930 402 1982 ,Νοῖεῃ
430 1925 600 1980 lector,
631 1924 820 1986 rhytum
847 1924 987 1971 fuisse
1010 1925 1253 1971 inventum
1278 1923 1479 1971 Ctesibii.
1509 1924 1639 1975 Illius
1671 1923 1881 1971 meminit
1900 1922 2262 1985 Theophrastus3
2289 1921 2511 1969 Ctesibius

259 2019 373 2067 ergo
397 2003 716 2066 Theophrasto
741 2001 1000 2062 antiquior3
1026 2009 1071 2047 et
1089 2002 1131 2050 si
1156 2001 1331 2063 placet,
1360 2009 1459 2053 esto
1488 2000 1707 2062 aequalis.
1735 1997 1960 2046 Athenaei
1984 1996 2126 2045 verba
2159 1998 2348 2045 ibidem
2390 1988 2511 2042 Θεό-

261 2088 485 2145 φραστος
521 2068 571 2122 δ’
611 2069 659 2124 ἐν
692 2068 766 2142 τῷ
798 2089 905 2142 περι
945 2065 1103 2139 με’θης
1137 2064 1197 2122 ‘rox
1230 2066 1382 2141 ῥυτὸν
1414 2065 1563 2132 φησιν
1600 2063 1968 2140 ὀνομαζόμενον
2002 2065 2113 2126 τοῖς
2150 2088 2299 2139 ηρωσι
2334 2064 2510 2137 μόνοις

258 2144 628 2204 ἀποδίδοσθαι.
661 2156 795 2201 Errat
822 2156 964 2217 igitur
987 2154 1183 2210 Baldus,
1211 2156 1292 2217 qui
1326 2153 1576 2201 Ctesibium
1601 2169 1837 2201 ascraeum
1861 2169 1968 2199 cum
1993 2152 2293 2199 alexandrino
2318 2153 2513 2200 confun-

258 2236 351 2290 dit,
378 2244 618 2283 tonsorem
643 2232 775 2287 facit,
804 2240 850 2278 et
881 2231 984 2279 vult
1004 2231 1296 2296 temporibus
1319 2234 1570 2294 Evergetae
1593 2231 1782 2278 secundi
1806 2231 1927 2277 miro
1952 2229 2306 2276 anachronismo
2326 2231 2507 2277 vixisse.

249 2304 442 2376 Aliique
465 2311 602 2358 simul
630 2310 922 2372 complures,
948 2311 1056 2373 quia
1084 2317 1180 2356 non
1203 2309 1406 2356 viderint
1433 2309 1553 2356 duos
1579 2309 1719 2356 hosce
1742 2305 1988 2362 Ctesibios‚
2016 2306 2230 2369 pluribus
2265 2297 2513 2370 οἷνισὙορη-

258 2386 369 2441 σίας
402 2389 658 2435 involucris
682 2387 1004 2433 involvuntur.
1034 2388 1151 2453 Sane
1185 2402 1272 2448 ego
1305 2387 1480 2434 Heroni
1504 2386 1699 2441 seniori,
1731 2383 1916 2432 Ctesibii
1948 2385 2118 2431 ascraei
2151 2383 2406 2447 discipulo,
2438 2399 2513 2431 ae-

257 2467 442 2528 qualem
469 2466 681 2512 existimo
707 2465 827 2510 circa
849 2463 1140 2526 Philadelphi
1165 2472 1404 2527 tempora3
1430 2463 1658 2525 illumque
1689 2462 1852 2516 fuisse,
1880 2463 1961 2524 qui
1985 2477 2092 2508 cum
2114 2461 2373 2508 Demetrius
2398 2461 2512 2524 pha-

256 2543 409 2590 lereus
432 2557 592 2590 rerum
623 2542 878 2603 potiretur,
905 2549 1010 2587 ante
1039 2541 1294 2603 templum,
1324 2541 1488 2587 cellam
1520 2541 1697 2587 Cereris
1729 2548 1776 2586 et
1804 2539 2132 2601 Proserpinae,
2170 2539 2219 2583 in
2246 2537 2400 2585 fronte
2434 2553 2509 2584 co-

258 2620 430 2666 lumnis
461 2619 744 2670 constitutis,
775 2617 1019 2679 prostylon
1052 2617 1181 2672 fecit,
1209 2626 1262 2663 ut
1293 2626 1451 2664 narrat
1482 2617 1718 2664 Vitruvius
1752 2615 1836 2662 lib.
1866 2617 1963 2662 VII.
1994 2616 2041 2661 in
2076 2616 2319 2677 prooemio
2346 2614 2425 2677 (1)

386 2696 493 2741 Acri
523 2695 595 2741 vir
627 2695 839 2755 ingenio,
868 2709 920 2740 ac
944 2694 1170 2740 industria
1204 2694 1386 2741 fervens
1409 2710 1514 2741 cum
1545 2695 1674 2740 domi
1706 2708 1802 2739 non
1835 2708 1970 2755 posse
2001 2691 2252 2754 proficere,
2286 2707 2370 2737 nec
2401 2691 2509 2736 illu-

256 2774 363 2820 stris
398 2787 497 2818 esse
529 2770 777 2824 iudicaret,
807 2769 1046 2816 doctrinae
1081 2785 1330 2833 rerumque
1359 2771 1729 2817 mechanicarum
1759 2786 1854 2817 non
1888 2768 2192 2815 obscurarum
2223 2776 2268 2814 et
2296 2768 2507 2814 sordida-

255 2866 363 2898 rum
396 2848 479 2895 sed
508 2846 764 2894 celebrium
792 2847 892 2900 siti,
926 2847 1013 2892 iter
1044 2847 1326 2909 ingreditur,
1357 2863 1486 2894 mare
1518 2848 1811 2901 transmittit,
1846 2855 1892 2892 et
1923 2846 2244 2908 proximorum
2273 2853 2507 2904 tamquam

256 2928 422 2975 vilium
452 2925 737 2977 incuriosus,
768 2923 1023 2984 longinqua
1056 2930 1282 2976 sectatum
1318 2932 1363 2970 et
1399 2923 1506 2970 licet
1537 2925 1716 2970 occasio
1749 2938 1845 2969 non
1887 2921 2140 2968 admodum
2163 2920 2320 2966 >facilis
2354 2928 2501 2973 esset,

255 3003 474 3052 Rhodum
511 3000 710 3054 accedit,
737 2999 1133 3061 Alexandriaeque
1163 2999 1332 3045 limites
1362 3007 1594 3061 penetrat,
1625 3007 1681 3045 ut.
1701 3013 1820 3060 quae
1844 2997 1910 3043 ibi
1931 2999 1978 3044 in
2010 2998 2160 3059 pretio
2186 3004 2335 3042 essent
2364 2986 2506 3042 rima-

253 3090 385 3128 retur
418 3088 556 3140 atque
578 3077 858 3129 addisceret;
883 3077 931 3122 in
962 3076 1297 3123 florentissimis
1325 3076 1537 3122 Graeciae
1559 3074 1779 3129 urbibus,
1807 3074 1962 3121 studio
1986 3082 2032 3120 et
2060 3073 2264 3134 sollertia
2288 3088 2367 3119 eos
2390 3087 2504 3135 pro-

254 3144 401 3204 fectus
433 3157 482 3201 in
516 3154 794 3200 mechanicis
826 3151 1015 3206 habuit,
1043 3161 1095 3198 ut
1119 3167 1226 3199 eum
1258 3152 1331 3199 vel
1361 3152 1420 3198 de
1452 3152 1615 3198 itinere
1639 3159 1877 3213 suscepto,
1905 3149 1979 3196 vel
2006 3149 2064 3196 de
2088 3147 2329 3195 laboribus
2362 3164 2503 3196 exan-

254 3235 378 3280 tlatis
411 3247 638 3293 nusquam
663 3230 959 3292 poenituerit.
992 3230 1112 3284 Quin
1136 3238 1182 3276 et
1214 3230 1409 3292 posteris
1436 3243 1566 3275 suam
1589 3228 2004 3290 peregrinationem
2032 3225 2156 3272 libro
2185 3227 2259 3272 lv.
2293 3234 2503 3272 testatam

255 3311 459 3399 reliquit.
493 3295 878 3393 Ἱστορνῖσομεν
880 3319 965 3351 ουν
1001 3318 1080 3350 σοι
1116 3295 1305 3351 καθότι
1342 3318 1424 3349 και
1469 3293 1616 3348 αυτοὶ
1654 3292 2048 3368 τισαρειληφαμεν
2087 3315 2133 3347 εν
2169 3315 2220 3346 τε
2257 3292 2501 3365 Ἀλεξαν·

258 3374 315 3451 δρ
322 3382 401 3431 εία
436 3372 820 3434 συσταθέντες’
802 3396 877 3427 επι
917 3373 1096 3428 πλεῖον
1130 3374 1242 3435 τοῖς
1277 3371 1385 3446 περὶ
1425 3395 1490 3425 τα
1524 3393 1743 3424 τοιαυτα
1776 3366 2180 3440 καταΓινομένοις
2215 3374 2500 3439 τεχνίταις,

256 3476 338 3507 και
379 3452 452 3506 ἐν
456 3447 623 3523 Ρόδῳ
659 3447 977 3525 γνωσθέντες
1014 3449 1102 3503 οὐκ
1137 3449 1346 3543 ὀλίγοις
1382 3445 1777 3541 ἀρχιτέκτοσιν,
1804 3469 1886 3500 και
1927 3468 2079 3518 woepoe
2111 3443 2313 3508 τούτοις
2348 3469 2497 3500 κατα-

257 3528 516 3589 νοήσαντες
550 3549 617 3580 τα
648 3526 881 3598 μάλιστα
912 3549 1009 3582 των
1046 3523 1275 3599 ὀργάνων
1315 3522 1677 3595 ευδοκιμουντα
1714 3521 1957 3590 σύνεγγυς
1992 3527 2246 3579 πιωτοντα
2281 3545 2339 3579 τη
2375 3530 2496 3595 μελ-

256 3603 419 3675 λούση
453 3599 665 3676 μεθόδῳ
700 3601 962 3676 λεγεσθαι
1004 3602 1175 3662 οὕτως.

384 3692 573 3753 Scripsit
605 3690 752 3738 multa
783 3692 832 3737 in
865 3691 1064 3738 scientiis
1095 3689 1428 3736 mathematicis
1460 3702 1626 3750 magna
1660 3702 1765 3734 cum
1798 3687 1953 3735 laude.
1990 3689 2056 3734 Ex
2082 3689 2136 3735 iis
2160 3687 2382 3736 nonnulla
2417 3702 2496 3732 ex-

340 3863 389 3904 (ι)
413 3860 560 3899 Scilicet
582 3861 771 3900 Vitruvius
794 3861 876 3900 loco
901 3861 964 3899 cit.
990 3859 1083 3898 dicit
1104 3859 1299 3916 Philonem
1325 3863 1511 3898 auctorem
1537 3859 1638 3899 illius
1662 3858 1827 3909 prostyli.
1853 3860 1898 3897 Δ.
1925 3859 1977 3896 Μ.
