2970 4420
448 268 559 299 XXVI
1014 290 1015 293 ,
1387 265 1538 297 LEONIS
1571 265 1746 295 ALLATu

452 343 660 396 datusque
684 340 912 395 plurimum
945 344 1007 382 est
1037 352 1061 382 a
1091 339 1381 392 Cardinalibus
1402 339 1631 381 Ludovisio
1655 338 1872 381 Pontificis
1901 341 2042 384 fratris
2070 342 2181 395 filio,
2202 348 2245 387 et
2275 342 2511 388 Cobellutio
2541 346 2699 390 biblio-

448 412 656 456 thecario,
690 410 771 453 Sed
791 424 844 452 ne
868 411 970 465 quid
1001 423 1144 453 morae
1167 412 1339 465 negotio
1371 409 1565 451 confecto
1587 421 1723 463 prope
1746 409 2027 466 absolutoque
2046 414 2340 469 interveniret,
2363 430 2508 459 rursus
2529 418 2697 461 obviam

449 484 600 526 missus
630 486 693 524 est
723 482 990 524 venientibus
1012 494 1036 523 a
1057 482 1252 524 Bononia
1281 480 1423 531 libris,
1448 492 1556 533 quae
1586 491 1654 521 res
1682 479 1802 521 illum
1826 483 1919 522 toto
1943 485 2123 538 suscepti
2150 485 2311 528 laboris
2326 486 2475 530 fructu
2498 489 2695 543 privavit.

450 557 638 614 Namque
661 553 888 607 Gregorius
908 552 1124 607 pontifex,
1147 555 1367 594 contracto
1399 549 1562 604 pridem
1591 550 1710 603 gravi
1739 550 1916 604 morbo,
1940 564 2027 607 quo
2047 554 2187 597 fuerat
2216 556 2476 611 aliquamdiu
2506 558 2560 600 ab
2582 560 2698 601 omni

451 626 625 681 publico
656 636 827 666 munere
859 621 1008 677 procul
1038 622 1229 674 habitus,
1256 621 1397 676 paucis
1426 624 1524 674 post
1548 620 1687 661 Allatii
1718 620 2023 675 profectionem
2054 624 2204 667 diebus
2233 631 2296 669 est
2326 632 2534 673 mortuus.
2570 630 2699 671 Cum-

452 711 536 754 que
564 699 717 740 iterum
741 697 916 738 Romam
948 698 1010 736 est
1040 694 1261 746 advectus,
1286 692 1446 745 accepit
1477 704 1501 732 a
1530 691 1760 734 Ludovisio
1786 692 2038 736 destinatum
2067 696 2147 738 sibi
2177 710 2201 739 a
2232 703 2383 752 patruo
2416 700 2505 742 eius
2534 701 2579 742 in
2610 701 2700 743 col-

451 771 563 824 legio
596 769 906 812 Canonicorum
938 765 1022 807 divi
1050 764 1159 807 Petri
1181 764 1348 814 locum,
1372 775 1551 804 vacuum
1582 775 1669 804 non
1691 764 1750 804 ita
1770 763 1936 818 pridem
1957 765 2082 807 unius
2106 766 2385 817 obtinentium
2412 770 2560 823 obitu,
2583 772 2702 814 cuius

453 843 658 884 honorem
683 844 724 881 et
745 838 906 880 fructus
929 836 1096 890 egregie
1119 834 1384 887 fideliterque
1407 838 1581 875 navatae
1603 834 1725 876 huius
1749 848 1900 890 operae
1930 838 2164 890 praemium
2184 838 2339 894 ferret;
2362 854 2440 884 nec
2462 842 2552 883 sine
2573 843 2700 885 animi

455 913 646 955 molestia
675 916 764 953 tam
794 907 1014 951 laudabilis
1043 905 1352 948 munificentiae
1383 904 1651 958 facultatem,-
1684 908 1786 948 novi
1812 907 2029 950 Pontifiois
2060 909 2325 964 (creatione)
2357 912 2597 968 ademptam
2621 913 2702 956 sibi

454 996 640 1027 cernere.
675 984 797 1024 Hunc
830 984 976 1034 postea
1009 978 1214 1020 honorem
1245 975 1438 1018 Urbanus
1465 977 1582 1019 VIII.
1608 978 1797 1032 Gregorii
1827 991 2044 1022 successor
2070 981 2261 1035 Virginio
2291 974 2557 1038 Caesarinio,
2580 985 2702 1028 eubi-

454 1056 540 1098 cnli
566 1053 772 1109 pontificii
802 1050 1015 1106 praefecto
1031 1080 1042 1102 ,
1076 1048 1272 1091 contulit.
2568 1084 2574 1087 .

572 1127 644 1168 43.
679 1125 871 1166 Ceterum
905 1121 957 1163 ad
975 1121 1180 1177 ¹Allatium
1200 1131 1287 1161 non
1309 1130 1459 1172 magna
1488 1119 1612 1161 rediit
1642 1121 1825 1175 suscepti
1858 1133 1935 1175 pro
1967 1121 2051 1163 alio
2082 1122 2274 1178 principe
2303 1124 2465 1167 laboris
2484 1130 2528 1171 et
2549 1139 2702 1182 operae

452 1199 602 1252 gratia.
636 1198 722 1239 Nec
753 1195 923 1237 deerant
954 1193 1028 1246 qui
1057 1205 1214 1234 novum
1244 1190 1495 1234 Pontificem
1526 1203 1614 1255 non
1645 1193 1742 1234 satis
1771 1192 1833 1233 illi
1863 1205 2046 1247 aequum
2081 1193 2388 1248 existimarent,
2423 1196 2541 1251 quod
2571 1197 2699 1251 olim,

456 1282 553 1312 cum
583 1267 843 1311 Cardinalem
873 1268 1041 1319 ageret,
1074 1268 1265 1317 essetque
1298 1263 1463 1317 collegii
1494 1264 1632 1317 graeci
1661 1268 1915 1318 protector,
1936 1264 2024 1305 eius
2055 1264 2265 1311 voluntati
2295 1278 2383 1308 non
2414 1268 2623 1320 cessisset,
2655 1273 2704 1311 ut

456 1342 499 1382 in
530 1338 768 1381 erudiendis
798 1334 852 1377 ad
882 1335 1164 1389 eloquentiam
1194 1333 1379 1375 eiusdem
1411 1334 1579 1388 collegii
1609 1333 1811 1385 alumnis,
1836 1338 1883 1375 ut
1913 1339 2134 1389 coeperat,
2155 1341 2466 1390 perseveraret,
2497 1338 2627 1379 immo
2658 1339 2705 1380 id

455 1413 593 1466 ipsum
624 1422 672 1451 ea
702 1408 967 1463 potissimum
999 1407 1132 1460 gratia
1161 1406 1307 1447 fecisse
1337 1404 1575 1457 videretur,
1606 1405 1724 1460 quod
1755 1405 1967 1447 Cardinali
1997 1406 2220 1448 molestum
2251 1419 2340 1449 esse
2372 1408 2585 1450 cernebat.
2620 1411 2705 1452 Ac-

458 1482 654 1532 cedebat,
688 1470 806 1534 quod
838 1478 890 1520 de
920 1490 1070 1533 graeca
1105 1477 1333 1519 Cardinalis
1369 1477 1668 1531 poesi‚.quasi
1699 1488 1786 1518 non
1820 1476 1921 1517 satis
1952 1475 2066 1518 culta
2098 1489 2237 1530 neque
2272 1477 2438 1531 elegans
2467 1484 2600 1533 esset,
2634 1481 2704 1522 in-

455 1553 703 1608 tempestiva
732 1563 828 1592 eum
849 1549 1045 1591 libertate
1074 1548 1241 1590 locutus
1269 1547 1503 1590 dicebatur.
1537 1548 1647 1589 Hinc
1676 1548 1882 1589 acriorem
1908 1559 2036 1600 quam
2060 1559 2140 1602 pro
2165 1548 2226 1589 rei
2254 1550 2456 1595 tenuitate
2483 1551 2707 1593 coniectati

455 1627 498 1667 in
532 1624 671 1665 auimo
706 1621 920 1664 Pontificis
956 1620 1231 1662 offensionem
1262 1619 1481 1674 Scioppius
1515 1623 1557 1661 et
1590 1620 1807 1671 Setonius,
1842 1618 1998 1673 quibus
2034 1618 2079 1660 in
2113 1620 2390 1672 asportandae
2423 1620 2706 1665 bibliothecae

458 1696 669 1738 Palatinae
695 1707 794 1736 cura
815 1693 1011 1735 Allatium
1041 1692 1276 1746 praelatum
1304 1703 1430 1746 supra
1458 1691 1804 1742 memoravimus,
1831 1691 1992 1733 elevare
2019 1691 2157 1745 primo
2185 1690 2416 1745 librorum,
2444 1693 2517 1747 qui
2542 1693 2707 1736 advecti

458 1772 577 1810 erant
606 1778 853 1816 numerum,
878 1768 921 1805 et
949 1763 1152 1818 pretium,
1184 1762 1463 1817 laboremque
1495 1774 1544 1803 ac
1572 1762 1759 1816 pericula
1790 1774 1882 1803 eam
1914 1760 1970 1803 ob
1999 1774 2087 1803 rem
2114 1761 2167 1803 ab
2195 1762 2351 1804 Allatio
2373 1767 2600 1818 suscepta3
2634 1778 2707 1808 ac-

460 1851 603 1880 cusare
631 1836 854 1880 Cohellutii
884 1836 1134 1885 vanitatem,
1167 1832 1287 1887 quod
1315 1837 1464 1875 auctor
1495 1833 1874 1886 fuisset'Gregorio
1905 1833 1993 1874 eius
2021 1832 2328 1886 aggrediendae
2357 1834 2418 1875 rei
2444 1836 2614 1877 maximi
2643 1836 2709 1878 di-

456 1909 646 1965 spendii,
671 1921 749 1950 nec
775 1906 948 1961 perinde
977 1907 1070 1947 usui
1097 1906 1279 1946 futurae.
1311 1905 1397 1946 Nec
1426 1903 1525 1945 fidei
1551 1905 1705 1946 Leonis
1733 1902 1984 1959 parcebant,
2010 1904 2130 1958 quasi
2158 1905 2485 1959 intercipiendos
2514 1905 2708 1949 meliores

460 1993 631 2036 quoque
668 1979 834 2021 codices
867 1978 1037 2018 minime
1072 1976 1253 2030 simplici
1288 1975 1505 2029 diligentia
1537 1987 1682 2029 passus
1719 1979 1850 2027 esset3
1883 1976 2076 2029 interque
2114 1979 2279 2029 cetera,
2311 1976 2474 2019 Thuani
2506 1977 2707 2020 historiae

458 2050 755 2107 apographum
785 2048 1074 2102 requirebant,
1100 2046 1218 2102 quod
1247 2046 1348 2088 olim
1377 2046 1456 2088 sibi
1481 2045 1618 2087 visum
1647 2046 1692 2087 in
1723 2045 1911 2088 Palatina
1937 2045 2200 2088 bibliotheca
2222 2045 2435 2100 ferebant;
2465 2060 2708 2103 pronasque

456 2123 513 2167 ad
545 2123 647 2166 haec
678 2121 819 2163 omnia
851 2120 1011 2162 Urbani
1037 2117 1251 2173 pontificis
1282 2130 1425 2171 aures,
1457 2118 1607 2159 veteris
1628 2117 1823 2160 offensae
1853 2130 1940 2159 non
1967 2118 2248 2172 immemoris,
2277 2118 2429 2161 habere
2460 2119 2703 2163 credebant.

457 2196 544 2238 Nec
574 2194 745 2236 deerant
780 2193 854 2246 qui
882 2192 1008 2233 tantis
1038 2189 1283 2232 criminibus
1319 2193 1637 2243 oppugnatum,
1670 2189 1806 2243 specie
1840 2188 2148 2231 benivolentiae
2184 2189 2480 2244 hortarentur,
2512 2192 2708 2246 flagranti

459 2266 521 2308 illi
552 2264 762 2317 invidiae,
796 2276 845 2306 ac
874 2263 1023 2317 poenis
1048 2273 1153 2316 quas
1180 2260 1294 2303 haud
1325 2259 1453 2302 dubie
1476 2259 1694 2302 subiturus
1720 2259 1967 2312 videbatur,
2000 2265 2165 2303 matura
2195 2261 2248 2302 ab
2280 2261 2394 2305 Urbe
2428 2262 2709 2306 declinatione

460 2349 503 2378 se
536 2335 813 2387 subduceret,
846 2333 978 2375 tutius
1013 2337 1056 2374 et
1087 2331 1249 2373 felicius
1280 2343 1303 2372 e
1338 2330 1575 2385 longinquo
1609 2342 1774 2372 causam
1809 2331 2014 2373 dicturus.
2050 2330 2145 2383 Quo
2180 2332 2287 2374 nihil
2321 2332 2536 2387 indignius
2569 2334 2708 2378 visum

461 2420 510 2449 ex
542 2406 797 2448 conscientia
825 2416 900 2445 sua
930 2403 1145 2458 praeclare
1172 2402 1319 2444 fidenti
1345 2401 1452 2454 sibi,
1485 2413 1563 2443 nec
1592 2401 1680 2443 ullo
1711 2406 1840 2456 pacto
1868 2400 2011 2444 induci
2043 2414 2192 2457 passus
2218 2407 2304 2456 est,
2337 2408 2386 2445 ut
2410 2404 2518 2446 illud
2544 2409 2708 2448 tantum

460 2480 506 2520 in
533 2490 576 2520 se
605 2477 785 2519 dedecus
817 2474 1078 2526 admitteret,
1111 2474 1349 2528 famamque
1378 2478 1420 2515 et
1447 2485 1602 2515 nomen
1633 2486 1754 2515 suum
1782 2473 1895 2515 ultno
1921 2475 2012 2529 ipse
2041 2474 2241 2528 proderet
2269 2475 2507 2518 inconsulta
2534 2478 2709 2519 vanissi-

461 2560 629 2599 morum
657 2546 877 2589 criminum
908 2545 1196 2595 confessione,
1230 2556 1355 2599 quam
1385 2544 1579 2586 homines
1607 2544 1650 2587 in
1681 2543 1750 2586 illa
1777 2543 1877 2597 fuga
1902 2545 2055 2586 merito
2082 2545 2435 2599 interpretaturos
2464 2546 2677 2589 cernebat.

571 2620 652 2660 ⁷44.
686 2619 834 2672 Itaque
869 2616 920 2658 de
954 2615 1171 2658 Pontificis
1205 2615 1417 2670 aequitate
1448 2627 1643 2667 securus,
1675 2628 1753 2658 nec
1784 2628 1883 2658 suae
1915 2617 2182 2670 innocentiae
2214 2616 2392 2670 dubius,
2425 2618 2604 2672 impigre
2633 2630 2708 2672 ag-

463 2702 628 2743 gressus
659 2693 720 2731 est
752 2688 915 2730 obiecta
948 2686 1152 2729 refellere.
1186 2686 1298 2738 Quid
1329 2688 1439 2728 enim
1470 2690 1557 2727 tam
1589 2686 1818 2729 absurdum
1853 2700 1902 2730 ac
1936 2688 2074 2729 minus
2108 2687 2353 2741 ferendum,
2387 2688 2548 2740 aiebat,
2582 2702 2709 2745 quam

464 2760 583 2816 quod
608 2760 717 2803 illud
739 2759 934 2813 Gregorii
956 2757 1169 2813 pontificis
1194 2758 1441 2811 consilium,
1463 2758 1700 2813 splendoris
1721 2771 1769 2800 ac
1791 2758 2128 2813 magnificentiae
2148 2747 2343 2814 plenum,
2369 2760 2557 2802 utilitatis
2579 2761 2710 2803 modo

465 2838 507 2874 et
541 2836 739 2887 quaestus
771 2830 1007 2873 rationibus
1037 2828 1316 2872 metirentur?
1348 2831 1468 2884 quasi
1501 2843 1604 2872 vero
1637 2830 1853 2884 degeneris
1886 2830 1995 2873 lucri
2028 2843 2175 2881 causa,
2209 2836 2252 2873 et
2283 2831 2423 2873 animo
2457 2833 2710 2874 mercatorio

462 2910 549 2947 tam
578 2904 739 2946 illustre
771 2902 952 2957 spolium
982 2901 1242 2955 affectasset,
1275 2914 1363 2943 non
1389 2901 1532 2956 potius
1562 2898 1826 2944 decorandae
1853 2902 2036 2957 principi
2063 2903 2252 2956 gentium
2285 2903 2462 2954 (urbi),
2493 2903 2712 2957 proferen·
2775 2921 2786 2925 ·

463 2976 542 3018 dae
568 2975 764 3017 ecclesiae
795 2985 991 3016 romanae
1022 2972 1242 3027 dignitati,
1276 2985 1325 3014 ac
1355 2972 1568 3014 testandae
1598 2972 1652 3014 ad
1681 2978 1876 3028 posteros
1905 2964 2220 3015 Catholicorum
2253 2973 2305 3015 de
2339 2975 2580 3016 contumaci
2609 2974 2712 3016 hae-

464 3047 543 3089 resi
581 3044 817 3088 victoriae?
848 3044 908 3086 Ac
937 3057 990 3086 ne
1020 3044 1203 3099 pretium
1240 3042 1411 3098 quidem
1444 3056 1543 3086 sane
1575 3044 1665 3086 eius
1698 3056 1878 3099 operae,
1911 3044 2072 3086 etiamsi
2103 3045 2281 3098 pecunia
2309 3044 2564 3086 aestimanda
2594 3047 2711 3092 tanta

465 3131 531 3160 res
559 3121 690 3168 esset,
714 3129 800 3158 non
827 3117 994 3170 egregie
1019 3119 1242 3165 constare,
1266 3116 1300 3157 si
1329 3115 1425 3169 quis
1454 3116 1667 3165 raritatem
1697 3120 1738 3157 et
1756 3115 2044 3170 antiquitatem
2075 3114 2294 3166 codicum,
2317 3119 2359 3156 et
2379 3110 2559 3156 'maxime
2589 3127 2711 3169 grae-

466 3201 638 3236 corum,
669 3190 904 3239 intueatur,
939 3188 1004 3229 vel
1037 3199 1170 3229 unum
1198 3186 1352 3228 bibliae
1383 3199 1523 3234 sacrae
1551 3187 1750 3229 volumen
1779 3185 2072 3239 antiquissimo
2104 3184 2301 3226 hebraico
2333 3184 2575 3227 charactere
2603 3197 2710 3227 cou-

465 3260 692 3313 scriptum,
726 3259 899 3312 dignum
927 3260 1062 3301 omnis
1091 3270 1245 3313 operae
1278 3258 1501 3311 omnisque
1528 3257 1735 3312 dispendii
1766 3257 1998 3311 praemium
2028 3267 2141 3306 esse,
2170 3254 2290 3310 quod
2313 3256 2461 3303 eximie
2490 3254 2713 3298 conserva-

466 3335 556 3372 tum
589 3334 631 3371 et
658 3330 814 3372 ferreae
840 3323 958 3372 arcae
988 3331 1256 3374 commissum
1282 3330 1518 3385 reperisset.
1553 3328 1633 3370 Sed
1660 3327 1905 3370 utrumlibet
1922 3327 2013 3378 sit,
2037 3326 2174 3368 nullas
2202 3327 2249 3368 in
2274 3338 2325 3368 eo
2350 3327 2523 3380 negotio
2554 3326 2715 3370 delibe-

468 3399 590 3442 randi
613 3405 751 3455 partes
772 3413 867 3443 suas
890 3401 1041 3454 fuisse,
1067 3413 1348 3457 nequefsuum
1375 3400 1427 3442 de
1453 3399 1739 3442 bibliothecae
1764 3398 1957 3440 bonitate
1976 3396 2179 3439 iudicium
2204 3399 2474 3451 interponere
2498 3396 2708 3440 debuisse.

471 3473 630 3514 Verum
655 3471 862 3525 quidquid
886 3472 931 3514 id
953 3477 1082 3527 esset,
1108 3472 1226 3528 quod
1253 3472 1452 3515 ecclesiae
1476 3483 1673 3513 romanae
1697 3483 1725 3512 a
1752 3469 1858 3512 duce
1884 3470 2048 3511 Bavaro
2072 3468 2357 3521 offerebatur,
2380 3481 2476 3510 cum
2499 3467 2714 3522 diligentia

471 3546 515 3583 et
537 3540 622 3583 fide
654 3540 709 3582 ad
735 3540 890 3582 Urbem
917 3554 1050 3596 usque
1074 3542 1294 3585 deducere.
1328 3543 1433 3584 Sane
1456 3542 1757 3597 impressorum
1782 3539 1989 3583 librorum
2017 3551 2106 3581 non
2132 3538 2363 3580 admodum
2390 3539 2599 3594 plausibili
2627 3552 2714 3581 sar-

473 3609 567 3654 cina
590 3611 865 3662 abstinuisse,
898 3613 1255 3666 quemadmodum
1285 3626 1335 3655 ex
1364 3613 1551 3656 mandati
1580 3611 1788 3663 formula,
1822 3610 1941 3665 quod
1965 3611 2102 3660 Roma
2129 3608 2346 3652 discedens
2374 3613 2619 3664 acceperat,
2645 3621 2716 3652 ex-

473 3682 605 3737 ceptis
635 3694 742 3736 quae
772 3682 959 3733 rariora,
992 3686 1065 3723 aut
1094 3683 1195 3725 alias
1225 3696 1380 3738 operae
1410 3685 1594 3738 pretium
1623 3683 1767 3725 futura
1799 3681 2085 3724 iudicaverat:
2116 3692 2194 3722 nec
2223 3692 2310 3722 esse
2345 3679 2461 3735 quod
2493 3679 2640 3722 iudicii
2667 3693 2715 3723 ea

475 3753 527 3795 de
557 3765 603 3794 re
632 3753 718 3804 sui,
745 3752 979 3794 vaticanam
1007 3752 1308 3796 bibliothecam
1340 3755 1562 3808 paeniteat.
1595 3752 1902 3807 Manuscriptos
1928 3755 2067 3794 autem
2094 3750 2286 3803 codices,
2312 3752 2385 3805 qui
2412 3754 2584 3805 negaret
2607 3750 2717 3795 inte-

475 3836 549 3877 gre
576 3829 618 3866 et
648 3831 743 3866 cum
766 3822 848 3865 fide
881 3827 1074 3877 curatOS,
1099 3823 1153 3866 ad
1178 3824 1334 3867 indices
1363 3826 1478 3880 typis
1504 3823 1639 3868 editos
1664 3837 1708 3867 se
1737 3823 1974 3877 conferret,
2001 3835 2161 3865 summa
2188 3834 2284 3866 cum
2313 3820 2397 3863 fide
2430 3833 2474 3863 ac
2501 3821 2716 3876 diligent-ia
