2970 4420
1190 270 1247 301 m:
1280 250 1548 301 Tneonoms'.
2419 258 2478 303 12
2493 258 2512 303 1

239 349 326 406 τὴν
363 348 382 402 ἔ
415 350 622 419 μηνείοιν
654 343 978 418 ποιούμενος·
1014 346 1336 418 wachawe?
1365 342 1418 399 δὲ
1452 343 1518 399 τοὶ
1547 344 1804 404 πλεῖστοι,
1830 341 1917 398 καὶ
1951 340 2148 416 ἄχαρίς
2179 367 2278 405 πως
2311 345 2393 399 καὶ
2430 348 2518 405 εἰη-

243 423 332 486 δης
361 445 489 478 ειναι
528 420 687 476 δοκεῖ·
718 421 867 476 ἀλλοὶ
899 422 984 476 καὶ
1024 422 1082 475 τὸ
1114 424 1388 497 ΝεσὙορίου
1427 420 1617 494 δόΓμα,
1646 420 1688 474 εἶ
1719 417 1807 474 καὶ
1833 418 1924 494 ’πρὸ
1955 422 2232 493 ΝεσὛορίου
2263 423 2483 496 ὑπῆρχεν
2504 466 2515 486 ,

243 498 664 574 ὁπερευγόμενοςῖ
700 494 847 560 οὗτος
885 496 940 552 δὲ
977 498 1112 554 ἐστὶν
1150 500 1173 552 ὁ
1211 497 1602 569 Μοψουεστίας.
1641 498 1816 553 Lectus
1836 505 2068 552 Theodori
2098 506 2375 553 antiocheni
2398 509 2518 555 liber

237 598 308 633 est
334 602 442 632 cum
475 584 569 630 hac
597 583 926 648 inscriptione,
956 586 1282 648 interpretatio
1308 585 1573 632 creationis.
1611 583 1751 629 Liber
1775 582 1968 646 primus
1993 594 2169 645 septem
2194 583 2338 645 tomis
2363 583 2519 631 a'bsol-

237 662 452 709 vebatur.
489 661 639 708 Stilus
674 661 750 707 illi
783 678 932 724 neque
964 653 1348 724 illustrisneque
1381 662 1518 709 va'lde
1547 659 1844 724 perspicuus.
1880 658 2088 722 Fugiens
2122 675 2248 710 vero,
2281 672 2515 722 quantum

237 738 289 784 in
314 739 416 803 ipso
441 749 509 784 est
535 738 821 802 allegorias,
852 750 898 784 et
920 737 1237 785 historiarum
1261 739 1527 785 dumtaxat
1553 736 1899 802 expositionem
1925 747 2165 786 tractans,
2195 736 2361 781 eadem
2385 736 2518 782 iden—

201 831 203 833 ·
235 815 384 862 tidem
416 814 611 878 repetit,
647 826 693 859 et
729 815 954 878 ingratus
989 827 1133 878 atque
1166 815 1388 861 molestus
1421 814 1600 879 legenti
1625 812 1821 860 accidit.
1861 811 1987 867 Quin
2013 823 2057 857 et
2089 812 2302 858 Nestorii
2334 825 2520 859 senten-

236 892 386 943 tiam,
415 891 634 954 quamvis
668 891 752 937 illo
780 891 920 955 prior
938 892 1123 953 suerit,
1152 891 1298 938 tacite
1333 892 1495 939 vomit.
1534 891 1628 937 Hic
1660 902 1728 937 est
1766 889 2033 937 Theodorus
2068 889 2147 935 ille
2181 890 2514 953 Mopsuestiae.

233 969 378 1016 Multa
403 970 594 1016 huiti‘sce
623 970 783 1024 yidere
809 978 879 1016 est
905 971 954 1016 in
971 971 1160 1023 ,catenis
1183 970 1358 1030 graecis
1381 970 1430 1014 in
1454 970 1678 1030 genesim.
1716 969 1865 1014 Huius
1889 967 2202 1028 expositiones
2226 982 2321 1013 non
2346 982 2518 1027 usque·-

233 1061 420 1108 quaque
452 1045 674 1108 probatae
703 1055 811 1093 sunt
839 1062 863 1092 a
888 1046 1154 1108 Philopono
1187 1047 1235 1091 in
1262 1046 1525 1092 hexaemeri
1549 1046 1856 1107 expositione.
1893 1044 2085 1090 Photius
2111 1042 2304 1090 ibidem.
2347 1029 2516 1095 Οὗτος

237 1109 296 1166 δέ
331 1113 463 1167 ἐστιν
498 1113 526 1165 ὁ
562 1112 964 1183 Μοψουεστίας,
1001 1111 1052 1168 ὃν
1090 1111 1174 1166 καὶ
1213 1111 1720 1183 πλείσταςεῦθόνοις
1748 1109 1979 1172 Ἰωάννης
2018 1111 2040 1163 ὁ
2081 1108 2407 1175 φιλόπονος,
2444 1111 2514 1171 ὥς

236 1188 421 1251 αὐτὸς,
449 1188 567 1255 φησὶ
596 1190 684 1251 viic
709 1188 954 1251 τοιαύτης
983 1190 1246 1262 ἑρμηνείας
1275 1187 1322 1242 ἐν
1352 1188 1518 1260 οἰκείῳ
1545 1188 1714 1261 τῷεἷς
1739 1188 1824 1244 τὴν
1853 1189 2003 1242 >sliat-t
2029 1186 2271 1257 πονῆμαΤι
2306 1184 2513 1255 ἐδείχθη

237 1264 525 1327 σπουδαίως
556 1265 988 1339 εἷσπρατ7ο’μενος;
1025 1276 1122 1322 Hic
1144 1288 1211 1322 est
1233 1274 1506 1322 ,Theodorus
1530 1275 1609 1331 ille
1634 1275 1971 1338 Mopsuestiae,
2001 1290 2033 1320 a
2057 1291 2149 1337 quo
2175 1290 2515 1338 saepenumero

235 1365 421 1399 constat
452 1352 717 1399 Iohannem
742 1351 1081 1416 philoponum,
1113 1364 1166 1397 ut
1193 1351 1385 1415 ipsemet
1407 1351 1630 1413 fatetur,
1661 1351 1896 1397 rationem
1922 1350 2198 1397 huiusmodi
2221 1350 2507 1414 interpreta-

236 1431 380 1477 tionis
414 1430 537 1476 bona
558 1415 669 1492 fide
701 1446 761 1476 ac
799 1430 922 1476 serio
957 1429 1176 1493 exegisse
1211 1429 1261 1474 in
1300 1444 1384 1474 suo
1420 1429 1478 1473 de
1512 1428 1721 1474 universi
1754 1428 1993 1474 creatione
2027 1444 2180 1491 opere.
2218 1429 2274 1473 Et
2310 1431 2512 1489 apertius

235 1508 342 1554 cod.
374 1509 452 1554 43.
493 1494 598 1550 Ka>
629 1495 905 1568 συμφωνὶῖν
937 1497 960 1549 ὁ
992 1494 1287 1556 Φιλόπονος
1318 1492 1505 1564 σχεδὸν
1544 1495 1591 1549 ἐν
1619 1495 1730 1556 τοῖς
1758 1497 2011 1556 πλείσὙοις
2040 1499 2297 1567 Βασιλείῳ
2326 1496 2400 1567 τῷ
2426 1518 2507 1566 με·

236 1573 424 1648 γοίλῳ,
453 1574 746 1628 οἶντιπίπΤων
783 1569 840 1625 δὲ
868 1570 949 1625 ’δι’
981 1570 1111 1627 ὅλου
1141 1573 1213 1647 τῷ
1240 1570 1605 1642 ΜοψουεσὛίας
1637 1570 1889 1646 Θεοδώρῳ
1909 1614 1920 1635 ,
1951 1569 2002 1632 ὃς
2036 1570 2120 1628 τὴν
2149 1570 2302 1627 αὐτὴν
2334 1570 2509 1625 ὑπόθε-

238 1674 313 1706 σιν
352 1648 739 1722 ἐνστησάμενοςς
771 1650 1035 1721 ἑρμηνείαν
1071 1650 1162 1709 τῆς
1201 1653 1406 1710 κτίσεως
1437 1648 1495 1701 τὸ
1530 1653 1743 1715 βιβλίον
1784 1646 2090 1722 ἐπέγραψεν·
2121 1644 2306 1709 οὖα-ἀς
2344 1646 2509 1722 δόξας

238 1725 534 1801 διελέγχων
570 1727 594 1778 ὁ
632 1725 923 1788 Φιλόπονος
957 1726 1045 1784 τὴν
1085 1727 1313 1781 ἐναντίαν
1353 1723 1610 1800 ἐτράπετο.
1647 1738 1799 1798 Atque
1831 1747 1885 1781 ut
1919 1735 2102 1780 Basilio
2138 1751 2316 1799 magno
2350 1734 2514 1782 Philo...

235 1830 391 1877 ponus
416 1812 684 1877 plurimum
704 1813 820 1875 fere
847 1813 1103 1864 consentit,
1134 1813 1203 1859 sic
1227 1829 1325 1877 per¹
1340 1813 1504 1859 omnia
1534 1812 1771 1859 Theodoro
1796 1812 2112 1875 Mopsuestiae
2141 1824 2400 1876 repugnat,
2430 1813 2517 1875 qui

238 1891 365 1936 idem
399 1902 741 1953 argumentum
783 1906 1068 1954 aggressus,
1104 1892 1538 1954 interpretationem
1566 1891 1819 1951 preationis
1855 1889 2032 1935 librum
2073 1889 2340 1952 inscripsit,
2379 1890 2515 1935 cuius

234 1967 480 2031 opiniones
505 1967 796 2030 Philoponus
822 1967 1168 2034 reprehendens
1193 1979 1362 2014 contra
1385 1968 1518 2014 nisus
1541 1979 1626 2014 est.
1654 1969 1711 2013 Et
1734 1967 1864 2028 quod
1889 1969 2035 2028 magis
2058 1976 2126 2012 est
2141 2002 2152 2020 ,
2178 1968 2226 2012 in
2249 1969 2302 2013 V.
2330 1968 2513 2028 synodo

234 2045 442 2106 generali
479 2045 638 2093 collat.
669 2046 717 2090 4.
746 2060 798 2091 ea
833 2053 1070 2106 tamquam
1097 2046 1352 2099 haeretica,
1380 2053 1427 2091 et
1460 2045 1548 2107 piis
1574 2044 1766 2091 auribus
1788 2045 1925 2091 noxia
1953 2043 2343 2090 condemnantur.
2381 2044 2514 2106 Unde

234 2122 374 2168 etiam
408 2121 645 2183 colligitur
675 2137 796 2184 opus
827 2123 877 2167 in
915 2121 1075 2183 plures
1110 2121 1257 2168 libros
1291 2122 1430 2168 fuisse
1462 2122 1663 2168 divisum
1701 2121 1782 2184 (1).

363 2200 574 2245 Psalmos
608 2215 800 2261 quoque
836 2200 1077 2246 davidicos
1110 2201 1448 2246 commentario
1486 2209 1533 2246 et
1574 2198 1940 2262 expositionibus
1972 2198 2239 2254 adornavit.
2277 2200 2344 2244 Ex
2382 2199 2506 2245 hisce

228 2275 601 2339 ,expositionibus
630 2272 859 2340 quaedam
887 2278 1167 2330 recitantur,
1195 2275 1368 2339 quibus
1394 2277 1520 2323 illius
1554 2277 1784 2329 haeresis,
1812 2285 1857 2323 et
1885 2292 1991 2323 cum
2019 2278 2233 2322 Nestorio
2258 2291 2507 2323 consensus

234 2348 557 2407 convincitur,
591 2369 646 2400 ex
679 2355 1017 2401 commentario
1047 2355 1219 2401 scilicet
1255 2356 1302 2400 in
1339 2355 1548 2417 psalmos,
1569 2356 1688 2401 VIII.
1717 2356 1839 2400 XXI.
1869 2362 1915 2400 et
1938 2355 2135 2400 LXVIII.
2164 2354 2212 2399 in
2236 2355 2291 2399 V.
2326 2353 2507 2415 synodo

233 2430 440 2491 generali
474 2430 632 2476 collat.
669 2431 727 2483 4,
761 2439 807 2476 et
840 2432 898 2476 in‘
925 2431 1158 2493 psalmum
1191 2433 1390 2478 XLVIII.
1425 2447 1450 2478 a
1487 2431 1708 2478 Facundo
1748 2431 2056 2478 hermianensi
2092 2429 2176 2475 lib.
2210 2432 2290 2476 IX.
2318 2446 2419 2492 cap.
2455 2432 2504 2482 1,
2572 2428 2582 2433 '⁷

233 2513 285 2552 ut
317 2505 615 2569 Theodorum
651 2505 711 2551 ab
747 2507 928 2554 haeresi
969 2508 1206 2555 defendat.
1244 2509 1382 2564 Quod
1418 2524 1478 2554 an
1511 2495 1635 2555 recte
1671 2509 1976 2572 praestiterit,
2015 2508 2214 2554 aliorum
2250 2516 2349 2553 esto
2385 2507 2506 2552 iudi—

234 2583 374 2628 cium.
413 2584 508 2629 Nos
543 2582 677 2629 aliter
707 2584 878 2630 sentire
916 2585 1154 2646 cogimur,
1181 2587 1262 2647 qui
1293 2586 1464 2632 scimus
1495 2586 1577 2631 has
1611 2587 1659 2631 in
1695 2586 1896 2648 psalmos
1928 2586 2238 2647 expositiones
2273 2585 2410 2630 etiam
2449 2583 2506 2629 ab

235 2660 338 2721 ipso
369 2659 617 2705 Theodoro
652 2675 747 2706 non
774 2660 914 2706 fuisse
947 2676 1282 2723 usquequaque
1314 2661 1552 2724 probataS.
1590 2663 1732 2708 Multa
1767 2663 1892 2708 enim
1917 2662 2005 2708 sibi
2034 2661 2273 2723 effugisse,
2306 2669 2357 2707 ut
2391 2661 2506 2705 inci-

235 2737 410 2797 pienti,
441 2751 561 2797 quae
595 2738 863 2786 maturiore
880 2739 1177 2799 castigatione
1207 2739 1468 2800 indigeant,
1495 2738 1653 2785 scribit
1678 2739 1802 2785 idem
1827 2741 1927 2801 ipse
1953 2739 2011 2784 ad
2041 2739 2300 2785 Cerdonem
2331 2735 2415 2782 lib.
2445 2737 2504 2781 de

233 2813 454 2874 allegoria
487 2822 534 2859 et
566 2813 758 2860 historia
793 2814 1014 2861 adversus
1049 2816 1296 2878 Origenem
1329 2817 1455 2879 apud
1487 2817 1759 2863 Facundum
1798 2817 1883 2863 lib.
1918 2818 1996 2862 111.
2030 2832 2131 2878 cap.
2167 2818 2213 2862 6.
2247 2824 2293 2862 et
2328 2813 2412 2860 lib.
2441 2817 2498 2859 X.

234 2905 338 2952 cap.
372 2891 414 2935 1.
454 2890 561 2952 Ego
592 2889 784 2954 quidem
811 2890 940 2953 quod
967 2903 1132 2937 nostra
1156 2892 1226 2937 sic
1251 2892 1442 2944 laudes,
1474 2909 1569 2954 non
1601 2892 1695 2938 alii
1718 2893 1931 2956 cuipiam
1967 2893 2174 2956 imputo,
2203 2907 2349 2954 quam
2376 2890 2502 2936 ami-

233 2965 403 3016 citiae,
432 2982 579 3028 quam
606 2965 738 3012 circa
768 2983 852 3013 nos
875 2966 1044 3019 habes,
1073 2984 1220 3030 quam
1247 2969 1397 3014 etiam
1420 2969 1471 3014 in
1501 2969 1667 3016 multis
1690 2981 1735 3014 et
1760 2969 1952 3032 magnis
1975 2970 2112 3026 rebus
2138 2984 2320 3031 semper
2347 2979 2502 3013 osten-

233 3043 380 3089 disti:
417 3055 462 3088 et
497 3043 714 3090 maxime
748 3044 976 3107 quoniam
1016 3060 1072 3090 ea
1108 3061 1232 3108 quae
1263 3046 1444 3109 scripta
1476 3059 1586 3092 sunt
1618 3046 1667 3092 in
1695 3048 1909 3111 psalmos
1938 3047 2159 3109 miraris,
2196 3061 2319 3107 quae
2352 3044 2502 3090 etiam

227 3119 394 3183 prima
427 3132 689 3166 ceterorum
724 3121 937 3167 omnium
970 3122 1263 3185 scripsimus.
1308 3123 1416 3168 Non
1457 3134 1619 3168 autem
1658 3135 1891 3185 quantam
1931 3133 2206 3185 oportuerat
2245 3121 2501 3169 habuimus

232 3196 364 3243 circu
393 3197 537 3243 istam
569 3214 667 3244 rem
699 3198 1028 3262 diligentiam,
1054 3199 1191 3262 passi
1218 3191 1345 3246 enim
1375 3216 1538 3246 sumus
1563 3215 1886 3262 quaecumque
1910 3199 2208 3262 incipientes,
2244 3210 2295 3244 ut
2321 3198 2494 3250 evenit,

234 3273 284 3319 in
321 3274 566 3338 imperitia
603 3275 845 3321 scribendi
883 3276 1146 3323 constituti.
1184 3275 1431 3339 Siquidem
1470 3288 1515 3322 et
1551 3277 1730 3322 multas
1769 3275 2147 3340 immutationes,
2181 3275 2262 3322 illo
2294 3287 2500 3339 tempore

233 3365 357 3412 quae
388 3363 554 3397 nostra
588 3363 698 3397 sunt
731 3363 1058 3416 susceperunt,
1090 3368 1211 3414 quas
1240 3368 1333 3398 non
1367 3364 1436 3398 est
1463 3351 1730 3416 praesentis
1765 3352 1988 3416 temporis
2021 3368 2275 3399 enarrare:
2306 3370 2371 3398 ex
2402 3368 2498 3415 qua

232 3441 383 3472 causa
415 3427 577 3491 magis
612 3427 912 3492 negligenter
950 3444 983 3474 a
1020 3428 1154 3475 nobis
1189 3428 1451 3493 composita
1486 3439 1596 3476 sunt
1626 3427 1872 3492 plurima,
1910 3440 1955 3474 et
1993 3428 2211 3474 maxime
2251 3429 2339 3475 illa
2378 3445 2500 3492 quae

227 3502 392 3565 prima
421 3516 548 3551 sunt.
586 3506 750 3567 Neque
781 3514 919 3566 negat
948 3505 998 3551 id
1029 3506 1274 3552 Facundus
1304 3505 1390 3551 lib.
1418 3507 1477 3552 X.
1506 3521 1607 3567 cap.
1636 3506 1683 3550 5.
1725 3503 1989 3553 Theodorus
2017 3506 2142 3553 ultro
2170 3518 2314 3552 semet
2344 3506 2497 3567 ipsum

234 3578 576 3642 reprehendens
605 3580 656 3627 in
687 3581 985 3645 expositione
1011 3582 1311 3645 psalmorum
1343 3582 1584 3643 consessus
1615 3593 1707 3632 est,
1743 3581 1872 3644 quod
1904 3581 2202 3646 negligenter
2236 3598 2269 3628 a
2292 3600 2340 3630 se
2371 3599 2499 3628 com-

321 3707 369 3748 (1)
393 3706 478 3742 Non
496 3705 538 3742 in
561 3706 790 3743 creationem
816 3706 1096 3751 tantummodo,
1114 3706 1152 3743 id
1172 3712 1227 3744 est
1250 3706 1288 3743 in
1314 3706 1498 3754 genesim,
1515 3706 1663 3754 scripsit
1686 3705 1922 3752 Theodorus,
1940 3717 2066 3754 verum
2086 3708 2196 3745 etiam
2214 3709 2255 3744 in
2272 3707 2364 3745 alios
2383 3707 2495 3744 libros

241 3763 284 3798 V.
311 3763 354 3799 T.
382 3764 475 3801 mihi
501 3765 745 3803 occurrebant
767 3767 809 3803 in
832 3768 1012 3804 vatican1s
1037 3766 1226 3803 codicibus
1250 3766 1405 3813 sparsim
1431 3764 1595 3803 eiusdem
1621 3766 1784 3804 auctoris
1807 3766 2033 3814 fragmenta,
2052 3767 2092 3805 id
2116 3774 2172 3805 est
2194 3769 2236 3806 in
2260 3767 2438 3811 exodum,
2456 3768 2495 3804 in

236 3831 431 3868 numeros,
457 3825 497 3861 in
523 3825 648 3871 Iosue‚
676 3826 715 3863 in
740 3826 906 3873 ludices,
934 3827 973 3865 in
998 3827 1126 3864 Esaiae
1153 3826 1373 3873 Ezeciaeque
1397 3836 1542 3874 preces,
1569 3825 1609 3862 in
1634 3824 1735 3863 odas.
1762 3828 1808 3863 A.
1835 3826 1886 3864 M.

2216 3901 2263 3933 16
