<?xml version="1.0" encoding="UTF-8"?>
<!DOCTYPE html PUBLIC "-//W3C//DTD XHTML 1.0 Transitional//EN"
    "http://www.w3.org/TR/xhtml1/DTD/xhtml1-transitional.dtd">
<html xmlns="http://www.w3.org/1999/xhtml" xml:lang="en" lang="en">
 <head>
  <title>
</title>
<meta http-equiv="Content-Type" content="text/html;charset=utf-8" />
  <meta name='ocr-system' content='tesseract 3.04.00' />
  <meta name='ocr-capabilities' content='ocr_page ocr_carea ocr_par ocr_line ocrx_word'/>
</head>
<body>
  <div class='ocr_page' id='page_1' title='image "./novaepatrumbibli06maiauoft/novaepatrumbibli06maiauoft_0192.png"; bbox 0 0 2970 4420; ppageno 0'>
   <div class='ocr_carea' id='block_1_1' title="bbox 416 256 1721 312">
    <p class='ocr_par' dir='ltr' id='par_1_1' title="bbox 416 256 1721 312">
     <span class='ocr_line' id='line_1_1' title="bbox 416 256 1721 312; baseline -0.006 0"><span class='ocrx_word' id='word_1_1' title='bbox 416 282 498 312; x_wconf 82' lang='lat' dir='ltr'><strong>vm</strong></span> <span class='ocrx_word' id='word_1_2' title='bbox 1247 287 1253 291; x_wconf 84' lang='lat'>-</span> <span class='ocrx_word' id='word_1_3' title='bbox 1284 256 1286 258; x_wconf 40' lang='lat'><em>&#39;</em></span> <span class='ocrx_word' id='word_1_4' title='bbox 1362 276 1512 307; x_wconf 60' lang='lat' dir='ltr'><strong>morus</strong></span> <span class='ocrx_word' id='word_1_5' title='bbox 1545 275 1721 305; x_wconf 78' lang='lat' dir='ltr'><strong>ALLATu</strong></span> 
     </span>
    </p>
   </div>
   <div class='ocr_carea' id='block_1_2' title="bbox 414 348 2696 3345">
    <p class='ocr_par' dir='ltr' id='par_1_2' title="bbox 414 348 2679 1616">
     <span class='ocr_line' id='line_1_2' title="bbox 414 348 2676 411; baseline -0.001 -14"><span class='ocrx_word' id='word_1_6' title='bbox 414 356 692 411; x_wconf 84' lang='lat' dir='ltr'><strong>praecipuos,</strong></span> <span class='ocrx_word' id='word_1_7' title='bbox 730 353 884 410; x_wconf 91' lang='lat' dir='ltr'><strong>quibus</strong></span> <span class='ocrx_word' id='word_1_8' title='bbox 919 353 1108 396; x_wconf 78' lang='lat' dir='ltr'><strong>indolem</strong></span> <span class='ocrx_word' id='word_1_9' title='bbox 1143 364 1262 395; x_wconf 89' lang='lat' dir='ltr'><strong>snam</strong></span> <span class='ocrx_word' id='word_1_10' title='bbox 1293 351 1347 394; x_wconf 89' lang='lat' dir='ltr'><strong>ad</strong></span> <span class='ocrx_word' id='word_1_11' title='bbox 1383 362 1551 392; x_wconf 89' lang='lat' dir='ltr'><strong>omnem</strong></span> <span class='ocrx_word' id='word_1_12' title='bbox 1580 349 1782 391; x_wconf 89' lang='lat' dir='ltr'><strong>virtutem</strong></span> <span class='ocrx_word' id='word_1_13' title='bbox 1811 348 2083 405; x_wconf 82' lang='lat' dir='ltr'><strong>studiumque</strong></span> <span class='ocrx_word' id='word_1_14' title='bbox 2117 363 2165 393; x_wconf 89' lang='lat' dir='ltr'><strong>ac</strong></span> <span class='ocrx_word' id='word_1_15' title='bbox 2199 350 2462 406; x_wconf 85' lang='lat' dir='ltr'>diligentiam</span> <span class='ocrx_word' id='word_1_16' title='bbox 2499 351 2676 394; x_wconf 86' lang='lat' dir='ltr'><strong>mirifice</strong></span> 
     </span>
     <span class='ocr_line' id='line_1_3' title="bbox 414 414 2674 483; baseline -0.002 -14"><span class='ocrx_word' id='word_1_17' title='bbox 414 414 645 483; x_wconf 47' lang='lat' dir='ltr'><strong>probavit?&gt;</strong></span> <span class='ocrx_word' id='word_1_18' title='bbox 668 439 850 482; x_wconf 89' lang='lat' dir='ltr'><strong>namque</strong></span> <span class='ocrx_word' id='word_1_19' title='bbox 881 430 988 468; x_wconf 88' lang='lat' dir='ltr'><strong>stata</strong></span> <span class='ocrx_word' id='word_1_20' title='bbox 1019 424 1251 467; x_wconf 88' lang='lat' dir='ltr'><strong>meditandi</strong></span> <span class='ocrx_word' id='word_1_21' title='bbox 1282 421 1578 476; x_wconf 83' lang='lat' dir='ltr'><strong>scribendique</strong></span> <span class='ocrx_word' id='word_1_22' title='bbox 1608 421 1774 474; x_wconf 91' lang='lat' dir='ltr'><strong>munia,</strong></span> <span class='ocrx_word' id='word_1_23' title='bbox 1800 420 1989 463; x_wconf 83' lang='lat' dir='ltr'><strong>colendis</strong></span> <span class='ocrx_word' id='word_1_24' title='bbox 2017 422 2194 476; x_wconf 87' lang='lat' dir='ltr'><strong>ingeniis</strong></span> <span class='ocrx_word' id='word_1_25' title='bbox 2225 436 2249 466; x_wconf 87' lang='lat' dir='ltr'><strong>a</strong></span> <span class='ocrx_word' id='word_1_26' title='bbox 2277 424 2478 482; x_wconf 67' lang='lat' dir='ltr'><strong>magistro</strong></span> <span class='ocrx_word' id='word_1_27' title='bbox 2508 424 2674 478; x_wconf 87' lang='lat' dir='ltr'><strong>imponi</strong></span> 
     </span>
     <span class='ocr_line' id='line_1_4' title="bbox 415 491 2676 551; baseline -0.002 -10"><span class='ocrx_word' id='word_1_28' title='bbox 415 499 566 551; x_wconf 89' lang='lat' dir='ltr'><strong>solita,</strong></span> <span class='ocrx_word' id='word_1_29' title='bbox 595 502 680 541; x_wconf 89' lang='lat' dir='ltr'><strong>tam</strong></span> <span class='ocrx_word' id='word_1_30' title='bbox 706 498 828 540; x_wconf 84' lang='lat' dir='ltr'><strong>facile</strong></span> <span class='ocrx_word' id='word_1_31' title='bbox 859 510 907 539; x_wconf 89' lang='lat' dir='ltr'><strong>ac</strong></span> <span class='ocrx_word' id='word_1_32' title='bbox 937 497 1128 539; x_wconf 81' lang='lat' dir='ltr'>celeriter</span> <span class='ocrx_word' id='word_1_33' title='bbox 1158 495 1326 545; x_wconf 88' lang='lat' dir='ltr'><strong>obibat,</strong></span> <span class='ocrx_word' id='word_1_34' title='bbox 1355 493 1548 547; x_wconf 84' lang='lat' dir='ltr'><strong>adeoque</strong></span> <span class='ocrx_word' id='word_1_35' title='bbox 1577 491 1739 533; x_wconf 89' lang='lat' dir='ltr'><strong>solutus</strong></span> <span class='ocrx_word' id='word_1_36' title='bbox 1764 504 1789 533; x_wconf 88' lang='lat' dir='ltr'><strong>a</strong></span> <span class='ocrx_word' id='word_1_37' title='bbox 1809 491 2039 545; x_wconf 89' lang='lat' dir='ltr'><strong>molestiis,</strong></span> <span class='ocrx_word' id='word_1_38' title='bbox 2063 494 2220 548; x_wconf 89' lang='lat' dir='ltr'><strong>quibus</strong></span> <span class='ocrx_word' id='word_1_39' title='bbox 2244 494 2558 538; x_wconf 82' lang='lat' dir='ltr'><strong>adolescentum</strong></span> <span class='ocrx_word' id='word_1_40' title='bbox 2580 495 2676 536; x_wconf 89' lang='lat' dir='ltr'><strong>vul-</strong></span> 
     </span>
     <span class='ocr_line' id='line_1_5' title="bbox 416 562 2672 623; baseline -0.002 -11"><span class='ocrx_word' id='word_1_41' title='bbox 416 582 495 623; x_wconf 89' lang='lat' dir='ltr'><strong>gus</strong></span> <span class='ocrx_word' id='word_1_42' title='bbox 526 569 650 611; x_wconf 90' lang='lat' dir='ltr'><strong>obrui</strong></span> <span class='ocrx_word' id='word_1_43' title='bbox 681 569 812 623; x_wconf 89' lang='lat' dir='ltr'><strong>solet,</strong></span> <span class='ocrx_word' id='word_1_44' title='bbox 847 569 981 610; x_wconf 90' lang='lat' dir='ltr'><strong>otium</strong></span> <span class='ocrx_word' id='word_1_45' title='bbox 1011 566 1130 622; x_wconf 90' lang='lat' dir='ltr'><strong>quod</strong></span> <span class='ocrx_word' id='word_1_46' title='bbox 1159 565 1326 608; x_wconf 82' lang='lat' dir='ltr'><strong>abunde</strong></span> <span class='ocrx_word' id='word_1_47' title='bbox 1356 563 1438 605; x_wconf 89' lang='lat' dir='ltr'><strong>sibi</strong></span> <span class='ocrx_word' id='word_1_48' title='bbox 1469 567 1708 616; x_wconf 80' lang='lat' dir='ltr'><strong>supererat,</strong></span> <span class='ocrx_word' id='word_1_49' title='bbox 1739 562 1997 605; x_wconf 80' lang='lat' dir='ltr'><strong>felicioribus</strong></span> <span class='ocrx_word' id='word_1_50' title='bbox 2026 565 2155 606; x_wconf 89' lang='lat' dir='ltr'><strong>musis</strong></span> <span class='ocrx_word' id='word_1_51' title='bbox 2183 565 2480 620; x_wconf 82' lang='lat' dir='ltr'><strong>impartiebat,</strong></span> <span class='ocrx_word' id='word_1_52' title='bbox 2512 571 2561 607; x_wconf 88' lang='lat' dir='ltr'><strong>ut</strong></span> <span class='ocrx_word' id='word_1_53' title='bbox 2590 567 2672 608; x_wconf 86' lang='lat' dir='ltr'><strong>iam</strong></span> 
     </span>
     <span class='ocr_line' id='line_1_6' title="bbox 417 632 2671 695; baseline -0.001 -14"><span class='ocrx_word' id='word_1_54' title='bbox 417 644 508 682; x_wconf 92' lang='lat' dir='ltr'><strong>tum</strong></span> <span class='ocrx_word' id='word_1_55' title='bbox 532 641 690 695; x_wconf 87' lang='lat' dir='ltr'><strong>agitare</strong></span> <span class='ocrx_word' id='word_1_56' title='bbox 719 640 859 682; x_wconf 89' lang='lat' dir='ltr'><strong>animo</strong></span> <span class='ocrx_word' id='word_1_57' title='bbox 888 638 1075 692; x_wconf 88' lang='lat' dir='ltr'><strong>coeperit</strong></span> <span class='ocrx_word' id='word_1_58' title='bbox 1102 637 1330 687; x_wconf 89' lang='lat' dir='ltr'><strong>rationem,</strong></span> <span class='ocrx_word' id='word_1_59' title='bbox 1356 645 1441 687; x_wconf 83' lang='lat' dir='ltr'><strong>qua</strong></span> <span class='ocrx_word' id='word_1_60' title='bbox 1465 632 1640 687; x_wconf 90' lang='lat' dir='ltr'><strong>publico</strong></span> <span class='ocrx_word' id='word_1_61' title='bbox 1669 632 1792 674; x_wconf 89' lang='lat' dir='ltr'><strong>utiles</strong></span> <span class='ocrx_word' id='word_1_62' title='bbox 1814 645 1900 675; x_wconf 89' lang='lat' dir='ltr'><strong>esse</strong></span> <span class='ocrx_word' id='word_1_63' title='bbox 1933 638 2104 688; x_wconf 81' lang='lat' dir='ltr'><strong>possent</strong></span> <span class='ocrx_word' id='word_1_64' title='bbox 2131 634 2301 677; x_wconf 89' lang='lat' dir='ltr'><strong>labores</strong></span> <span class='ocrx_word' id='word_1_65' title='bbox 2320 636 2405 678; x_wconf 84' lang='lat' dir='ltr'><strong>sui:</strong></span> <span class='ocrx_word' id='word_1_66' title='bbox 2433 636 2486 678; x_wconf 90' lang='lat' dir='ltr'><strong>ad</strong></span> <span class='ocrx_word' id='word_1_67' title='bbox 2507 648 2671 690; x_wconf 87' lang='lat' dir='ltr'><strong>cogno-</strong></span> 
     </span>
     <span class='ocr_line' id='line_1_7' title="bbox 418 695 2669 765; baseline -0.001 -13"><span class='ocrx_word' id='word_1_68' title='bbox 418 710 595 753; x_wconf 88' lang='lat' dir='ltr'><strong>scendos</strong></span> <span class='ocrx_word' id='word_1_69' title='bbox 622 711 733 752; x_wconf 90' lang='lat' dir='ltr'><strong>enim</strong></span> <span class='ocrx_word' id='word_1_70' title='bbox 760 710 1000 765; x_wconf 87' lang='lat' dir='ltr'><strong>praeclaros</strong></span> <span class='ocrx_word' id='word_1_71' title='bbox 1026 708 1243 761; x_wconf 87' lang='lat' dir='ltr'><strong>utriusque</strong></span> <span class='ocrx_word' id='word_1_72' title='bbox 1272 706 1439 759; x_wconf 85' lang='lat' dir='ltr'><strong>linguae</strong></span> <span class='ocrx_word' id='word_1_73' title='bbox 1470 704 1697 759; x_wconf 82' lang='lat' dir='ltr'><strong>scriptores</strong></span> <span class='ocrx_word' id='word_1_74' title='bbox 1728 717 1770 746; x_wconf 90' lang='lat' dir='ltr'><strong>se</strong></span> <span class='ocrx_word' id='word_1_75' title='bbox 1798 705 2001 758; x_wconf 89' lang='lat' dir='ltr'><strong>contulit,</strong></span> <span class='ocrx_word' id='word_1_76' title='bbox 2023 709 2358 761; x_wconf 83' lang='lat' dir='ltr'><strong>vetustatemque</strong></span> <span class='ocrx_word' id='word_1_77' title='bbox 2379 695 2669 759; x_wconf 82' lang='lat' dir='ltr'><strong>scrutandam,</strong></span> 
     </span>
     <span class='ocr_line' id='line_1_8' title="bbox 419 776 2674 837; baseline -0.003 -12"><span class='ocrx_word' id='word_1_78' title='bbox 419 782 561 825; x_wconf 86' lang='lat' dir='ltr'><strong>studio</strong></span> <span class='ocrx_word' id='word_1_79' title='bbox 591 783 761 837; x_wconf 89' lang='lat' dir='ltr'><strong>quidem</strong></span> <span class='ocrx_word' id='word_1_80' title='bbox 787 782 893 824; x_wconf 88' lang='lat' dir='ltr'><strong>adeo</strong></span> <span class='ocrx_word' id='word_1_81' title='bbox 922 779 1206 836; x_wconf 88' lang='lat' dir='ltr'><strong>perseveranti</strong></span> <span class='ocrx_word' id='word_1_82' title='bbox 1233 783 1359 831; x_wconf 92' lang='lat' dir='ltr'><strong>atque</strong></span> <span class='ocrx_word' id='word_1_83' title='bbox 1381 776 1568 829; x_wconf 89' lang='lat' dir='ltr'><strong>intento,</strong></span> <span class='ocrx_word' id='word_1_84' title='bbox 1591 780 1641 818; x_wconf 92' lang='lat' dir='ltr'><strong>ut</strong></span> <span class='ocrx_word' id='word_1_85' title='bbox 1661 776 1730 818; x_wconf 94' lang='lat' dir='ltr'><strong>vix</strong></span> <span class='ocrx_word' id='word_1_86' title='bbox 1757 776 1986 830; x_wconf 87' lang='lat' dir='ltr'><strong>quicquam</strong></span> <span class='ocrx_word' id='word_1_87' title='bbox 2016 776 2138 830; x_wconf 88' lang='lat' dir='ltr'><strong>spatii</strong></span> <span class='ocrx_word' id='word_1_88' title='bbox 2170 776 2357 819; x_wconf 90' lang='lat' dir='ltr'><strong>curando</strong></span> <span class='ocrx_word' id='word_1_89' title='bbox 2381 777 2555 832; x_wconf 83' lang='lat' dir='ltr'><strong>corpori</strong></span> <span class='ocrx_word' id='word_1_90' title='bbox 2583 776 2674 818; x_wconf 88' lang='lat' dir='ltr'><strong>ani-</strong></span> 
     </span>
     <span class='ocr_line' id='line_1_9' title="bbox 420 846 2672 908; baseline -0.003 -12"><span class='ocrx_word' id='word_1_91' title='bbox 420 865 577 908; x_wconf 88' lang='lat' dir='ltr'><strong>moque</strong></span> <span class='ocrx_word' id='word_1_92' title='bbox 610 852 836 895; x_wconf 89' lang='lat' dir='ltr'><strong>relaxando</strong></span> <span class='ocrx_word' id='word_1_93' title='bbox 873 852 1155 905; x_wconf 86' lang='lat' dir='ltr'><strong>relinqueret:</strong></span> <span class='ocrx_word' id='word_1_94' title='bbox 1190 860 1370 902; x_wconf 89' lang='lat' dir='ltr'><strong>cumque</strong></span> <span class='ocrx_word' id='word_1_95' title='bbox 1409 847 1536 889; x_wconf 88' lang='lat' dir='ltr'><strong>ceteri</strong></span> <span class='ocrx_word' id='word_1_96' title='bbox 1573 847 1805 900; x_wconf 86' lang='lat' dir='ltr'><strong>garrirent,</strong></span> <span class='ocrx_word' id='word_1_97' title='bbox 1837 846 2061 900; x_wconf 92' lang='lat' dir='ltr'><strong>luderent,</strong></span> <span class='ocrx_word' id='word_1_98' title='bbox 2094 859 2244 889; x_wconf 90' lang='lat' dir='ltr'><strong>somno</strong></span> <span class='ocrx_word' id='word_1_99' title='bbox 2278 847 2569 901; x_wconf 86' lang='lat' dir='ltr'><strong>indulgerent,</strong></span> <span class='ocrx_word' id='word_1_100' title='bbox 2603 847 2672 889; x_wconf 93' lang='lat' dir='ltr'><strong>ille</strong></span> 
     </span>
     <span class='ocr_line' id='line_1_10' title="bbox 420 910 2670 979; baseline -0.003 -12"><span class='ocrx_word' id='word_1_101' title='bbox 420 929 493 967; x_wconf 89' lang='lat' dir='ltr'><strong>aut</strong></span> <span class='ocrx_word' id='word_1_102' title='bbox 518 925 657 979; x_wconf 88' lang='lat' dir='ltr'><strong>legere</strong></span> <span class='ocrx_word' id='word_1_103' title='bbox 690 925 929 979; x_wconf 88' lang='lat' dir='ltr'><strong>quippiam,</strong></span> <span class='ocrx_word' id='word_1_104' title='bbox 964 927 1036 964; x_wconf 90' lang='lat' dir='ltr'><strong>aut</strong></span> <span class='ocrx_word' id='word_1_105' title='bbox 1065 922 1173 963; x_wconf 88' lang='lat' dir='ltr'><strong>lecta</strong></span> <span class='ocrx_word' id='word_1_106' title='bbox 1202 921 1245 961; x_wconf 92' lang='lat' dir='ltr'><strong>in</strong></span> <span class='ocrx_word' id='word_1_107' title='bbox 1277 910 1513 961; x_wconf 85' lang='lat' dir='ltr'><strong>adversaria</strong></span> <span class='ocrx_word' id='word_1_108' title='bbox 1551 918 1707 960; x_wconf 87' lang='lat' dir='ltr'><strong>referre</strong></span> <span class='ocrx_word' id='word_1_109' title='bbox 1723 950 1734 971; x_wconf 94' lang='lat'><strong>,</strong></span> <span class='ocrx_word' id='word_1_110' title='bbox 1767 923 1840 961; x_wconf 85' lang='lat' dir='ltr'><strong>a&#39;ut</strong></span> <span class='ocrx_word' id='word_1_111' title='bbox 1869 919 2106 973; x_wconf 79' lang='lat' dir='ltr'><strong>scriptitare</strong></span> <span class='ocrx_word' id='word_1_112' title='bbox 2144 922 2186 961; x_wconf 93' lang='lat' dir='ltr'><strong>et</strong></span> <span class='ocrx_word' id='word_1_113' title='bbox 2217 919 2409 961; x_wconf 89' lang='lat' dir='ltr'><strong>meditari</strong></span> <span class='ocrx_word' id='word_1_114' title='bbox 2448 918 2670 973; x_wconf 80' lang='lat' dir='ltr'><strong>gauderet.</strong></span> 
     </span>
     <span class='ocr_line' id='line_1_11' title="bbox 420 989 2673 1051; baseline -0.003 -13"><span class='ocrx_word' id='word_1_115' title='bbox 420 996 591 1051; x_wconf 88' lang='lat' dir='ltr'><strong>Integra</strong></span> <span class='ocrx_word' id='word_1_116' title='bbox 616 996 718 1051; x_wconf 90' lang='lat' dir='ltr'><strong>quin</strong></span> <span class='ocrx_word' id='word_1_117' title='bbox 748 996 872 1037; x_wconf 87' lang='lat' dir='ltr'><strong>etiam</strong></span> <span class='ocrx_word' id='word_1_118' title='bbox 901 1005 1099 1049; x_wconf 88' lang='lat' dir='ltr'><strong>persaepe</strong></span> <span class='ocrx_word' id='word_1_119' title='bbox 1128 1003 1377 1048; x_wconf 89' lang='lat' dir='ltr'><strong>graecorum</strong></span> <span class='ocrx_word' id='word_1_120' title='bbox 1406 994 1629 1032; x_wconf 88' lang='lat' dir='ltr'><strong>auctorum</strong></span> <span class='ocrx_word' id='word_1_121' title='bbox 1659 989 1878 1032; x_wconf 89' lang='lat' dir='ltr'><strong>volumina</strong></span> <span class='ocrx_word' id='word_1_122' title='bbox 1908 989 1964 1031; x_wconf 93' lang='lat' dir='ltr'><strong>ob</strong></span> <span class='ocrx_word' id='word_1_123' title='bbox 1996 990 2213 1031; x_wconf 88' lang='lat' dir='ltr'><strong>raritatem</strong></span> <span class='ocrx_word' id='word_1_124' title='bbox 2242 991 2540 1045; x_wconf 83' lang='lat' dir='ltr'><strong>exemplarium</strong></span> <span class='ocrx_word' id='word_1_125' title='bbox 2572 991 2673 1032; x_wconf 86' lang='lat' dir='ltr'><strong>insi-</strong></span> 
     </span>
     <span class='ocr_line' id='line_1_12' title="bbox 422 1059 2671 1121; baseline -0.003 -11"><span class='ocrx_word' id='word_1_126' title='bbox 422 1068 543 1121; x_wconf 87' lang='lat' dir='ltr'><strong>gnia,</strong></span> <span class='ocrx_word' id='word_1_127' title='bbox 567 1080 642 1109; x_wconf 91' lang='lat' dir='ltr'><strong>sua</strong></span> <span class='ocrx_word' id='word_1_128' title='bbox 672 1079 795 1108; x_wconf 92' lang='lat' dir='ltr'><strong>manu</strong></span> <span class='ocrx_word' id='word_1_129' title='bbox 827 1078 1021 1117; x_wconf 89' lang='lat' dir='ltr'><strong>exarare;</strong></span> <span class='ocrx_word' id='word_1_130' title='bbox 1047 1064 1207 1118; x_wconf 87' lang='lat' dir='ltr'><strong>duplici</strong></span> <span class='ocrx_word' id='word_1_131' title='bbox 1236 1075 1332 1105; x_wconf 87' lang='lat' dir='ltr'><strong>sane</strong></span> <span class='ocrx_word' id='word_1_132' title='bbox 1363 1075 1460 1104; x_wconf 90' lang='lat' dir='ltr'><strong>cum</strong></span> <span class='ocrx_word' id='word_1_133' title='bbox 1484 1074 1638 1116; x_wconf 89' lang='lat' dir='ltr'><strong>operae</strong></span> <span class='ocrx_word' id='word_1_134' title='bbox 1669 1061 1812 1103; x_wconf 88' lang='lat' dir='ltr'><strong>fructu</strong></span> <span class='ocrx_word' id='word_1_135' title='bbox 1828 1091 1840 1113; x_wconf 93' lang='lat'><strong>,</strong></span> <span class='ocrx_word' id='word_1_136' title='bbox 1863 1059 1982 1114; x_wconf 88' lang='lat' dir='ltr'><strong>quod</strong></span> <span class='ocrx_word' id='word_1_137' title='bbox 2005 1063 2048 1101; x_wconf 90' lang='lat' dir='ltr'><strong>et</strong></span> <span class='ocrx_word' id='word_1_138' title='bbox 2069 1060 2254 1102; x_wconf 88' lang='lat' dir='ltr'><strong>animum</strong></span> <span class='ocrx_word' id='word_1_139' title='bbox 2277 1061 2368 1115; x_wconf 90' lang='lat' dir='ltr'><strong>ipse</strong></span> <span class='ocrx_word' id='word_1_140' title='bbox 2391 1074 2511 1104; x_wconf 91' lang='lat' dir='ltr'><strong>suum</strong></span> <span class='ocrx_word' id='word_1_141' title='bbox 2543 1073 2671 1116; x_wconf 85' lang='lat' dir='ltr'><strong>prae-</strong></span> 
     </span>
     <span class='ocr_line' id='line_1_13' title="bbox 424 1131 2674 1191; baseline -0.003 -11"><span class='ocrx_word' id='word_1_142' title='bbox 424 1138 545 1180; x_wconf 87' lang='lat' dir='ltr'><strong>claris</strong></span> <span class='ocrx_word' id='word_1_143' title='bbox 579 1137 905 1191; x_wconf 88' lang='lat' dir='ltr'><strong>cogitationibus</strong></span> <span class='ocrx_word' id='word_1_144' title='bbox 936 1135 1165 1190; x_wconf 85' lang='lat' dir='ltr'><strong>irrigabat,</strong></span> <span class='ocrx_word' id='word_1_145' title='bbox 1197 1134 1408 1189; x_wconf 89' lang='lat' dir='ltr'><strong>bonisque</strong></span> <span class='ocrx_word' id='word_1_146' title='bbox 1439 1133 1643 1188; x_wconf 86' lang='lat' dir='ltr'><strong>implebat</strong></span> <span class='ocrx_word' id='word_1_147' title='bbox 1673 1131 1933 1185; x_wconf 90' lang='lat' dir='ltr'><strong>seminibus,</strong></span> <span class='ocrx_word' id='word_1_148' title='bbox 1964 1136 2006 1173; x_wconf 91' lang='lat' dir='ltr'><strong>et</strong></span> <span class='ocrx_word' id='word_1_149' title='bbox 2037 1131 2161 1173; x_wconf 91' lang='lat' dir='ltr'><strong>simul</strong></span> <span class='ocrx_word' id='word_1_150' title='bbox 2194 1133 2462 1187; x_wconf 80' lang='lat' dir='ltr'><strong>egregiorum</strong></span> <span class='ocrx_word' id='word_1_151' title='bbox 2497 1144 2674 1187; x_wconf 90' lang='lat' dir='ltr'><strong>operum</strong></span> 
     </span>
     <span class='ocr_line' id='line_1_14' title="bbox 424 1202 2674 1263; baseline -0.002 -12"><span class='ocrx_word' id='word_1_152' title='bbox 424 1209 657 1251; x_wconf 86' lang='lat' dir='ltr'><strong>aeternitati</strong></span> <span class='ocrx_word' id='word_1_153' title='bbox 686 1221 766 1263; x_wconf 91' lang='lat' dir='ltr'><strong>pro</strong></span> <span class='ocrx_word' id='word_1_154' title='bbox 799 1207 910 1250; x_wconf 83' lang='lat' dir='ltr'><strong>virili</strong></span> <span class='ocrx_word' id='word_1_155' title='bbox 940 1211 1059 1262; x_wconf 87' lang='lat' dir='ltr'><strong>parte</strong></span> <span class='ocrx_word' id='word_1_156' title='bbox 1089 1205 1349 1263; x_wconf 85' lang='lat' dir='ltr'><strong>consulebat.</strong></span> <span class='ocrx_word' id='word_1_157' title='bbox 1381 1204 1487 1247; x_wconf 89' lang='lat' dir='ltr'><strong>Inde</strong></span> <span class='ocrx_word' id='word_1_158' title='bbox 1509 1204 1931 1260; x_wconf 67' lang='lat' dir='ltr'><strong>postea&#39;thesaurum</strong></span> <span class='ocrx_word' id='word_1_159' title='bbox 1962 1202 2172 1257; x_wconf 88' lang='lat' dir='ltr'><strong>quantivis</strong></span> <span class='ocrx_word' id='word_1_160' title='bbox 2202 1203 2328 1257; x_wconf 88' lang='lat' dir='ltr'><strong>pretii</strong></span> <span class='ocrx_word' id='word_1_161' title='bbox 2359 1203 2598 1249; x_wconf 87' lang='lat' dir='ltr'><strong>confectum</strong></span> <span class='ocrx_word' id='word_1_162' title='bbox 2620 1204 2674 1247; x_wconf 87' lang='lat' dir='ltr'><strong>ab</strong></span> 
     </span>
     <span class='ocr_line' id='line_1_15' title="bbox 422 1263 2676 1333; baseline -0.002 -12"><span class='ocrx_word' id='word_1_163' title='bbox 422 1279 495 1321; x_wconf 91' lang='lat' dir='ltr'><strong>illo</strong></span> <span class='ocrx_word' id='word_1_164' title='bbox 528 1284 610 1333; x_wconf 87' lang='lat' dir='ltr'><strong>est,</strong></span> <span class='ocrx_word' id='word_1_165' title='bbox 636 1291 722 1333; x_wconf 91' lang='lat' dir='ltr'><strong>quo</strong></span> <span class='ocrx_word' id='word_1_166' title='bbox 753 1291 839 1320; x_wconf 91' lang='lat' dir='ltr'><strong>non</strong></span> <span class='ocrx_word' id='word_1_167' title='bbox 869 1279 959 1332; x_wconf 90' lang='lat' dir='ltr'><strong>ipse</strong></span> <span class='ocrx_word' id='word_1_168' title='bbox 981 1276 1110 1319; x_wconf 92' lang='lat' dir='ltr'><strong>modo</strong></span> <span class='ocrx_word' id='word_1_169' title='bbox 1142 1276 1291 1318; x_wconf 85' lang='lat' dir='ltr'><strong>beatus</strong></span> <span class='ocrx_word' id='word_1_170' title='bbox 1313 1280 1444 1329; x_wconf 90' lang='lat' dir='ltr'><strong>esset,</strong></span> <span class='ocrx_word' id='word_1_171' title='bbox 1469 1284 1615 1317; x_wconf 85' lang='lat' dir='ltr'><strong>verum</strong></span> <span class='ocrx_word' id='word_1_172' title='bbox 1646 1275 1770 1317; x_wconf 90' lang='lat' dir='ltr'><strong>etiam</strong></span> <span class='ocrx_word' id='word_1_173' title='bbox 1792 1275 1915 1316; x_wconf 88' lang='lat' dir='ltr'><strong>ceteri</strong></span> <span class='ocrx_word' id='word_1_174' title='bbox 1939 1263 2107 1315; x_wconf 80' lang='lat' dir='ltr'><strong>abunde</strong></span> <span class='ocrx_word' id='word_1_175' title='bbox 2129 1272 2379 1316; x_wconf 86' lang='lat' dir='ltr'><strong>ditarentur.</strong></span> <span class='ocrx_word' id='word_1_176' title='bbox 2415 1275 2512 1316; x_wconf 82' lang='lat' dir='ltr'><strong>Eius</strong></span> <span class='ocrx_word' id='word_1_177' title='bbox 2535 1279 2676 1317; x_wconf 88' lang='lat' dir='ltr'><strong>autem</strong></span> 
     </span>
     <span class='ocr_line' id='line_1_16' title="bbox 423 1343 2673 1404; baseline -0.002 -12"><span class='ocrx_word' id='word_1_178' title='bbox 423 1351 652 1404; x_wconf 88' lang='lat' dir='ltr'><strong>insigniora</strong></span> <span class='ocrx_word' id='word_1_179' title='bbox 680 1350 853 1391; x_wconf 70' lang='lat' dir='ltr'><strong>&#39;cimelia</strong></span> <span class='ocrx_word' id='word_1_180' title='bbox 886 1353 1009 1401; x_wconf 89' lang='lat' dir='ltr'><strong>sunt,</strong></span> <span class='ocrx_word' id='word_1_181' title='bbox 1041 1348 1216 1390; x_wconf 85' lang='lat' dir='ltr'><strong>Macarii</strong></span> <span class='ocrx_word' id='word_1_182' title='bbox 1251 1347 1558 1403; x_wconf 87' lang='lat' dir='ltr'><strong>Chysocephali</strong></span> <span class='ocrx_word' id='word_1_183' title='bbox 1595 1346 1809 1388; x_wconf 86' lang='lat' dir='ltr'><strong>orationes</strong></span> <span class='ocrx_word' id='word_1_184' title='bbox 1847 1345 2163 1398; x_wconf 85' lang='lat' dir='ltr'><strong>disertissimae,</strong></span> <span class='ocrx_word' id='word_1_185' title='bbox 2195 1343 2390 1398; x_wconf 82' lang='lat' dir='ltr'><strong>Origenis</strong></span> <span class='ocrx_word' id='word_1_186' title='bbox 2423 1345 2673 1400; x_wconf 83' lang='lat' dir='ltr'><strong>philocalia,</strong></span> 
     </span>
     <span class='ocr_line' id='line_1_17' title="bbox 427 1415 2676 1474; baseline -0.001 -12"><span class='ocrx_word' id='word_1_187' title='bbox 427 1421 688 1463; x_wconf 88' lang='lat' dir='ltr'><strong>Constantini</strong></span> <span class='ocrx_word' id='word_1_188' title='bbox 720 1420 943 1472; x_wconf 86' lang='lat' dir='ltr'><strong>Manassis,</strong></span> <span class='ocrx_word' id='word_1_189' title='bbox 969 1419 1140 1473; x_wconf 91' lang='lat' dir='ltr'><strong>Georgii</strong></span> <span class='ocrx_word' id='word_1_190' title='bbox 1168 1418 1463 1474; x_wconf 87' lang='lat' dir='ltr'><strong>Acropolitae,</strong></span> <span class='ocrx_word' id='word_1_191' title='bbox 1487 1422 1529 1460; x_wconf 89' lang='lat' dir='ltr'><strong>et</strong></span> <span class='ocrx_word' id='word_1_192' title='bbox 1552 1417 1767 1460; x_wconf 87' lang='lat' dir='ltr'><strong>Theodori</strong></span> <span class='ocrx_word' id='word_1_193' title='bbox 1795 1415 2050 1471; x_wconf 89' lang='lat' dir='ltr'><strong>cappadocis</strong></span> <span class='ocrx_word' id='word_1_194' title='bbox 2078 1415 2278 1458; x_wconf 82' lang='lat' dir='ltr'><strong>historiae</strong></span> <span class='ocrx_word' id='word_1_195' title='bbox 2302 1417 2379 1469; x_wconf 88' lang='lat' dir='ltr'><strong>(l),</strong></span> <span class='ocrx_word' id='word_1_196' title='bbox 2405 1417 2578 1459; x_wconf 89' lang='lat' dir='ltr'><strong>Himerii</strong></span> <span class='ocrx_word' id='word_1_197' title='bbox 2600 1417 2676 1460; x_wconf 90' lang='lat' dir='ltr'><strong>de-</strong></span> 
     </span>
     <span class='ocr_line' id='line_1_18' title="bbox 426 1469 2679 1575; baseline -0.001 -41"><span class='ocrx_word' id='word_1_198' title='bbox 426 1491 748 1534; x_wconf 88' lang='lat' dir='ltr'><strong>clamationibus</strong></span> <span class='ocrx_word' id='word_1_199' title='bbox 779 1493 789 1543; x_wconf 95' lang='lat'>(</span> <span class='ocrx_word' id='word_1_200' title='bbox 793 1492 857 1543; x_wconf 80' lang='lat'><strong>2),</strong></span> <span class='ocrx_word' id='word_1_201' title='bbox 892 1490 1101 1533; x_wconf 89' lang='lat' dir='ltr'><strong>Eumathii</strong></span> <span class='ocrx_word' id='word_1_202' title='bbox 1133 1490 1482 1532; x_wconf 88' lang='lat' dir='ltr'><strong>macrombolitae</strong></span> <span class='ocrx_word' id='word_1_203' title='bbox 1508 1489 1687 1531; x_wconf 89' lang='lat' dir='ltr'><strong>historia</strong></span> <span class='ocrx_word' id='word_1_204' title='bbox 1712 1489 1944 1542; x_wconf 88' lang='lat' dir='ltr'><strong>amatoria,</strong></span> <span class='ocrx_word' id='word_1_205' title='bbox 1969 1500 2154 1543; x_wconf 88' lang='lat' dir='ltr'><strong>quorum</strong></span> <span class='ocrx_word' id='word_1_206' title='bbox 2182 1492 2323 1530; x_wconf 87' lang='lat' dir='ltr'><strong>tamen</strong></span> <span class='ocrx_word' id='word_1_207' title='bbox 2348 1469 2547 1575; x_wconf 83' lang='lat' dir='ltr'><strong>pleraque</strong></span> <span class='ocrx_word' id='word_1_208' title='bbox 2574 1489 2679 1531; x_wconf 88' lang='lat' dir='ltr'><strong>alio-</strong></span> 
     </span>
     <span class='ocr_line' id='line_1_19' title="bbox 426 1560 1590 1616; baseline -0.003 -12"><span class='ocrx_word' id='word_1_209' title='bbox 426 1575 522 1605; x_wconf 89' lang='lat' dir='ltr'><strong>rum</strong></span> <span class='ocrx_word' id='word_1_210' title='bbox 554 1562 780 1604; x_wconf 90' lang='lat' dir='ltr'><strong>doctorum</strong></span> <span class='ocrx_word' id='word_1_211' title='bbox 811 1562 1001 1603; x_wconf 89' lang='lat' dir='ltr'><strong>virorum</strong></span> <span class='ocrx_word' id='word_1_212' title='bbox 1033 1563 1165 1616; x_wconf 79' lang='lat' dir='ltr'><strong>opera</strong></span> <span class='ocrx_word' id='word_1_213' title='bbox 1194 1561 1308 1616; x_wconf 84' lang='lat' dir='ltr'><strong>typis</strong></span> <span class='ocrx_word' id='word_1_214' title='bbox 1337 1560 1451 1603; x_wconf 89' lang='lat' dir='ltr'><strong>edita</strong></span> <span class='ocrx_word' id='word_1_215' title='bbox 1477 1564 1590 1602; x_wconf 90' lang='lat' dir='ltr'><strong>sunt.</strong></span> 
     </span>
    </p>

    <p class='ocr_par' dir='ltr' id='par_1_3' title="bbox 425 1630 2684 2617">
     <span class='ocr_line' id='line_1_20' title="bbox 545 1630 2680 1686; baseline -0.001 -9"><span class='ocrx_word' id='word_1_216' title='bbox 545 1636 586 1677; x_wconf 87' lang='lat'><strong>7.</strong></span> <span class='ocrx_word' id='word_1_217' title='bbox 621 1633 848 1686; x_wconf 87' lang='lat' dir='ltr'><strong>Memoria,</strong></span> <span class='ocrx_word' id='word_1_218' title='bbox 871 1637 919 1674; x_wconf 92' lang='lat' dir='ltr'><strong>ut</strong></span> <span class='ocrx_word' id='word_1_219' title='bbox 949 1632 1108 1674; x_wconf 90' lang='lat' dir='ltr'><strong>dictum</strong></span> <span class='ocrx_word' id='word_1_220' title='bbox 1129 1637 1217 1686; x_wconf 90' lang='lat' dir='ltr'><strong>est,</strong></span> <span class='ocrx_word' id='word_1_221' title='bbox 1241 1632 1322 1674; x_wconf 84' lang='lat' dir='ltr'><strong>fuit</strong></span> <span class='ocrx_word' id='word_1_222' title='bbox 1350 1631 1587 1674; x_wconf 87' lang='lat' dir='ltr'><strong>admirabili</strong></span> <span class='ocrx_word' id='word_1_223' title='bbox 1610 1643 1697 1673; x_wconf 91' lang='lat' dir='ltr'><strong>non</strong></span> <span class='ocrx_word' id='word_1_224' title='bbox 1719 1630 1850 1674; x_wconf 90' lang='lat' dir='ltr'><strong>modo</strong></span> <span class='ocrx_word' id='word_1_225' title='bbox 1872 1643 2035 1685; x_wconf 90' lang='lat' dir='ltr'><strong>rerum,</strong></span> <span class='ocrx_word' id='word_1_226' title='bbox 2063 1630 2229 1686; x_wconf 91' lang='lat' dir='ltr'><strong>qualem</strong></span> <span class='ocrx_word' id='word_1_227' title='bbox 2252 1643 2277 1673; x_wconf 85' lang='lat' dir='ltr'><strong>a</strong></span> <span class='ocrx_word' id='word_1_228' title='bbox 2302 1631 2504 1674; x_wconf 86' lang='lat' dir='ltr'><strong>Cicerone</strong></span> <span class='ocrx_word' id='word_1_229' title='bbox 2522 1631 2680 1675; x_wconf 86' lang='lat' dir='ltr'><strong>Lucul-</strong></span> 
     </span>
     <span class='ocr_line' id='line_1_21' title="bbox 425 1701 2680 1759; baseline -0.002 -11"><span class='ocrx_word' id='word_1_230' title='bbox 425 1707 513 1749; x_wconf 92' lang='lat' dir='ltr'><strong>lum</strong></span> <span class='ocrx_word' id='word_1_231' title='bbox 543 1706 669 1747; x_wconf 87' lang='lat' dir='ltr'><strong>fuisse</strong></span> <span class='ocrx_word' id='word_1_232' title='bbox 693 1704 945 1759; x_wconf 89' lang='lat' dir='ltr'><strong>accipimus,</strong></span> <span class='ocrx_word' id='word_1_233' title='bbox 969 1703 1042 1746; x_wconf 89' lang='lat' dir='ltr'><strong>sed</strong></span> <span class='ocrx_word' id='word_1_234' title='bbox 1073 1704 1199 1745; x_wconf 87' lang='lat' dir='ltr'><strong>etiam</strong></span> <span class='ocrx_word' id='word_1_235' title='bbox 1230 1702 1483 1756; x_wconf 90' lang='lat' dir='ltr'><strong>verborum,</strong></span> <span class='ocrx_word' id='word_1_236' title='bbox 1512 1702 1647 1756; x_wconf 90' lang='lat' dir='ltr'><strong>qualis</strong></span> <span class='ocrx_word' id='word_1_237' title='bbox 1673 1701 1726 1743; x_wconf 91' lang='lat' dir='ltr'><strong>ab</strong></span> <span class='ocrx_word' id='word_1_238' title='bbox 1754 1702 1904 1744; x_wconf 91' lang='lat' dir='ltr'><strong>eodem</strong></span> <span class='ocrx_word' id='word_1_239' title='bbox 1934 1702 2172 1744; x_wconf 89' lang='lat' dir='ltr'><strong>celebratur</strong></span> <span class='ocrx_word' id='word_1_240' title='bbox 2202 1702 2475 1757; x_wconf 87' lang='lat' dir='ltr'><strong>Hortensius,</strong></span> <span class='ocrx_word' id='word_1_241' title='bbox 2499 1714 2680 1758; x_wconf 87' lang='lat' dir='ltr'><strong>quarum</strong></span> 
     </span>
     <span class='ocr_line' id='line_1_22' title="bbox 428 1772 2682 1832; baseline -0.001 -12"><span class='ocrx_word' id='word_1_242' title='bbox 428 1778 559 1820; x_wconf 90' lang='lat' dir='ltr'><strong>altera</strong></span> <span class='ocrx_word' id='word_1_243' title='bbox 591 1777 799 1832; x_wconf 88' lang='lat' dir='ltr'><strong>sapientes</strong></span> <span class='ocrx_word' id='word_1_244' title='bbox 825 1775 1020 1817; x_wconf 83' lang='lat' dir='ltr'><strong>homines</strong></span> <span class='ocrx_word' id='word_1_245' title='bbox 1049 1779 1091 1817; x_wconf 92' lang='lat' dir='ltr'><strong>et</strong></span> <span class='ocrx_word' id='word_1_246' title='bbox 1115 1774 1287 1818; x_wconf 90' lang='lat' dir='ltr'><strong>callidos</strong></span> <span class='ocrx_word' id='word_1_247' title='bbox 1315 1779 1554 1829; x_wconf 90' lang='lat' dir='ltr'><strong>temporum</strong></span> <span class='ocrx_word' id='word_1_248' title='bbox 1581 1772 1706 1825; x_wconf 87' lang='lat' dir='ltr'><strong>facit,</strong></span> <span class='ocrx_word' id='word_1_249' title='bbox 1735 1773 1867 1815; x_wconf 88' lang='lat' dir='ltr'><strong>altera</strong></span> <span class='ocrx_word' id='word_1_250' title='bbox 1897 1773 2091 1816; x_wconf 87' lang='lat' dir='ltr'><strong>disertos.</strong></span> <span class='ocrx_word' id='word_1_251' title='bbox 2124 1774 2256 1816; x_wconf 82' lang='lat' dir='ltr'><strong>Nemo</strong></span> <span class='ocrx_word' id='word_1_252' title='bbox 2287 1773 2429 1828; x_wconf 88' lang='lat' dir='ltr'><strong>itaque</strong></span> <span class='ocrx_word' id='word_1_253' title='bbox 2460 1778 2574 1828; x_wconf 88' lang='lat' dir='ltr'><strong>erat,</strong></span> <span class='ocrx_word' id='word_1_254' title='bbox 2608 1775 2682 1830; x_wconf 90' lang='lat' dir='ltr'><strong>qui</strong></span> 
     </span>
     <span class='ocr_line' id='line_1_23' title="bbox 425 1844 2681 1906; baseline -0.002 -15"><span class='ocrx_word' id='word_1_255' title='bbox 425 1853 512 1891; x_wconf 88' lang='lat' dir='ltr'><strong>tam</strong></span> <span class='ocrx_word' id='word_1_256' title='bbox 541 1849 679 1896; x_wconf 17' lang='lat' dir='ltr'><strong>multa,</strong></span> <span class='ocrx_word' id='word_1_257' title='bbox 701 1853 871 1903; x_wconf 89' lang='lat' dir='ltr'><strong>tamque</strong></span> <span class='ocrx_word' id='word_1_258' title='bbox 907 1846 1099 1889; x_wconf 89' lang='lat' dir='ltr'><strong>celeriter</strong></span> <span class='ocrx_word' id='word_1_259' title='bbox 1133 1859 1230 1888; x_wconf 91' lang='lat' dir='ltr'><strong>cum</strong></span> <span class='ocrx_word' id='word_1_260' title='bbox 1261 1859 1414 1906; x_wconf 69' lang='lat' dir='ltr'><strong>prosae</strong></span> <span class='ocrx_word' id='word_1_261' title='bbox 1454 1845 1657 1887; x_wconf 82' lang='lat' dir='ltr'><strong>orationis</strong></span> <span class='ocrx_word' id='word_1_262' title='bbox 1692 1848 1785 1887; x_wconf 88' lang='lat' dir='ltr'><strong>tum</strong></span> <span class='ocrx_word' id='word_1_263' title='bbox 1814 1846 2046 1887; x_wconf 90' lang='lat' dir='ltr'><strong>carminum</strong></span> <span class='ocrx_word' id='word_1_264' title='bbox 2077 1845 2218 1887; x_wconf 89' lang='lat' dir='ltr'><strong>animo</strong></span> <span class='ocrx_word' id='word_1_265' title='bbox 2259 1844 2488 1898; x_wconf 86' lang='lat' dir='ltr'><strong>defigeret,</strong></span> <span class='ocrx_word' id='word_1_266' title='bbox 2522 1846 2681 1900; x_wconf 90' lang='lat' dir='ltr'><strong>quique</strong></span> 
     </span>
     <span class='ocr_line' id='line_1_24' title="bbox 427 1915 2683 1973; baseline -0.001 -12"><span class='ocrx_word' id='word_1_267' title='bbox 427 1921 487 1962; x_wconf 91' lang='lat' dir='ltr'><strong>ita</strong></span> <span class='ocrx_word' id='word_1_268' title='bbox 519 1919 655 1963; x_wconf 87' lang='lat' dir='ltr'><strong>defixa</strong></span> <span class='ocrx_word' id='word_1_269' title='bbox 681 1924 751 1962; x_wconf 88' lang='lat' dir='ltr'><strong>aut</strong></span> <span class='ocrx_word' id='word_1_270' title='bbox 775 1920 949 1961; x_wconf 90' lang='lat' dir='ltr'><strong>retinuit</strong></span> <span class='ocrx_word' id='word_1_271' title='bbox 977 1919 1135 1961; x_wconf 91' lang='lat' dir='ltr'><strong>diutius</strong></span> <span class='ocrx_word' id='word_1_272' title='bbox 1158 1923 1230 1960; x_wconf 90' lang='lat' dir='ltr'><strong>aut</strong></span> <span class='ocrx_word' id='word_1_273' title='bbox 1254 1917 1486 1973; x_wconf 85' lang='lat' dir='ltr'><strong>expeditius</strong></span> <span class='ocrx_word' id='word_1_274' title='bbox 1513 1916 1824 1971; x_wconf 87' lang='lat' dir='ltr'><strong>pronunciavit.</strong></span> <span class='ocrx_word' id='word_1_275' title='bbox 1860 1916 1991 1971; x_wconf 90' lang='lat' dir='ltr'><strong>Saepe</strong></span> <span class='ocrx_word' id='word_1_276' title='bbox 2020 1915 2090 1957; x_wconf 91' lang='lat' dir='ltr'><strong>ille</strong></span> <span class='ocrx_word' id='word_1_277' title='bbox 2114 1928 2139 1958; x_wconf 91' lang='lat' dir='ltr'><strong>a</strong></span> <span class='ocrx_word' id='word_1_278' title='bbox 2160 1915 2409 1958; x_wconf 89' lang='lat' dir='ltr'><strong>doctoribus</strong></span> <span class='ocrx_word' id='word_1_279' title='bbox 2433 1920 2529 1958; x_wconf 89' lang='lat' dir='ltr'><strong>ante</strong></span> <span class='ocrx_word' id='word_1_280' title='bbox 2555 1917 2683 1959; x_wconf 88' lang='lat' dir='ltr'><strong>trien-</strong></span> 
     </span>
     <span class='ocr_line' id='line_1_25' title="bbox 428 1986 2683 2046; baseline -0.002 -12"><span class='ocrx_word' id='word_1_281' title='bbox 428 1993 544 2034; x_wconf 88' lang='lat' dir='ltr'><strong>nium</strong></span> <span class='ocrx_word' id='word_1_282' title='bbox 575 1995 749 2046; x_wconf 90' lang='lat' dir='ltr'><strong>accepta</strong></span> <span class='ocrx_word' id='word_1_283' title='bbox 778 1991 1113 2045; x_wconf 89' lang='lat' dir='ltr'><strong>memoriaeque,</strong></span> <span class='ocrx_word' id='word_1_284' title='bbox 1139 1993 1186 2031; x_wconf 89' lang='lat' dir='ltr'><strong>ut</strong></span> <span class='ocrx_word' id='word_1_285' title='bbox 1214 1988 1310 2030; x_wconf 89' lang='lat' dir='ltr'><strong>fieri</strong></span> <span class='ocrx_word' id='word_1_286' title='bbox 1339 1988 1470 2043; x_wconf 86' lang='lat' dir='ltr'><strong>solet,</strong></span> <span class='ocrx_word' id='word_1_287' title='bbox 1495 1987 1716 2043; x_wconf 80' lang='lat' dir='ltr'><strong>mandata,</strong></span> <span class='ocrx_word' id='word_1_288' title='bbox 1743 1999 1794 2028; x_wconf 87' lang='lat' dir='ltr'><strong>ex</strong></span> <span class='ocrx_word' id='word_1_289' title='bbox 1823 1991 2017 2042; x_wconf 90' lang='lat' dir='ltr'><strong>tempore</strong></span> <span class='ocrx_word' id='word_1_290' title='bbox 2049 1987 2284 2042; x_wconf 83' lang='lat' dir='ltr'><strong>appellatus</strong></span> <span class='ocrx_word' id='word_1_291' title='bbox 2313 1987 2477 2040; x_wconf 86' lang='lat' dir='ltr'><strong>integre</strong></span> <span class='ocrx_word' id='word_1_292' title='bbox 2506 1986 2560 2029; x_wconf 90' lang='lat' dir='ltr'><strong>ad</strong></span> <span class='ocrx_word' id='word_1_293' title='bbox 2586 2000 2683 2030; x_wconf 89' lang='lat' dir='ltr'><strong>ver-</strong></span> 
     </span>
     <span class='ocr_line' id='line_1_26' title="bbox 427 2057 2683 2116; baseline -0.002 -11"><span class='ocrx_word' id='word_1_294' title='bbox 427 2064 531 2106; x_wconf 88' lang='lat' dir='ltr'><strong>bum</strong></span> <span class='ocrx_word' id='word_1_295' title='bbox 563 2067 604 2104; x_wconf 92' lang='lat' dir='ltr'><strong>et</strong></span> <span class='ocrx_word' id='word_1_296' title='bbox 633 2064 833 2116; x_wconf 86' lang='lat' dir='ltr'><strong>castigate</strong></span> <span class='ocrx_word' id='word_1_297' title='bbox 862 2062 1052 2116; x_wconf 89' lang='lat' dir='ltr'><strong>repetiit,</strong></span> <span class='ocrx_word' id='word_1_298' title='bbox 1086 2073 1183 2103; x_wconf 91' lang='lat' dir='ltr'><strong>cum</strong></span> <span class='ocrx_word' id='word_1_299' title='bbox 1212 2059 1266 2102; x_wconf 90' lang='lat' dir='ltr'><strong>ad</strong></span> <span class='ocrx_word' id='word_1_300' title='bbox 1294 2060 1400 2101; x_wconf 87' lang='lat' dir='ltr'><strong>haec</strong></span> <span class='ocrx_word' id='word_1_301' title='bbox 1437 2060 1530 2115; x_wconf 90' lang='lat' dir='ltr'><strong>ipsa</strong></span> <span class='ocrx_word' id='word_1_302' title='bbox 1560 2060 1645 2102; x_wconf 92' lang='lat' dir='ltr'><strong>suis</strong></span> <span class='ocrx_word' id='word_1_303' title='bbox 1674 2058 1941 2112; x_wconf 87' lang='lat' dir='ltr'><strong>temporibus</strong></span> <span class='ocrx_word' id='word_1_304' title='bbox 1971 2070 2057 2113; x_wconf 72' lang='lat' dir='ltr'><strong>pen</strong></span> <span class='ocrx_word' id='word_1_305' title='bbox 2077 2057 2296 2100; x_wconf 88' lang='lat' dir='ltr'><strong>intervalla</strong></span> <span class='ocrx_word' id='word_1_306' title='bbox 2333 2057 2547 2099; x_wconf 85' lang='lat' dir='ltr'><strong>recitanda</strong></span> <span class='ocrx_word' id='word_1_307' title='bbox 2580 2058 2683 2100; x_wconf 87' lang='lat' dir='ltr'><strong>satis</strong></span> 
     </span>
     <span class='ocr_line' id='line_1_27' title="bbox 429 2114 2682 2185; baseline -0.002 -9"><span class='ocrx_word' id='word_1_308' title='bbox 429 2134 605 2177; x_wconf 89' lang='lat' dir='ltr'><strong>haberet</strong></span> <span class='ocrx_word' id='word_1_309' title='bbox 634 2134 760 2175; x_wconf 89' lang='lat' dir='ltr'><strong>alium</strong></span> <span class='ocrx_word' id='word_1_310' title='bbox 791 2133 1036 2175; x_wconf 86' lang='lat' dir='ltr'><strong>recitantem</strong></span> <span class='ocrx_word' id='word_1_311' title='bbox 1067 2132 1136 2174; x_wconf 91' lang='lat' dir='ltr'><strong>vel</strong></span> <span class='ocrx_word' id='word_1_312' title='bbox 1171 2131 1298 2173; x_wconf 89' lang='lat' dir='ltr'><strong>semel</strong></span> <span class='ocrx_word' id='word_1_313' title='bbox 1336 2130 1524 2184; x_wconf 83' lang='lat' dir='ltr'><strong>audisse3</strong></span> <span class='ocrx_word' id='word_1_314' title='bbox 1558 2131 1779 2185; x_wconf 87' lang='lat' dir='ltr'><strong>iussusque</strong></span> <span class='ocrx_word' id='word_1_315' title='bbox 1815 2128 2047 2184; x_wconf 87' lang='lat' dir='ltr'><strong>aliquando</strong></span> <span class='ocrx_word' id='word_1_316' title='bbox 2065 2159 2077 2181; x_wconf 93' lang='lat'><strong>,</strong></span> <span class='ocrx_word' id='word_1_317' title='bbox 2108 2132 2208 2184; x_wconf 89' lang='lat' dir='ltr'><strong>post</strong></span> <span class='ocrx_word' id='word_1_318' title='bbox 2244 2132 2487 2169; x_wconf 88' lang='lat' dir='ltr'><strong>semestrem</strong></span> <span class='ocrx_word' id='word_1_319' title='bbox 2514 2114 2550 2170; x_wconf 58' lang='lat' dir='ltr'><strong>⁶a</strong></span> <span class='ocrx_word' id='word_1_320' title='bbox 2577 2127 2682 2173; x_wconf 90' lang='lat' dir='ltr'><strong>ludo</strong></span> 
     </span>
     <span class='ocr_line' id='line_1_28' title="bbox 432 2199 2683 2260; baseline -0.003 -12"><span class='ocrx_word' id='word_1_321' title='bbox 432 2206 702 2248; x_wconf 86' lang='lat' dir='ltr'><strong>cessationem</strong></span> <span class='ocrx_word' id='word_1_322' title='bbox 736 2205 864 2260; x_wconf 88' lang='lat' dir='ltr'><strong>(quia</strong></span> <span class='ocrx_word' id='word_1_323' title='bbox 898 2204 1009 2246; x_wconf 88' lang='lat' dir='ltr'><strong>forte</strong></span> <span class='ocrx_word' id='word_1_324' title='bbox 1041 2204 1158 2258; x_wconf 88' lang='lat' dir='ltr'><strong>gravi</strong></span> <span class='ocrx_word' id='word_1_325' title='bbox 1187 2203 1426 2245; x_wconf 87' lang='lat' dir='ltr'><strong>valetudine</strong></span> <span class='ocrx_word' id='word_1_326' title='bbox 1455 2206 1639 2245; x_wconf 90' lang='lat' dir='ltr'><strong>tentatus</strong></span> <span class='ocrx_word' id='word_1_327' title='bbox 1670 2199 1841 2257; x_wconf 84' lang='lat' dir='ltr'><strong>suerat)</strong></span> <span class='ocrx_word' id='word_1_328' title='bbox 1875 2214 1926 2242; x_wconf 89' lang='lat' dir='ltr'><strong>ex</strong></span> <span class='ocrx_word' id='word_1_329' title='bbox 1960 2200 2128 2243; x_wconf 91' lang='lat' dir='ltr'><strong>duobus</strong></span> <span class='ocrx_word' id='word_1_330' title='bbox 2163 2211 2298 2254; x_wconf 89' lang='lat' dir='ltr'><strong>paene</strong></span> <span class='ocrx_word' id='word_1_331' title='bbox 2324 2199 2500 2253; x_wconf 84' lang='lat' dir='ltr'><strong>integris</strong></span> <span class='ocrx_word' id='word_1_332' title='bbox 2534 2201 2683 2242; x_wconf 89' lang='lat' dir='ltr'><strong>Xeno-</strong></span> 
     </span>
     <span class='ocr_line' id='line_1_29' title="bbox 430 2270 2684 2332; baseline -0.002 -14"><span class='ocrx_word' id='word_1_333' title='bbox 430 2277 603 2332; x_wconf 89' lang='lat' dir='ltr'><strong>phontis</strong></span> <span class='ocrx_word' id='word_1_334' title='bbox 634 2282 676 2319; x_wconf 90' lang='lat' dir='ltr'><strong>et</strong></span> <span class='ocrx_word' id='word_1_335' title='bbox 705 2276 879 2319; x_wconf 88' lang='lat' dir='ltr'><strong>Homeri</strong></span> <span class='ocrx_word' id='word_1_336' title='bbox 908 2276 1026 2317; x_wconf 91' lang='lat' dir='ltr'><strong>libris</strong></span> <span class='ocrx_word' id='word_1_337' title='bbox 1058 2276 1339 2330; x_wconf 82' lang='lat' dir='ltr'><strong>pronunciaie</strong></span> <span class='ocrx_word' id='word_1_338' title='bbox 1370 2274 1615 2316; x_wconf 88' lang='lat' dir='ltr'><strong>memoriter</strong></span> <span class='ocrx_word' id='word_1_339' title='bbox 1644 2274 1689 2315; x_wconf 92' lang='lat' dir='ltr'><strong>in</strong></span> <span class='ocrx_word' id='word_1_340' title='bbox 1721 2273 1950 2315; x_wconf 89' lang='lat' dir='ltr'><strong>crastinum</strong></span> <span class='ocrx_word' id='word_1_341' title='bbox 1982 2275 2024 2314; x_wconf 91' lang='lat' dir='ltr'><strong>et</strong></span> <span class='ocrx_word' id='word_1_342' title='bbox 2056 2275 2302 2326; x_wconf 87' lang='lat' dir='ltr'><strong>sequentem</strong></span> <span class='ocrx_word' id='word_1_343' title='bbox 2339 2270 2449 2324; x_wconf 83' lang='lat' dir='ltr'><strong>dies,</strong></span> <span class='ocrx_word' id='word_1_344' title='bbox 2483 2270 2528 2312; x_wconf 91' lang='lat' dir='ltr'><strong>id</strong></span> <span class='ocrx_word' id='word_1_345' title='bbox 2564 2271 2684 2325; x_wconf 89' lang='lat' dir='ltr'><strong>quod</strong></span> 
     </span>
     <span class='ocr_line' id='line_1_30' title="bbox 432 2341 2684 2403; baseline -0.002 -13"><span class='ocrx_word' id='word_1_346' title='bbox 432 2348 584 2403; x_wconf 90' lang='lat' dir='ltr'><strong>reliqui</strong></span> <span class='ocrx_word' id='word_1_347' title='bbox 614 2352 707 2390; x_wconf 91' lang='lat' dir='ltr'><strong>toto</strong></span> <span class='ocrx_word' id='word_1_348' title='bbox 737 2348 812 2389; x_wconf 90' lang='lat' dir='ltr'><strong>illo</strong></span> <span class='ocrx_word' id='word_1_349' title='bbox 835 2348 971 2403; x_wconf 88' lang='lat' dir='ltr'><strong>spatio</strong></span> <span class='ocrx_word' id='word_1_350' title='bbox 1000 2347 1070 2389; x_wconf 84' lang='lat' dir='ltr'><strong>vix</strong></span> <span class='ocrx_word' id='word_1_351' title='bbox 1097 2346 1349 2398; x_wconf 84' lang='lat' dir='ltr'><strong>effecerant,</strong></span> <span class='ocrx_word' id='word_1_352' title='bbox 1372 2358 1459 2387; x_wconf 90' lang='lat' dir='ltr'><strong>non</strong></span> <span class='ocrx_word' id='word_1_353' title='bbox 1490 2344 1628 2386; x_wconf 91' lang='lat' dir='ltr'><strong>minus</strong></span> <span class='ocrx_word' id='word_1_354' title='bbox 1657 2344 1837 2387; x_wconf 86' lang='lat' dir='ltr'><strong>feliciter</strong></span> <span class='ocrx_word' id='word_1_355' title='bbox 1866 2347 2100 2397; x_wconf 85' lang='lat' dir='ltr'><strong>exequutus</strong></span> <span class='ocrx_word' id='word_1_356' title='bbox 2131 2346 2219 2394; x_wconf 87' lang='lat' dir='ltr'><strong>est,</strong></span> <span class='ocrx_word' id='word_1_357' title='bbox 2245 2353 2373 2396; x_wconf 87' lang='lat' dir='ltr'><strong>quam</strong></span> <span class='ocrx_word' id='word_1_358' title='bbox 2402 2341 2611 2397; x_wconf 85' lang='lat' dir='ltr'><strong>intrepide</strong></span> <span class='ocrx_word' id='word_1_359' title='bbox 2643 2347 2684 2385; x_wconf 90' lang='lat' dir='ltr'><strong>et</strong></span> 
     </span>
     <span class='ocr_line' id='line_1_31' title="bbox 431 2413 2684 2473; baseline -0.002 -12"><span class='ocrx_word' id='word_1_360' title='bbox 431 2419 610 2462; x_wconf 88' lang='lat' dir='ltr'><strong>fidenter</strong></span> <span class='ocrx_word' id='word_1_361' title='bbox 640 2420 865 2473; x_wconf 87' lang='lat' dir='ltr'><strong>receperit,</strong></span> <span class='ocrx_word' id='word_1_362' title='bbox 888 2430 1148 2472; x_wconf 85' lang='lat' dir='ltr'><strong>magnaeque</strong></span> <span class='ocrx_word' id='word_1_363' title='bbox 1174 2417 1237 2459; x_wconf 92' lang='lat' dir='ltr'><strong>illi</strong></span> <span class='ocrx_word' id='word_1_364' title='bbox 1267 2430 1334 2459; x_wconf 88' lang='lat' dir='ltr'><strong>res</strong></span> <span class='ocrx_word' id='word_1_365' title='bbox 1364 2417 1468 2458; x_wconf 88' lang='lat' dir='ltr'><strong>baec</strong></span> <span class='ocrx_word' id='word_1_366' title='bbox 1498 2415 1615 2458; x_wconf 90' lang='lat' dir='ltr'><strong>laudi</strong></span> <span class='ocrx_word' id='word_1_367' title='bbox 1644 2426 1904 2468; x_wconf 86' lang='lat' dir='ltr'><strong>magnaeque</strong></span> <span class='ocrx_word' id='word_1_368' title='bbox 1933 2413 2205 2468; x_wconf 88' lang='lat' dir='ltr'><strong>gratulationi</strong></span> <span class='ocrx_word' id='word_1_369' title='bbox 2225 2413 2328 2465; x_wconf 81' lang='lat' dir='ltr'><strong>fuit3</strong></span> <span class='ocrx_word' id='word_1_370' title='bbox 2353 2425 2451 2454; x_wconf 88' lang='lat' dir='ltr'><strong>nam</strong></span> <span class='ocrx_word' id='word_1_371' title='bbox 2477 2413 2598 2455; x_wconf 90' lang='lat' dir='ltr'><strong>multi</strong></span> <span class='ocrx_word' id='word_1_372' title='bbox 2629 2414 2684 2456; x_wconf 89' lang='lat' dir='ltr'><strong>ad</strong></span> 
     </span>
     <span class='ocr_line' id='line_1_32' title="bbox 434 2483 2682 2543; baseline -0.003 -10"><span class='ocrx_word' id='word_1_373' title='bbox 434 2490 691 2533; x_wconf 90' lang='lat' dir='ltr'><strong>audiendum</strong></span> <span class='ocrx_word' id='word_1_374' title='bbox 722 2494 1007 2532; x_wconf 85' lang='lat' dir='ltr'><strong>convenerant</strong></span> <span class='ocrx_word' id='word_1_375' title='bbox 1037 2501 1059 2530; x_wconf 92' lang='lat' dir='ltr'><strong>a</strong></span> <span class='ocrx_word' id='word_1_376' title='bbox 1090 2493 1364 2543; x_wconf 88' lang='lat' dir='ltr'><strong>praeceptore</strong></span> <span class='ocrx_word' id='word_1_377' title='bbox 1393 2487 1584 2540; x_wconf 90' lang='lat' dir='ltr'><strong>invitati,</strong></span> <span class='ocrx_word' id='word_1_378' title='bbox 1609 2487 1683 2541; x_wconf 90' lang='lat' dir='ltr'><strong>qui</strong></span> <span class='ocrx_word' id='word_1_379' title='bbox 1714 2484 1944 2527; x_wconf 86' lang='lat' dir='ltr'><strong>delectatus</strong></span> <span class='ocrx_word' id='word_1_380' title='bbox 1966 2483 2243 2527; x_wconf 84' lang='lat' dir='ltr'><strong>adolescentis</strong></span> <span class='ocrx_word' id='word_1_381' title='bbox 2274 2483 2455 2537; x_wconf 88' lang='lat' dir='ltr'><strong>virtute,</strong></span> <span class='ocrx_word' id='word_1_382' title='bbox 2479 2496 2533 2525; x_wconf 93' lang='lat' dir='ltr'><strong>ne</strong></span> <span class='ocrx_word' id='word_1_383' title='bbox 2563 2496 2588 2526; x_wconf 89' lang='lat' dir='ltr'><strong>a</strong></span> <span class='ocrx_word' id='word_1_384' title='bbox 2615 2483 2682 2527; x_wconf 81' lang='lat' dir='ltr'><strong>la·</strong></span> 
     </span>
     <span class='ocr_line' id='line_1_33' title="bbox 434 2557 1744 2617; baseline -0.005 -13"><span class='ocrx_word' id='word_1_385' title='bbox 434 2563 588 2617; x_wconf 82' lang='lat' dir='ltr'><strong>crymis</strong></span> <span class='ocrx_word' id='word_1_386' title='bbox 619 2561 790 2616; x_wconf 90' lang='lat' dir='ltr'><strong>quidem</strong></span> <span class='ocrx_word' id='word_1_387' title='bbox 820 2561 861 2602; x_wconf 91' lang='lat' dir='ltr'><strong>in</strong></span> <span class='ocrx_word' id='word_1_388' title='bbox 894 2573 945 2602; x_wconf 92' lang='lat' dir='ltr'><strong>eo</strong></span> <span class='ocrx_word' id='word_1_389' title='bbox 978 2559 1260 2604; x_wconf 85' lang='lat' dir='ltr'><strong>collaudando</strong></span> <span class='ocrx_word' id='word_1_390' title='bbox 1292 2564 1542 2613; x_wconf 87' lang='lat' dir='ltr'><strong>temperasse</strong></span> <span class='ocrx_word' id='word_1_391' title='bbox 1572 2557 1744 2600; x_wconf 91' lang='lat' dir='ltr'><strong>dicitur.</strong></span> 
     </span>
    </p>

    <p class='ocr_par' dir='ltr' id='par_1_4' title="bbox 434 2621 2696 3319">
     <span class='ocr_line' id='line_1_34' title="bbox 552 2621 2686 2685; baseline -0.003 -11"><span class='ocrx_word' id='word_1_392' title='bbox 552 2633 594 2674; x_wconf 90' lang='lat'><strong>8.</strong></span> <span class='ocrx_word' id='word_1_393' title='bbox 628 2621 789 2674; x_wconf 82' lang='lat' dir='ltr'><strong>Eximio</strong></span> <span class='ocrx_word' id='word_1_394' title='bbox 825 2636 964 2674; x_wconf 89' lang='lat' dir='ltr'><strong>tamen</strong></span> <span class='ocrx_word' id='word_1_395' title='bbox 999 2631 1139 2674; x_wconf 90' lang='lat' dir='ltr'><strong>studio</strong></span> <span class='ocrx_word' id='word_1_396' title='bbox 1179 2630 1234 2673; x_wconf 91' lang='lat' dir='ltr'><strong>ad</strong></span> <span class='ocrx_word' id='word_1_397' title='bbox 1273 2630 1485 2685; x_wconf 78' lang='lat' dir='ltr'><strong>poeticam</strong></span> <span class='ocrx_word' id='word_1_398' title='bbox 1523 2629 1624 2670; x_wconf 85' lang='lat' dir='ltr'><strong>ferri</strong></span> <span class='ocrx_word' id='word_1_399' title='bbox 1661 2629 1862 2670; x_wconf 89' lang='lat' dir='ltr'><strong>instinctu</strong></span> <span class='ocrx_word' id='word_1_400' title='bbox 1899 2627 2087 2683; x_wconf 89' lang='lat' dir='ltr'><strong>quodam</strong></span> <span class='ocrx_word' id='word_1_401' title='bbox 2122 2631 2297 2669; x_wconf 88' lang='lat' dir='ltr'><strong>naturae</strong></span> <span class='ocrx_word' id='word_1_402' title='bbox 2336 2627 2450 2668; x_wconf 86' lang='lat' dir='ltr'><strong>visus</strong></span> <span class='ocrx_word' id='word_1_403' title='bbox 2487 2630 2577 2679; x_wconf 90' lang='lat' dir='ltr'><strong>est,</strong></span> <span class='ocrx_word' id='word_1_404' title='bbox 2618 2627 2686 2669; x_wconf 89' lang='lat' dir='ltr'><strong>cui</strong></span> 
     </span>
     <span class='ocr_line' id='line_1_35' title="bbox 434 2696 2686 2758; baseline -0.003 -13"><span class='ocrx_word' id='word_1_405' title='bbox 434 2704 573 2758; x_wconf 92' lang='lat' dir='ltr'><strong>primo</strong></span> <span class='ocrx_word' id='word_1_406' title='bbox 606 2703 680 2745; x_wconf 91' lang='lat' dir='ltr'><strong>illo</strong></span> <span class='ocrx_word' id='word_1_407' title='bbox 711 2703 764 2745; x_wconf 89' lang='lat' dir='ltr'><strong>ad</strong></span> <span class='ocrx_word' id='word_1_408' title='bbox 791 2703 949 2745; x_wconf 81' lang='lat' dir='ltr'><strong>litteras</strong></span> <span class='ocrx_word' id='word_1_409' title='bbox 979 2702 1167 2757; x_wconf 86' lang='lat' dir='ltr'><strong>impetu,</strong></span> <span class='ocrx_word' id='word_1_410' title='bbox 1200 2702 1259 2743; x_wconf 88' lang='lat' dir='ltr'><strong>ita</strong></span> <span class='ocrx_word' id='word_1_411' title='bbox 1288 2701 1548 2755; x_wconf 89' lang='lat' dir='ltr'><strong>obsequutus</strong></span> <span class='ocrx_word' id='word_1_412' title='bbox 1579 2703 1666 2752; x_wconf 91' lang='lat' dir='ltr'><strong>est,</strong></span> <span class='ocrx_word' id='word_1_413' title='bbox 1699 2703 1748 2741; x_wconf 90' lang='lat' dir='ltr'><strong>ut</strong></span> <span class='ocrx_word' id='word_1_414' title='bbox 1777 2703 1912 2741; x_wconf 88' lang='lat' dir='ltr'><strong>cetera</strong></span> <span class='ocrx_word' id='word_1_415' title='bbox 1943 2699 2080 2740; x_wconf 89' lang='lat' dir='ltr'><strong>omnis</strong></span> <span class='ocrx_word' id='word_1_416' title='bbox 2113 2697 2296 2740; x_wconf 88' lang='lat' dir='ltr'><strong>eruditio</strong></span> <span class='ocrx_word' id='word_1_417' title='bbox 2314 2730 2325 2751; x_wconf 94' lang='lat'><strong>,</strong></span> <span class='ocrx_word' id='word_1_418' title='bbox 2357 2701 2574 2751; x_wconf 88' lang='lat' dir='ltr'><strong>tamquam</strong></span> <span class='ocrx_word' id='word_1_419' title='bbox 2604 2696 2686 2739; x_wconf 90' lang='lat' dir='ltr'><strong>hu-</strong></span> 
     </span>
     <span class='ocr_line' id='line_1_36' title="bbox 435 2759 2690 2830; baseline -0.004 -13"><span class='ocrx_word' id='word_1_420' title='bbox 435 2775 545 2817; x_wconf 90' lang='lat' dir='ltr'><strong>milis</strong></span> <span class='ocrx_word' id='word_1_421' title='bbox 581 2779 708 2830; x_wconf 88' lang='lat' dir='ltr'><strong>atque</strong></span> <span class='ocrx_word' id='word_1_422' title='bbox 742 2759 921 2828; x_wconf 81' lang='lat' dir='ltr'><strong>ingloria</strong></span> <span class='ocrx_word' id='word_1_423' title='bbox 949 2773 1206 2816; x_wconf 90' lang='lat' dir='ltr'><strong>adolescenti</strong></span> <span class='ocrx_word' id='word_1_424' title='bbox 1235 2773 1407 2814; x_wconf 88' lang='lat' dir='ltr'><strong>omnino</strong></span> <span class='ocrx_word' id='word_1_425' title='bbox 1445 2770 1719 2814; x_wconf 87' lang='lat' dir='ltr'><strong>sordesceret.</strong></span> <span class='ocrx_word' id='word_1_426' title='bbox 1753 2770 1841 2812; x_wconf 86' lang='lat' dir='ltr'><strong>Nec</strong></span> <span class='ocrx_word' id='word_1_427' title='bbox 1876 2769 2014 2811; x_wconf 85' lang='lat' dir='ltr'><strong>solum</strong></span> <span class='ocrx_word' id='word_1_428' title='bbox 2047 2781 2193 2810; x_wconf 89' lang='lat' dir='ltr'><strong>versus</strong></span> <span class='ocrx_word' id='word_1_429' title='bbox 2228 2767 2416 2822; x_wconf 91' lang='lat' dir='ltr'><strong>optimos</strong></span> <span class='ocrx_word' id='word_1_430' title='bbox 2452 2767 2496 2808; x_wconf 90' lang='lat' dir='ltr'><strong>in</strong></span> <span class='ocrx_word' id='word_1_431' title='bbox 2537 2778 2690 2821; x_wconf 84' lang='lat' dir='ltr'><strong>graeca</strong></span> 
     </span>
     <span class='ocr_line' id='line_1_37' title="bbox 435 2835 2688 2900; baseline -0.004 -12"><span class='ocrx_word' id='word_1_432' title='bbox 435 2846 600 2900; x_wconf 88' lang='lat' dir='ltr'><strong>lingua,</strong></span> <span class='ocrx_word' id='word_1_433' title='bbox 635 2858 733 2888; x_wconf 91' lang='lat' dir='ltr'><strong>cura</strong></span> <span class='ocrx_word' id='word_1_434' title='bbox 764 2859 812 2887; x_wconf 88' lang='lat' dir='ltr'><strong>ac</strong></span> <span class='ocrx_word' id='word_1_435' title='bbox 844 2845 1117 2887; x_wconf 89' lang='lat' dir='ltr'><strong>meditatione</strong></span> <span class='ocrx_word' id='word_1_436' title='bbox 1151 2843 1363 2897; x_wconf 87' lang='lat' dir='ltr'><strong>adhibita,</strong></span> <span class='ocrx_word' id='word_1_437' title='bbox 1393 2842 1566 2896; x_wconf 85' lang='lat' dir='ltr'><strong>edebat,</strong></span> <span class='ocrx_word' id='word_1_438' title='bbox 1600 2841 1675 2884; x_wconf 90' lang='lat' dir='ltr'><strong>sed</strong></span> <span class='ocrx_word' id='word_1_439' title='bbox 1704 2841 1829 2883; x_wconf 90' lang='lat' dir='ltr'><strong>etiam</strong></span> <span class='ocrx_word' id='word_1_440' title='bbox 1857 2840 1902 2882; x_wconf 90' lang='lat' dir='ltr'><strong>in</strong></span> <span class='ocrx_word' id='word_1_441' title='bbox 1933 2840 2159 2894; x_wconf 89' lang='lat' dir='ltr'><strong>colloquiis</strong></span> <span class='ocrx_word' id='word_1_442' title='bbox 2188 2835 2468 2883; x_wconf 85' lang='lat' dir='ltr'><strong>familiaribus</strong></span> <span class='ocrx_word' id='word_1_443' title='bbox 2497 2839 2688 2893; x_wconf 89' lang='lat' dir='ltr'><strong>iocisque</strong></span> 
     </span>
     <span class='ocr_line' id='line_1_38' title="bbox 435 2909 2688 2972; baseline -0.004 -13"><span class='ocrx_word' id='word_1_444' title='bbox 435 2917 666 2972; x_wconf 89' lang='lat' dir='ltr'><strong>puerilibus</strong></span> <span class='ocrx_word' id='word_1_445' title='bbox 698 2916 749 2959; x_wconf 93' lang='lat' dir='ltr'><strong>de</strong></span> <span class='ocrx_word' id='word_1_446' title='bbox 780 2917 1011 2971; x_wconf 86' lang='lat' dir='ltr'><strong>improviso</strong></span> <span class='ocrx_word' id='word_1_447' title='bbox 1042 2916 1186 2958; x_wconf 88' lang='lat' dir='ltr'><strong>vincta</strong></span> <span class='ocrx_word' id='word_1_448' title='bbox 1215 2915 1399 2957; x_wconf 86' lang='lat' dir='ltr'><strong>numeris</strong></span> <span class='ocrx_word' id='word_1_449' title='bbox 1431 2914 1646 2966; x_wconf 86' lang='lat' dir='ltr'><strong>oratione,</strong></span> <span class='ocrx_word' id='word_1_450' title='bbox 1676 2918 1755 2954; x_wconf 88' lang='lat' dir='ltr'><strong>nec</strong></span> <span class='ocrx_word' id='word_1_451' title='bbox 1787 2911 1928 2965; x_wconf 90' lang='lat' dir='ltr'><strong>inepte</strong></span> <span class='ocrx_word' id='word_1_452' title='bbox 1960 2914 2003 2952; x_wconf 88' lang='lat' dir='ltr'><strong>et</strong></span> <span class='ocrx_word' id='word_1_453' title='bbox 2032 2922 2196 2952; x_wconf 91' lang='lat' dir='ltr'><strong>summa</strong></span> <span class='ocrx_word' id='word_1_454' title='bbox 2232 2921 2330 2951; x_wconf 89' lang='lat' dir='ltr'><strong>cum</strong></span> <span class='ocrx_word' id='word_1_455' title='bbox 2361 2909 2562 2950; x_wconf 83' lang='lat' dir='ltr'><strong>facilitate</strong></span> <span class='ocrx_word' id='word_1_456' title='bbox 2594 2913 2688 2950; x_wconf 89' lang='lat' dir='ltr'><strong>ute-</strong></span> 
     </span>
     <span class='ocr_line' id='line_1_39' title="bbox 436 2979 2685 3044; baseline -0.005 -13"><span class='ocrx_word' id='word_1_457' title='bbox 436 2989 588 3043; x_wconf 83' lang='lat' dir='ltr'><strong>batur3</strong></span> <span class='ocrx_word' id='word_1_458' title='bbox 624 3001 815 3044; x_wconf 88' lang='lat' dir='ltr'><strong>opusque</strong></span> <span class='ocrx_word' id='word_1_459' title='bbox 850 2988 1100 3030; x_wconf 89' lang='lat' dir='ltr'><strong>doctoribus</strong></span> <span class='ocrx_word' id='word_1_460' title='bbox 1134 2992 1223 3030; x_wconf 85' lang='lat' dir='ltr'><strong>erat</strong></span> <span class='ocrx_word' id='word_1_461' title='bbox 1255 3000 1342 3029; x_wconf 92' lang='lat' dir='ltr'><strong>non</strong></span> <span class='ocrx_word' id='word_1_462' title='bbox 1375 2986 1634 3038; x_wconf 86' lang='lat' dir='ltr'><strong>calcaribus,</strong></span> <span class='ocrx_word' id='word_1_463' title='bbox 1667 2989 1715 3026; x_wconf 92' lang='lat' dir='ltr'><strong>ut</strong></span> <span class='ocrx_word' id='word_1_464' title='bbox 1748 2995 1846 3038; x_wconf 89' lang='lat' dir='ltr'><strong>erga</strong></span> <span class='ocrx_word' id='word_1_465' title='bbox 1882 2987 2046 3024; x_wconf 88' lang='lat' dir='ltr'><strong>ceteros</strong></span> <span class='ocrx_word' id='word_1_466' title='bbox 2081 2981 2395 3032; x_wconf 76' lang='lat' dir='ltr'><strong>adolescenteS,</strong></span> <span class='ocrx_word' id='word_1_467' title='bbox 2429 2980 2503 3022; x_wconf 88' lang='lat' dir='ltr'><strong>sed</strong></span> <span class='ocrx_word' id='word_1_468' title='bbox 2538 2979 2685 3033; x_wconf 88' lang='lat' dir='ltr'><strong>freno,</strong></span> 
     </span>
     <span class='ocr_line' id='line_1_40' title="bbox 438 3051 2690 3114; baseline -0.005 -12"><span class='ocrx_word' id='word_1_469' title='bbox 438 3072 525 3114; x_wconf 92' lang='lat' dir='ltr'><strong>quo</strong></span> <span class='ocrx_word' id='word_1_470' title='bbox 555 3060 710 3114; x_wconf 87' lang='lat' dir='ltr'><strong>ingenii</strong></span> <span class='ocrx_word' id='word_1_471' title='bbox 737 3060 994 3101; x_wconf 88' lang='lat' dir='ltr'><strong>alacritatem</strong></span> <span class='ocrx_word' id='word_1_472' title='bbox 1005 3052 1114 3113; x_wconf 72' lang='lat' dir='ltr'><strong>&#39;plus</strong></span> <span class='ocrx_word' id='word_1_473' title='bbox 1138 3059 1249 3100; x_wconf 90' lang='lat' dir='ltr'><strong>iusto</strong></span> <span class='ocrx_word' id='word_1_474' title='bbox 1280 3058 1625 3100; x_wconf 82' lang='lat' dir='ltr'><strong>effervescentem</strong></span> <span class='ocrx_word' id='word_1_475' title='bbox 1652 3056 1764 3097; x_wconf 88' lang='lat' dir='ltr'><strong>intra</strong></span> <span class='ocrx_word' id='word_1_476' title='bbox 1787 3054 1962 3097; x_wconf 90' lang='lat' dir='ltr'><strong>modum</strong></span> <span class='ocrx_word' id='word_1_477' title='bbox 1990 3056 2254 3103; x_wconf 74' lang='lat' dir='ltr'><strong>coercerent3</strong></span> <span class='ocrx_word' id='word_1_478' title='bbox 2282 3052 2355 3106; x_wconf 87' lang='lat' dir='ltr'><strong>qui</strong></span> <span class='ocrx_word' id='word_1_479' title='bbox 2378 3056 2518 3092; x_wconf 89' lang='lat' dir='ltr'><strong>tamen</strong></span> <span class='ocrx_word' id='word_1_480' title='bbox 2544 3051 2690 3092; x_wconf 85' lang='lat' dir='ltr'><strong>fervor</strong></span> 
     </span>
     <span class='ocr_line' id='line_1_41' title="bbox 439 3119 2691 3185; baseline -0.005 -13"><span class='ocrx_word' id='word_1_481' title='bbox 439 3135 574 3172; x_wconf 88' lang='lat' dir='ltr'><strong>aetate</strong></span> <span class='ocrx_word' id='word_1_482' title='bbox 601 3135 748 3185; x_wconf 87' lang='lat' dir='ltr'><strong>postea</strong></span> <span class='ocrx_word' id='word_1_483' title='bbox 778 3130 1028 3182; x_wconf 88' lang='lat' dir='ltr'><strong>accedente,</strong></span> <span class='ocrx_word' id='word_1_484' title='bbox 1053 3130 1306 3183; x_wconf 85' lang='lat' dir='ltr'><strong>monitisque</strong></span> <span class='ocrx_word' id='word_1_485' title='bbox 1336 3128 1669 3178; x_wconf 82' lang='lat' dir='ltr'><strong>instituentium,</strong></span> <span class='ocrx_word' id='word_1_486' title='bbox 1692 3125 1763 3168; x_wconf 93' lang='lat' dir='ltr'><strong>sed</strong></span> <span class='ocrx_word' id='word_1_487' title='bbox 1795 3125 1974 3167; x_wconf 88' lang='lat' dir='ltr'><strong>maxime</strong></span> <span class='ocrx_word' id='word_1_488' title='bbox 1997 3124 2187 3166; x_wconf 88' lang='lat' dir='ltr'><strong>omnium</strong></span> <span class='ocrx_word' id='word_1_489' title='bbox 2210 3123 2299 3163; x_wconf 87' lang='lat' dir='ltr'><strong>eius</strong></span> <span class='ocrx_word' id='word_1_490' title='bbox 2320 3121 2453 3175; x_wconf 90' lang='lat' dir='ltr'><strong>ipsius</strong></span> <span class='ocrx_word' id='word_1_491' title='bbox 2483 3119 2691 3162; x_wconf 87' lang='lat' dir='ltr'><strong>industria</strong></span> 
     </span>
     <span class='ocr_line' id='line_1_42' title="bbox 438 3192 2696 3255; baseline -0.004 -13"><span class='ocrx_word' id='word_1_492' title='bbox 438 3201 641 3254; x_wconf 86' lang='lat' dir='ltr'><strong>paulatim</strong></span> <span class='ocrx_word' id='word_1_493' title='bbox 672 3202 858 3252; x_wconf 87' lang='lat' dir='ltr'><strong>remisit,</strong></span> <span class='ocrx_word' id='word_1_494' title='bbox 888 3201 934 3242; x_wconf 82' lang='lat' dir='ltr'><strong>iti</strong></span> <span class='ocrx_word' id='word_1_495' title='bbox 964 3213 1102 3255; x_wconf 90' lang='lat' dir='ltr'><strong>eoque</strong></span> <span class='ocrx_word' id='word_1_496' title='bbox 1130 3200 1318 3255; x_wconf 81' lang='lat' dir='ltr'><strong>poetices</strong></span> <span class='ocrx_word' id='word_1_497' title='bbox 1345 3198 1529 3250; x_wconf 90' lang='lat' dir='ltr'><strong>studium</strong></span> <span class='ocrx_word' id='word_1_498' title='bbox 1561 3198 1758 3252; x_wconf 89' lang='lat' dir='ltr'><strong>spiritum</strong></span> <span class='ocrx_word' id='word_1_499' title='bbox 1792 3196 2025 3238; x_wconf 86' lang='lat' dir='ltr'><strong>dumtaxat</strong></span> <span class='ocrx_word' id='word_1_500' title='bbox 2042 3195 2164 3236; x_wconf 92' lang='lat' dir='ltr'><strong>illum</strong></span> <span class='ocrx_word' id='word_1_501' title='bbox 2195 3194 2472 3246; x_wconf 86' lang='lat' dir='ltr'><strong>vigoremque</strong></span> <span class='ocrx_word' id='word_1_502' title='bbox 2506 3193 2550 3233; x_wconf 90' lang='lat' dir='ltr'><strong>in</strong></span> <span class='ocrx_word' id='word_1_503' title='bbox 2581 3192 2696 3240; x_wconf 14' lang='lat' dir='ltr'><strong>scri-A</strong></span> 
     </span>
     <span class='ocr_line' id='line_1_43' title="bbox 441 3261 2692 3345; baseline -0.004 -32"><span class='ocrx_word' id='word_1_504' title='bbox 441 3271 605 3325; x_wconf 90' lang='lat' dir='ltr'><strong>hendo,</strong></span> <span class='ocrx_word' id='word_1_505' title='bbox 632 3276 674 3312; x_wconf 91' lang='lat' dir='ltr'><strong>et</strong></span> <span class='ocrx_word' id='word_1_506' title='bbox 699 3272 948 3314; x_wconf 84' lang='lat' dir='ltr'><strong>excitantem</strong></span> <span class='ocrx_word' id='word_1_507' title='bbox 971 3273 1179 3314; x_wconf 85' lang='lat' dir='ltr'><strong>lectorum</strong></span> <span class='ocrx_word' id='word_1_508' title='bbox 1208 3272 1396 3322; x_wconf 88' lang='lat' dir='ltr'><strong>animos,</strong></span> <span class='ocrx_word' id='word_1_509' title='bbox 1422 3274 1469 3311; x_wconf 89' lang='lat' dir='ltr'><strong>ut</strong></span> <span class='ocrx_word' id='word_1_510' title='bbox 1495 3270 1561 3311; x_wconf 91' lang='lat' dir='ltr'><strong>ita</strong></span> <span class='ocrx_word' id='word_1_511' title='bbox 1583 3269 1743 3321; x_wconf 88' lang='lat' dir='ltr'><strong>dicam,</strong></span> <span class='ocrx_word' id='word_1_512' title='bbox 1767 3266 1966 3345; x_wconf 89' lang='lat' dir='ltr'><strong>laetitiam</strong></span> <span class='ocrx_word' id='word_1_513' title='bbox 1993 3265 2222 3319; x_wconf 69' lang='lat' dir='ltr'><strong>teliquit(3</strong></span> <span class='ocrx_word' id='word_1_514' title='bbox 2226 3267 2255 3317; x_wconf 91' lang='lat'><strong>).</strong></span> <span class='ocrx_word' id='word_1_515' title='bbox 2290 3263 2507 3318; x_wconf 87' lang='lat' dir='ltr'><strong>Egregiam</strong></span> <span class='ocrx_word' id='word_1_516' title='bbox 2541 3261 2692 3304; x_wconf 85' lang='lat' dir='ltr'><strong>deinde</strong></span> 
     </span>
    </p>
   </div>
   <div class='ocr_carea' id='block_1_3' title="bbox 440 3368 2703 3895">
    <p class='ocr_par' dir='ltr' id='par_1_5' title="bbox 440 3368 2696 3578">
     <span class='ocr_line' id='line_1_44' title="bbox 536 3368 2696 3418; baseline -0.005 -11"><span class='ocrx_word' id='word_1_517' title='bbox 536 3375 581 3416; x_wconf 90' lang='lat'><strong>(1)</strong></span> <span class='ocrx_word' id='word_1_518' title='bbox 604 3378 659 3408; x_wconf 84' lang='lat' dir='ltr'><strong>Est</strong></span> <span class='ocrx_word' id='word_1_519' title='bbox 685 3376 737 3408; x_wconf 87' lang='lat' dir='ltr'><strong>hic</strong></span> <span class='ocrx_word' id='word_1_520' title='bbox 763 3377 952 3409; x_wconf 77' lang='lat' dir='ltr'><strong>theodorus</strong></span> <span class='ocrx_word' id='word_1_521' title='bbox 978 3377 1094 3418; x_wconf 81' lang='lat' dir='ltr'><strong>lector,</strong></span> <span class='ocrx_word' id='word_1_522' title='bbox 1117 3386 1214 3418; x_wconf 88' lang='lat' dir='ltr'><strong>quem</strong></span> <span class='ocrx_word' id='word_1_523' title='bbox 1238 3378 1347 3409; x_wconf 86' lang='lat' dir='ltr'><strong>tamen</strong></span> <span class='ocrx_word' id='word_1_524' title='bbox 1374 3375 1511 3408; x_wconf 79' lang='lat' dir='ltr'><strong>Allatius</strong></span> <span class='ocrx_word' id='word_1_525' title='bbox 1534 3374 1568 3406; x_wconf 92' lang='lat' dir='ltr'><strong>in</strong></span> <span class='ocrx_word' id='word_1_526' title='bbox 1591 3372 1730 3405; x_wconf 81' lang='lat' dir='ltr'><strong>diatriba</strong></span> <span class='ocrx_word' id='word_1_527' title='bbox 1757 3381 1789 3404; x_wconf 91' lang='lat' dir='ltr'><strong>n.</strong></span> <span class='ocrx_word' id='word_1_528' title='bbox 1815 3375 1864 3404; x_wconf 85' lang='lat'><strong>87.</strong></span> <span class='ocrx_word' id='word_1_529' title='bbox 1888 3370 2058 3411; x_wconf 71' lang='lat' dir='ltr'><strong>distinguit</strong></span> <span class='ocrx_word' id='word_1_530' title='bbox 2080 3378 2100 3402; x_wconf 86' lang='lat' dir='ltr'><strong>a</strong></span> <span class='ocrx_word' id='word_1_531' title='bbox 2124 3368 2317 3411; x_wconf 81' lang='lat' dir='ltr'><strong>cappadoce</strong></span> <span class='ocrx_word' id='word_1_532' title='bbox 2341 3376 2374 3400; x_wconf 88' lang='lat' dir='ltr'><strong>n.</strong></span> <span class='ocrx_word' id='word_1_533' title='bbox 2400 3372 2450 3399; x_wconf 76' lang='grc'><strong>86.</strong></span> <span class='ocrx_word' id='word_1_534' title='bbox 2474 3369 2555 3399; x_wconf 81' lang='lat' dir='ltr'><strong>Nam</strong></span> <span class='ocrx_word' id='word_1_535' title='bbox 2579 3368 2696 3399; x_wconf 81' lang='lat' dir='ltr'><strong>Lector</strong></span> 
     </span>
     <span class='ocr_line' id='line_1_45' title="bbox 440 3415 2696 3469; baseline -0.004 -10"><span class='ocrx_word' id='word_1_536' title='bbox 440 3429 599 3469; x_wconf 84' lang='lat' dir='ltr'><strong>paphlago</strong></span> <span class='ocrx_word' id='word_1_537' title='bbox 628 3429 735 3468; x_wconf 89' lang='lat' dir='ltr'><strong>potius</strong></span> <span class='ocrx_word' id='word_1_538' title='bbox 762 3429 859 3461; x_wconf 85' lang='lat' dir='ltr'><strong>fuisse</strong></span> <span class='ocrx_word' id='word_1_539' title='bbox 887 3429 1025 3462; x_wconf 80' lang='lat' dir='ltr'><strong>videtur</strong></span> <span class='ocrx_word' id='word_1_540' title='bbox 1052 3430 1197 3462; x_wconf 75' lang='lat' dir='ltr'><strong>Profecto</strong></span> <span class='ocrx_word' id='word_1_541' title='bbox 1223 3421 1368 3462; x_wconf 65' lang='lat' dir='ltr'><strong>Lector-is</strong></span> <span class='ocrx_word' id='word_1_542' title='bbox 1394 3428 1562 3462; x_wconf 80' lang='lat' dir='ltr'><strong>historiam</strong></span> <span class='ocrx_word' id='word_1_543' title='bbox 1588 3427 1621 3458; x_wconf 90' lang='lat' dir='ltr'><strong>in</strong></span> <span class='ocrx_word' id='word_1_544' title='bbox 1650 3426 1732 3458; x_wconf 85' lang='lat' dir='ltr'><strong>duos</strong></span> <span class='ocrx_word' id='word_1_545' title='bbox 1762 3425 1860 3457; x_wconf 88' lang='lat' dir='ltr'><strong>libros</strong></span> <span class='ocrx_word' id='word_1_546' title='bbox 1884 3423 2071 3456; x_wconf 86' lang='lat' dir='ltr'><strong>distinctam</strong></span> <span class='ocrx_word' id='word_1_547' title='bbox 2097 3421 2211 3454; x_wconf 85' lang='lat' dir='ltr'><strong>babuit</strong></span> <span class='ocrx_word' id='word_1_548' title='bbox 2237 3421 2270 3452; x_wconf 91' lang='lat' dir='ltr'><strong>in</strong></span> <span class='ocrx_word' id='word_1_549' title='bbox 2296 3420 2477 3452; x_wconf 86' lang='lat' dir='ltr'><strong>domestico</strong></span> <span class='ocrx_word' id='word_1_550' title='bbox 2501 3427 2587 3460; x_wconf 88' lang='lat' dir='ltr'><strong>penu</strong></span> <span class='ocrx_word' id='word_1_551' title='bbox 2613 3415 2696 3450; x_wconf 84' lang='lat' dir='ltr'><strong>Alla-</strong></span> 
     </span>
     <span class='ocr_line' id='line_1_46' title="bbox 440 3471 2697 3524; baseline -0.004 -11"><span class='ocrx_word' id='word_1_552' title='bbox 440 3481 523 3521; x_wconf 88' lang='lat' dir='ltr'><strong>tius,</strong></span> <span class='ocrx_word' id='word_1_553' title='bbox 546 3490 584 3513; x_wconf 80' lang='lat' dir='ltr'><strong>ex</strong></span> <span class='ocrx_word' id='word_1_554' title='bbox 606 3491 707 3522; x_wconf 84' lang='lat' dir='ltr'><strong>eaque</strong></span> <span class='ocrx_word' id='word_1_555' title='bbox 733 3482 838 3514; x_wconf 69' lang='lat' dir='ltr'><strong>varias</strong></span> <span class='ocrx_word' id='word_1_556' title='bbox 860 3483 938 3514; x_wconf 86' lang='lat' dir='ltr'><strong>olim</strong></span> <span class='ocrx_word' id='word_1_557' title='bbox 961 3484 1114 3516; x_wconf 86' lang='lat' dir='ltr'><strong>lectiones</strong></span> <span class='ocrx_word' id='word_1_558' title='bbox 1137 3484 1176 3515; x_wconf 85' lang='lat' dir='ltr'><strong>ad</strong></span> <span class='ocrx_word' id='word_1_559' title='bbox 1201 3483 1366 3516; x_wconf 87' lang='lat' dir='ltr'><strong>Valesium</strong></span> <span class='ocrx_word' id='word_1_560' title='bbox 1390 3482 1489 3515; x_wconf 89' lang='lat' dir='ltr'><strong>misit.</strong></span> <span class='ocrx_word' id='word_1_561' title='bbox 1513 3484 1606 3524; x_wconf 65' lang='lat' dir='ltr'><strong>Nunc</strong></span> <span class='ocrx_word' id='word_1_562' title='bbox 1630 3480 1712 3512; x_wconf 87' lang='lat' dir='ltr'><strong>inter</strong></span> <span class='ocrx_word' id='word_1_563' title='bbox 1735 3478 1871 3510; x_wconf 83' lang='lat' dir='ltr'><strong>schedas</strong></span> <span class='ocrx_word' id='word_1_564' title='bbox 1894 3476 2003 3510; x_wconf 80' lang='lat' dir='ltr'><strong>Allatii</strong></span> <span class='ocrx_word' id='word_1_565' title='bbox 2029 3485 2094 3508; x_wconf 89' lang='lat' dir='ltr'><strong>non</strong></span> <span class='ocrx_word' id='word_1_566' title='bbox 2121 3477 2210 3507; x_wconf 84' lang='lat' dir='ltr'><strong>extat</strong></span> <span class='ocrx_word' id='word_1_567' title='bbox 2235 3475 2264 3507; x_wconf 90' lang='lat' dir='ltr'><strong>is</strong></span> <span class='ocrx_word' id='word_1_568' title='bbox 2287 3474 2409 3512; x_wconf 85' lang='lat' dir='ltr'><strong>codex,</strong></span> <span class='ocrx_word' id='word_1_569' title='bbox 2431 3473 2553 3513; x_wconf 84' lang='lat' dir='ltr'><strong>diuque</strong></span> <span class='ocrx_word' id='word_1_570' title='bbox 2574 3471 2697 3504; x_wconf 80' lang='lat' dir='ltr'><strong>deside-</strong></span> 
     </span>
     <span class='ocr_line' id='line_1_47' title="bbox 444 3527 2608 3578; baseline -0.005 -10"><span class='ocrx_word' id='word_1_571' title='bbox 444 3538 533 3568; x_wconf 83' lang='lat' dir='ltr'><strong>ratus</strong></span> <span class='ocrx_word' id='word_1_572' title='bbox 555 3536 701 3575; x_wconf 73' lang='lat' dir='ltr'><strong>videtui,</strong></span> <span class='ocrx_word' id='word_1_573' title='bbox 726 3536 878 3575; x_wconf 85' lang='lat' dir='ltr'><strong>quoniam</strong></span> <span class='ocrx_word' id='word_1_574' title='bbox 903 3536 935 3568; x_wconf 91' lang='lat' dir='ltr'><strong>in</strong></span> <span class='ocrx_word' id='word_1_575' title='bbox 962 3537 1152 3569; x_wconf 58' lang='lat' dir='ltr'><strong>Salodurum</strong></span> <span class='ocrx_word' id='word_1_576' title='bbox 1178 3538 1325 3578; x_wconf 82' lang='lat' dir='ltr'><strong>catalogo</strong></span> <span class='ocrx_word' id='word_1_577' title='bbox 1351 3546 1416 3568; x_wconf 90' lang='lat' dir='ltr'><strong>non</strong></span> <span class='ocrx_word' id='word_1_578' title='bbox 1442 3536 1642 3567; x_wconf 83' lang='lat' dir='ltr'><strong>numeratur.</strong></span> <span class='ocrx_word' id='word_1_579' title='bbox 1666 3535 1713 3566; x_wconf 91' lang='lat' dir='ltr'><strong>De</strong></span> <span class='ocrx_word' id='word_1_580' title='bbox 1738 3534 1798 3565; x_wconf 84' lang='lat' dir='ltr'><strong>hac</strong></span> <span class='ocrx_word' id='word_1_581' title='bbox 1824 3541 1856 3564; x_wconf 87' lang='lat' dir='ltr'><strong>re</strong></span> <span class='ocrx_word' id='word_1_582' title='bbox 1881 3539 1940 3563; x_wconf 88' lang='lat' dir='ltr'><strong>nos</strong></span> <span class='ocrx_word' id='word_1_583' title='bbox 1962 3530 2039 3562; x_wconf 93' lang='lat' dir='ltr'><strong>alibi</strong></span> <span class='ocrx_word' id='word_1_584' title='bbox 2065 3530 2127 3562; x_wconf 88' lang='lat' dir='ltr'><strong>loc.</strong></span> <span class='ocrx_word' id='word_1_585' title='bbox 2150 3529 2206 3560; x_wconf 86' lang='lat' dir='ltr'><strong>cit.</strong></span> <span class='ocrx_word' id='word_1_586' title='bbox 2230 3527 2331 3560; x_wconf 88' lang='lat' dir='ltr'><strong>locuti</strong></span> <span class='ocrx_word' id='word_1_587' title='bbox 2355 3535 2480 3560; x_wconf 88' lang='lat' dir='ltr'><strong>sumus.</strong></span> <span class='ocrx_word' id='word_1_588' title='bbox 2503 3529 2540 3558; x_wconf 78' lang='grc' dir='ltr'><strong>Α.</strong></span> <span class='ocrx_word' id='word_1_589' title='bbox 2563 3527 2608 3558; x_wconf 87' lang='lat' dir='ltr'><strong>M.</strong></span> 
     </span>
    </p>

    <p class='ocr_par' dir='ltr' id='par_1_6' title="bbox 443 3578 2696 3683">
     <span class='ocr_line' id='line_1_48' title="bbox 539 3578 2696 3631; baseline -0.005 -11"><span class='ocrx_word' id='word_1_590' title='bbox 539 3590 584 3629; x_wconf 82' lang='lat'><strong>(2)</strong></span> <span class='ocrx_word' id='word_1_591' title='bbox 608 3590 702 3620; x_wconf 81' lang='lat' dir='ltr'><strong>Extat</strong></span> <span class='ocrx_word' id='word_1_592' title='bbox 728 3588 863 3620; x_wconf 74' lang='lat' dir='ltr'><strong>Himerii</strong></span> <span class='ocrx_word' id='word_1_593' title='bbox 887 3589 1049 3630; x_wconf 75' lang='lat' dir='ltr'><strong>exemplar</strong></span> <span class='ocrx_word' id='word_1_594' title='bbox 1072 3591 1105 3621; x_wconf 91' lang='lat' dir='ltr'><strong>in</strong></span> <span class='ocrx_word' id='word_1_595' title='bbox 1129 3591 1376 3631; x_wconf 83' lang='lat' dir='ltr'><strong>vallicelliana,</strong></span> <span class='ocrx_word' id='word_1_596' title='bbox 1392 3590 1481 3631; x_wconf 90' lang='lat' dir='ltr'><strong>quod</strong></span> <span class='ocrx_word' id='word_1_597' title='bbox 1503 3590 1552 3621; x_wconf 91' lang='lat' dir='ltr'><strong>est</strong></span> <span class='ocrx_word' id='word_1_598' title='bbox 1572 3587 1679 3620; x_wconf 85' lang='lat' dir='ltr'><strong>Allatii</strong></span> <span class='ocrx_word' id='word_1_599' title='bbox 1704 3585 1924 3628; x_wconf 81' lang='lat' dir='ltr'><strong>apographum</strong></span> <span class='ocrx_word' id='word_1_600' title='bbox 1950 3593 1987 3616; x_wconf 87' lang='lat' dir='ltr'><strong>ex</strong></span> <span class='ocrx_word' id='word_1_601' title='bbox 2013 3583 2162 3615; x_wconf 85' lang='lat' dir='ltr'><strong>vaticano</strong></span> <span class='ocrx_word' id='word_1_602' title='bbox 2184 3581 2314 3620; x_wconf 87' lang='lat' dir='ltr'><strong>codice,</strong></span> <span class='ocrx_word' id='word_1_603' title='bbox 2337 3579 2393 3620; x_wconf 85' lang='lat' dir='ltr'><strong>qni</strong></span> <span class='ocrx_word' id='word_1_604' title='bbox 2413 3578 2536 3612; x_wconf 85' lang='lat' dir='ltr'><strong>iamdiu</strong></span> <span class='ocrx_word' id='word_1_605' title='bbox 2561 3578 2641 3619; x_wconf 82' lang='lat' dir='ltr'><strong>alio,</strong></span> <span class='ocrx_word' id='word_1_606' title='bbox 2663 3578 2696 3610; x_wconf 75' lang='lat' dir='ltr'><strong>ill</strong></span> 
     </span>
     <span class='ocr_line' id='line_1_49' title="bbox 443 3624 2452 3683; baseline -0.005 -9"><span class='ocrx_word' id='word_1_607' title='bbox 443 3643 491 3674; x_wconf 86' lang='lat' dir='ltr'><strong>est</strong></span> <span class='ocrx_word' id='word_1_608' title='bbox 516 3642 676 3680; x_wconf 79' lang='lat' dir='ltr'><strong>Brixiam,</strong></span> <span class='ocrx_word' id='word_1_609' title='bbox 701 3641 765 3672; x_wconf 86' lang='lat' dir='ltr'><strong>fato</strong></span> <span class='ocrx_word' id='word_1_610' title='bbox 789 3651 847 3673; x_wconf 86' lang='lat' dir='ltr'><strong>suo</strong></span> <span class='ocrx_word' id='word_1_611' title='bbox 875 3641 1016 3681; x_wconf 82' lang='lat' dir='ltr'><strong>quodam</strong></span> <span class='ocrx_word' id='word_1_612' title='bbox 1042 3643 1210 3683; x_wconf 82' lang='lat' dir='ltr'><strong>migravit,</strong></span> <span class='ocrx_word' id='word_1_613' title='bbox 1233 3645 1269 3675; x_wconf 88' lang='lat' dir='ltr'><strong>ut</strong></span> <span class='ocrx_word' id='word_1_614' title='bbox 1294 3653 1331 3675; x_wconf 87' lang='lat' dir='ltr'><strong>ex</strong></span> <span class='ocrx_word' id='word_1_615' title='bbox 1356 3641 1572 3676; x_wconf 85' lang='lat' dir='ltr'><strong>Wernsdortii</strong></span> <span class='ocrx_word' id='word_1_616' title='bbox 1599 3639 1735 3673; x_wconf 87' lang='lat' dir='ltr'><strong>editoris</strong></span> <span class='ocrx_word' id='word_1_617' title='bbox 1758 3638 1956 3680; x_wconf 84' lang='lat' dir='ltr'><strong>praefat-ione</strong></span> <span class='ocrx_word' id='word_1_618' title='bbox 1981 3634 2197 3676; x_wconf 84' lang='lat' dir='ltr'><strong>cognoscitur.</strong></span> <span class='ocrx_word' id='word_1_619' title='bbox 2223 3636 2258 3666; x_wconf 83' lang='grc' dir='ltr'><strong>Α.</strong></span> <span class='ocrx_word' id='word_1_620' title='bbox 2281 3633 2326 3664; x_wconf 86' lang='grc' dir='ltr'><strong>Μ.</strong></span> <span class='ocrx_word' id='word_1_621' title='bbox 2447 3624 2452 3645; x_wconf 77' lang='lat'>¹</span> 
     </span>
    </p>

    <p class='ocr_par' dir='ltr' id='par_1_7' title="bbox 443 3684 2703 3895">
     <span class='ocr_line' id='line_1_50' title="bbox 541 3684 2699 3737; baseline -0.005 -10"><span class='ocrx_word' id='word_1_622' title='bbox 541 3696 585 3736; x_wconf 84' lang='lat'><strong>(3)</strong></span> <span class='ocrx_word' id='word_1_623' title='bbox 608 3695 710 3726; x_wconf 84' lang='lat' dir='ltr'><strong>Multa</strong></span> <span class='ocrx_word' id='word_1_624' title='bbox 731 3703 807 3726; x_wconf 81' lang='lat' dir='ltr'><strong>saue</strong></span> <span class='ocrx_word' id='word_1_625' title='bbox 827 3696 938 3727; x_wconf 79' lang='lat' dir='ltr'><strong>extant</strong></span> <span class='ocrx_word' id='word_1_626' title='bbox 957 3695 1083 3727; x_wconf 81' lang='lat' dir='ltr'><strong>minora</strong></span> <span class='ocrx_word' id='word_1_627' title='bbox 1106 3697 1213 3733; x_wconf 83' lang='lat' dir='ltr'><strong>Allatii</strong></span> <span class='ocrx_word' id='word_1_628' title='bbox 1234 3705 1347 3737; x_wconf 77' lang='lat' dir='ltr'><strong>graeca</strong></span> <span class='ocrx_word' id='word_1_629' title='bbox 1369 3698 1536 3737; x_wconf 75' lang='lat' dir='ltr'><strong>poemata,</strong></span> <span class='ocrx_word' id='word_1_630' title='bbox 1556 3694 1611 3727; x_wconf 88' lang='lat' dir='ltr'><strong>sed</strong></span> <span class='ocrx_word' id='word_1_631' title='bbox 1632 3694 1726 3735; x_wconf 88' lang='lat' dir='ltr'><strong>plura</strong></span> <span class='ocrx_word' id='word_1_632' title='bbox 1746 3693 1858 3725; x_wconf 88' lang='lat' dir='ltr'><strong>latent.</strong></span> <span class='ocrx_word' id='word_1_633' title='bbox 1882 3692 1922 3723; x_wconf 86' lang='lat' dir='ltr'><strong>Et</strong></span> <span class='ocrx_word' id='word_1_634' title='bbox 1943 3689 2077 3732; x_wconf 85' lang='lat' dir='ltr'><strong>quidem</strong></span> <span class='ocrx_word' id='word_1_635' title='bbox 2096 3689 2164 3729; x_wconf 90' lang='lat' dir='ltr'><strong>ipse</strong></span> <span class='ocrx_word' id='word_1_636' title='bbox 2186 3688 2220 3720; x_wconf 89' lang='lat' dir='ltr'><strong>in</strong></span> <span class='ocrx_word' id='word_1_637' title='bbox 2238 3686 2415 3728; x_wconf 84' lang='lat' dir='ltr'><strong>supremis,</strong></span> <span class='ocrx_word' id='word_1_638' title='bbox 2431 3694 2514 3726; x_wconf 85' lang='lat' dir='ltr'><strong>quas</strong></span> <span class='ocrx_word' id='word_1_639' title='bbox 2535 3684 2699 3726; x_wconf 81' lang='lat' dir='ltr'><strong>legebam,</strong></span> 
     </span>
     <span class='ocr_line' id='line_1_51' title="bbox 443 3737 2699 3790; baseline -0.005 -11"><span class='ocrx_word' id='word_1_640' title='bbox 443 3747 563 3779; x_wconf 84' lang='lat' dir='ltr'><strong>tabulis</strong></span> <span class='ocrx_word' id='word_1_641' title='bbox 590 3746 781 3787; x_wconf 85' lang='lat' dir='ltr'><strong>mandabat,</strong></span> <span class='ocrx_word' id='word_1_642' title='bbox 804 3749 839 3778; x_wconf 92' lang='lat' dir='ltr'><strong>ut</strong></span> <span class='ocrx_word' id='word_1_643' title='bbox 864 3756 996 3778; x_wconf 85' lang='lat' dir='ltr'><strong>suorum</strong></span> <span class='ocrx_word' id='word_1_644' title='bbox 1021 3756 1208 3787; x_wconf 79' lang='lat' dir='ltr'><strong>graecorum</strong></span> <span class='ocrx_word' id='word_1_645' title='bbox 1233 3749 1313 3786; x_wconf 82' lang='lat' dir='ltr'><strong>liber</strong></span> <span class='ocrx_word' id='word_1_646' title='bbox 1339 3749 1521 3781; x_wconf 88' lang='lat' dir='ltr'><strong>carminum</strong></span> <span class='ocrx_word' id='word_1_647' title='bbox 1545 3747 1738 3790; x_wconf 87' lang='lat' dir='ltr'><strong>posthumus</strong></span> <span class='ocrx_word' id='word_1_648' title='bbox 1761 3745 1929 3784; x_wconf 64' lang='lat' dir='ltr'><strong>ederetur-3</strong></span> <span class='ocrx_word' id='word_1_649' title='bbox 1952 3741 2007 3775; x_wconf 89' lang='lat' dir='ltr'><strong>cui</strong></span> <span class='ocrx_word' id='word_1_650' title='bbox 2030 3741 2160 3782; x_wconf 81' lang='lat' dir='ltr'><strong>negotio</strong></span> <span class='ocrx_word' id='word_1_651' title='bbox 2184 3739 2328 3774; x_wconf 83' lang='lat' dir='ltr'><strong>curando</strong></span> <span class='ocrx_word' id='word_1_652' title='bbox 2354 3738 2546 3780; x_wconf 80' lang='lat' dir='ltr'><strong>particulam</strong></span> <span class='ocrx_word' id='word_1_653' title='bbox 2574 3737 2699 3770; x_wconf 86' lang='lat' dir='ltr'><strong>heredi·</strong></span> 
     </span>
     <span class='ocr_line' id='line_1_52' title="bbox 445 3791 2703 3841; baseline -0.004 -8"><span class='ocrx_word' id='word_1_654' title='bbox 445 3802 523 3833; x_wconf 85' lang='lat' dir='ltr'><strong>tatis</strong></span> <span class='ocrx_word' id='word_1_655' title='bbox 547 3800 684 3840; x_wconf 79' lang='lat' dir='ltr'><strong>legabat.</strong></span> <span class='ocrx_word' id='word_1_656' title='bbox 708 3799 755 3831; x_wconf 86' lang='lat' dir='ltr'><strong>Ad</strong></span> <span class='ocrx_word' id='word_1_657' title='bbox 780 3800 962 3841; x_wconf 85' lang='lat' dir='ltr'><strong>Oppianum</strong></span> <span class='ocrx_word' id='word_1_658' title='bbox 991 3803 1118 3841; x_wconf 72' lang='lat' dir='ltr'><strong>poetam</strong></span> <span class='ocrx_word' id='word_1_659' title='bbox 1142 3802 1273 3833; x_wconf 86' lang='lat' dir='ltr'><strong>memini</strong></span> <span class='ocrx_word' id='word_1_660' title='bbox 1298 3810 1350 3834; x_wconf 87' lang='lat' dir='ltr'><strong>me</strong></span> <span class='ocrx_word' id='word_1_661' title='bbox 1373 3801 1484 3835; x_wconf 83' lang='lat' dir='ltr'><strong>videre</strong></span> <span class='ocrx_word' id='word_1_662' title='bbox 1508 3801 1542 3834; x_wconf 88' lang='lat' dir='ltr'><strong>in</strong></span> <span class='ocrx_word' id='word_1_663' title='bbox 1568 3801 1680 3833; x_wconf 81' lang='lat' dir='ltr'><strong>codiee</strong></span> <span class='ocrx_word' id='word_1_664' title='bbox 1707 3799 1794 3831; x_wconf 89' lang='lat' dir='ltr'><strong>haud</strong></span> <span class='ocrx_word' id='word_1_665' title='bbox 1823 3798 1941 3839; x_wconf 84' lang='lat' dir='ltr'><strong>exiguo</strong></span> <span class='ocrx_word' id='word_1_666' title='bbox 1964 3797 2033 3833; x_wconf 74' lang='lat' dir='ltr'><strong>vat.</strong></span> <span class='ocrx_word' id='word_1_667' title='bbox 2055 3795 2178 3836; x_wconf 84' lang='lat' dir='ltr'><strong>glossas</strong></span> <span class='ocrx_word' id='word_1_668' title='bbox 2202 3795 2371 3841; x_wconf 71' lang='lat' dir='ltr'><strong>perpetuas</strong></span> <span class='ocrx_word' id='word_1_669' title='bbox 2396 3794 2427 3823; x_wconf 87' lang='lat' dir='ltr'><strong>et</strong></span> <span class='ocrx_word' id='word_1_670' title='bbox 2452 3791 2575 3824; x_wconf 85' lang='lat' dir='ltr'><strong>scholia</strong></span> <span class='ocrx_word' id='word_1_671' title='bbox 2594 3791 2703 3823; x_wconf 81' lang='lat' dir='ltr'><strong>studio</strong></span> 
     </span>
     <span class='ocr_line' id='line_1_53' title="bbox 446 3846 2700 3895; baseline -0.005 -8"><span class='ocrx_word' id='word_1_672' title='bbox 446 3853 558 3888; x_wconf 78' lang='lat' dir='ltr'><strong>Allatii</strong></span> <span class='ocrx_word' id='word_1_673' title='bbox 580 3854 726 3886; x_wconf 83' lang='lat' dir='ltr'><strong>collecta.</strong></span> <span class='ocrx_word' id='word_1_674' title='bbox 750 3853 845 3891; x_wconf 87' lang='lat' dir='ltr'><strong>Quod</strong></span> <span class='ocrx_word' id='word_1_675' title='bbox 866 3855 973 3885; x_wconf 87' lang='lat' dir='ltr'><strong>autem</strong></span> <span class='ocrx_word' id='word_1_676' title='bbox 999 3854 1162 3894; x_wconf 80' lang='lat' dir='ltr'><strong>vulgarem</strong></span> <span class='ocrx_word' id='word_1_677' title='bbox 1189 3863 1319 3895; x_wconf 86' lang='lat' dir='ltr'><strong>quoque</strong></span> <span class='ocrx_word' id='word_1_678' title='bbox 1340 3855 1495 3887; x_wconf 80' lang='lat' dir='ltr'><strong>italorum</strong></span> <span class='ocrx_word' id='word_1_679' title='bbox 1519 3853 1642 3895; x_wconf 76' lang='lat' dir='ltr'><strong>poesim</strong></span> <span class='ocrx_word' id='word_1_680' title='bbox 1662 3851 1882 3891; x_wconf 85' lang='lat' dir='ltr'><strong>adamaverit,</strong></span> <span class='ocrx_word' id='word_1_681' title='bbox 1909 3849 2110 3882; x_wconf 83' lang='lat' dir='ltr'><strong>demonstrat</strong></span> <span class='ocrx_word' id='word_1_682' title='bbox 2136 3848 2303 3889; x_wconf 71' lang='lat' dir='ltr'><strong>poetarum</strong></span> <span class='ocrx_word' id='word_1_683' title='bbox 2328 3847 2513 3885; x_wconf 81' lang='lat' dir='ltr'><strong>nostrorum</strong></span> <span class='ocrx_word' id='word_1_684' title='bbox 2538 3846 2700 3885; x_wconf 78' lang='lat' dir='ltr'><strong>veterum,</strong></span> 
     </span>
    </p>
   </div>
  </div>
 </body>
</html>
