2970 4420
1141 304 1220 336 SUB
1254 301 1471 335 nERAcuo
1503 301 1600 334 uu’.

247 400 265 417 ι»
291 383 440 423 valeant
461 380 638 421 adversus
660 385 696 418 te
714 378 898 418 homines.
924 380 1019 416 Ecce
1036 378 1137 417 enim
1158 388 1241 416 ecce
1255 387 1343 415 con-

247 458 265 476 „
293 445 524 480 veneranter
538 439 783 478 coniurarunt
796 443 834 476 et
846 436 978 476 foedus
991 437 1158 476 inierunt
1167 437 1343 475 Rhaason

248 518 265 534 ι»
293 500 374 546 hic,
391 504 429 538 et
444 497 636 536 Romcliae
651 497 772 542 filius,
789 496 835 534 ad
861 495 1152 534 exscindendum
1171 496 1342 533 taberna-

248 576 265 593 »
293 559 420 596 culum
438 557 579 606 gloriae
602 562 708 602 tuae,
726 561 764 594 et
780 554 1022 605 oppilandum
1039 566 1080 594 os
1105 554 1340 592 laudantium

248 634 264 651 ι»
291 623 342 656 te.
369 617 572 665 capiantur
596 615 635 653 in
659 615 839 653 consilius
863 615 942 652 suis
966 625 1060 663 quae
1090 612 1339 657 meditantur,

248 694 265 710 ι
293 677 471 716 Domine:
488 676 575 724 quia
591 675 682 713 dum
700 674 922 723 superbiunt
937 674 1060 723 impii,
1079 673 1238 722 populus
1254 679 1342 710 tuus

248 754 265 770 ι»
292 746 434 785 pauper
453 734 679 781 incenditur.
705 735 799 782 Quis
818 735 998 783 percussit
1020 744 1087 785 sua
1107 738 1251 770 tantum
1271 743 1342 769 vo·

248 812 264 829 ιι
291 796 469 839 luntate„
487 794 670 840 Domine,
696 795 828 831 Zaram
859 793 1067 841 aethiopem
1098 802 1183 829 cum
1214 795 1342 828 contra

250 872 267 897 η
294 857 407 892 Asam
424 852 514 891 olim
529 863 652 902 regem
669 858 724 890 tot
750 852 918 890 millibus
934 851 1137 890 militabat?
1153 850 1244 898 Quis
1261 860 1343 897 pro-

249 930 265 946 ·-
293 913 423 951 stravit
444 912 643 950 bellicosas
666 917 818 959 gentes,
844 922 1002 960 quarum
1026 916 1106 948 erat
1128 910 1343 947 innumera-

248 989 265 1006 »
292 973 382 1011 bilis
406 971 633 1018 multitudo,
650 971 801 1020 quando
820 970 868 1009 ad
885 968 924 1008 te
942 970 1114 1018 iosaphat
1135 980 1268 1007 manus
1287 979 1346 1005 ex·

250 1050 266 1066 ιι
294 1033 403 1077 tulit,
430 1031 604 1070 humanis
628 1031 829 1070 destitutus
853 1029 1014 1068 viribus?
1038 1031 1095 1066 Tu
1119 1039 1222 1066 nune
1245 1029 1344 1076 pari-

250 1108 267 1124 »
294 1097 373 1136 ter,
392 1092 457 1139 qui
481 1091 608 1129 omnia
632 1090 690 1129 vel
712 1090 792 1128 sola
814 1089 975 1128 volutate
1000 1092 1126 1136 potes,
1144 1087 1260 1125 libera
1283 1098 1346 1124 ur-

250 1167 267 1184 »
294 1151 379 1189 bem
406 1149 620 1189 hereditatis
646 1155 756 1195 tuae,
784 1153 823 1186 et
848 1147 947 1185 salva
975 1146 1154 1194 populum
1184 1146 1250 1194 qui
1279 1151 1346 1182 tuo

250 1228 267 1244 ι·
294 1211 449 1248 nomine
473 1209 702 1258 appellatur,
721 1219 769 1245 ne
792 1206 886 1245 forte
909 1205 1055 1251 dicant,
1079 1205 1146 1243 ubi
1165 1210 1222 1242 est
1244 1207 1347 1242 Deus

250 1287 267 1304 ι»
296 1281 425 1308 eorum
442 1271 459 1305 ?
494 1268 674 1306 Noverint
701 1267 824 1315 potius
857 1271 985 1313 gentes
1003 1293 1013 1310 ,
1044 1263 1146 1312 quod
1179 1263 1347 1301 homines

250 1347 267 1362 ι-
295 1331 383 1368 sint.
413 1345 429 1362 n
458 1329 514 1366 lta
537 1329 758 1376 imperator,
776 1325 987 1369 hierarcha,
1006 1323 1230 1372 praefectus,
1257 1324 1347 1360 civi-

248 1397 326 1437 tas,
352 1390 456 1427 enixe
481 1388 674 1436 rogabant.
1030 1402 1031 1406 ¹

322 1455 378 1488 16.
404 1451 518 1487 Porro
550 1451 651 1486 Dens
681 1447 879 1485 transitum
912 1446 1107 1483 Persarum
1137 1443 1183 1482 ad
1217 1455 1346 1482 canem

247 1509 461 1558 impedivit,
493 1507 642 1546 insidiis
671 1507 825 1555 positis,
856 1511 894 1542 et
919 1504 1114 1543 nonnullis
1142 1505 1346 1552 percussis,

248 1580 342 1618 quos
369 1569 521 1618 tyranni
555 1569 712 1606 invicem
749 1565 995 1604 missitabant.
1025 1564 1116 1601 Exin
1144 1569 1264 1609 sexto,
1289 1575 1348 1602 se-

247 1630 389 1677 ptimo,
415 1634 454 1665 et
475 1633 603 1665 octavo
627 1625 780 1671 diebus,
803 1623 1001 1662 iaculando
1025 1623 1207 1671 variisque
1232 1624 1272 1660 in
1296 1623 1350 1661 lo·

249 1689 303 1726 cis
326 1685 553 1725 incursando
581 1685 753 1734 proeliari
777 1694 854 1721 non
877 1683 1108 1720 desinebant.
1136 1683 1258 1719 Dabat
1283 1693 1350 1720 au-

247 1753 323 1784 tem
351 1746 586 1794 praecipuam
612 1743 732 1781 multo
758 1754 845 1780 cum
870 1741 996 1780 labore
1014 1751 1188 1790 operam,
1215 1742 1252 1778 in
1280 1744 1351 1778 ter·

251 1819 292 1844 ra
317 1805 468 1855 quidem
498 1805 617 1841 muris
643 1803 835 1840 machinas
861 1801 1078 1846 admovere,
1104 1807 1141 1838 et
1165 1800 1351 1848 helepoles

252 1870 380 1902 contra
410 1863 513 1900 urbis
536 1867 658 1899 turres
682 1871 844 1899 armare:
871 1861 912 1898 in
937 1861 1029 1898 mari
1054 1866 1178 1898 autem
1206 1860 1351 1897 Sclavo-

251 1935 336 1961 rum
363 1922 558 1971 monoxyla
591 1921 796 1966 instruere,
826 1926 870 1958 ut
901 1931 978 1958 uno
1010 1926 1172 1968 tempore
1199 1919 1350 1958 eadem·

249 1993 323 2031 que
355 1982 446 2019 hora
477 1981 640 2019 terrestri
668 1981 781 2019 simul
815 1986 853 2018 et
891 1980 1077 2018 maritimo
1114 1980 1253 2028 proelio
1281 1979 1349 2016 ad·

250 2053 376 2080 versus
409 2041 542 2079 urbem
575 2040 794 2079 decertaret.
833 2042 911 2078 lam
945 2040 1045 2078 enim
1073 2045 1252 2077 cunctum
1285 2040 1352 2087 qui

253 2102 394 2140 dicitur
411 2103 535 2138 Cornu
559 2101 706 2148 sinum,
726 2100 933 2150 monoxylis
953 2100 1246 2148 alienigenarum
1265 2109 1352 2146 gen·

250 2163 346 2200 tium
371 2156 517 2210 pondus
544 2160 764 2205 ferentium,
789 2159 906 2197 ferme
937 2160 1188 2207 pavimentum
1217 2158 1349 2196 effece·
1403 2166 1405 2169 ’

252 2228 330 2266 rat;
355 2221 520 2270 pervium
551 2219 682 2265 illum,
714 2218 762 2257 ad
795 2228 1011 2257 exscensum
1045 2220 1086 2256 in
1110 2219 1266 2264 urbem,
1299 2218 1352 2256 lo-

250 2293 337 2320 cum
364 2281 611 2318 existimansa
627 2279 824 2317 Nesciebat
855 2284 980 2317 tamen
1011 2278 1123 2316 homo
1150 2277 1352 2316 detestabi-

251 2342 318 2388 lis,
343 2340 444 2389 quod
465 2340 714 2388 experimento
738 2343 863 2387 postea
887 2337 1040 2383 didicit,
1061 2338 1197 2376 habere
1219 2337 1352 2375 urbem

252 2400 445 2439 custodem
468 2398 778 2447 insuperabilem,
795 2403 962 2436 sanctam
985 2398 1028 2436 in
1055 2398 1271 2436 Blachernis
1294 2408 1353 2435 ae-

253 2461 338 2498 dem
366 2461 567 2507 Deiparae,
593 2460 719 2496 cornu
743 2458 843 2495 sinui
868 2458 1134 2506 propinquam,
1159 2457 1246 2494 urbi
1268 2457 1353 2495 uni-

252 2529 375 2556 versae
399 2518 613 2566 civibusque
638 2516 892 2566 praesidium,
917 2516 1018 2564 apud
1048 2528 1162 2564 quam
1186 2508 1354 2554 submer-

253 2579 396 2627 gendus
421 2583 500 2616 erat
529 2577 640 2614 huius
665 2587 813 2625 quoque
841 2577 1045 2614 Pharaonis
1064 2581 1221 2615 cun'ctus
1251 2588 1353 2615 exer-

253 2639 370 2683 citus3
391 2638 440 2675 ita
464 2643 508 2674 ut
523 2637 629 2674 sinus
653 2636 739 2683 ille,
756 2635 805 2673 ob
828 2635 868 2672 id
891 2635 1056 2682 facinus,
1072 2636 1228 2673 rubrum
1253 2647 1354 2674 mare

254 2697 436 2736 dicendus
460 2697 568 2734 foret.
594 2697 695 2733 Dum
719 2696 844 2744 itaque
867 2701 964 2732 terra
995 2696 1162 2743 marique
1191 2695 1354 2733 furiosus

255 2758 322 2796 ille
351 2757 533 2805 proelium
560 2755 691 2801 cieret,
716 2760 866 2803 sumpto
889 2765 1015 2791 secum
1044 2755 1165 2802 gravis
1191 2760 1355 2793 armatu-

256 2827 319 2854 rae
348 2815 491 2853 delecto
515 2815 706 2863 equitatu,
731 2813 779 2851 ad
803 2819 926 2861 partes
950 2814 1111 2851 Pontum
1135 2824 1262 2851 versus
1288 2824 1362 2851 na*

257 2875 435 2923 vigandas
459 2873 671 2918 contendit,
696 2878 740 2910 ut
763 2873 914 2921 persicis
939 2873 1057 2920 copiis
1086 2879 1124 2910 et
1151 2872 1354 2911 Sarbarazo

254 2933 456 2971 ostentanti
481 2943 544 2977 se,
563 2931 722 2969 vicissim
740 2937 858 2969 semet
876 2937 1095 2969 ostentaret:
1122 2943 1209 2969 nam
1233 2937 1271 2970 et
1292 2930 1355 2970 ille

255 2993 358 3040 paria
389 2992 543 3028 omnino
569 2989 752 3035 faciebat,
778 2995 898 3028 totum
928 2991 967 3027 in
996 2990 1042 3028 iis
1069 2991 1236 3038 partibus
1265 2991 1355 3030 litus

255 3052 423 3100 equitatu
446 3060 644 3098 occupans.
671 3050 733 3086 Sic
766 3048 829 3086 ille
860 3059 904 3086 ex
926 3049 1040 3094 Asia,
1067 3050 1130 3086 hic
1155 3056 1278 3087 autem
1313 3061 1355 3087 ex

255 3110 403 3157 Europa
417 3136 427 3154 ,
447 3118 636 3146 saevarum
653 3107 771 3144 instar
787 3106 949 3144 ferarum
970 3107 1166 3155 rugiebant
1182 3108 1265 3146 urbi
1286 3108 1355 3145 im·

258 3170 465 3213 minente-s,
501 3168 597 3205 hanc
629 3167 744 3204 veluti
779 3166 955 3215 praedam
991 3178 1074 3204 mox
1110 3178 1149 3205 se
1183 3173 1356 3216 capturos

257 3233 442 3277 putantes.

331 3292 388 3324 17.
415 3288 502 3323 Mox
526 3297 626 3323 nono
651 3285 934 3333 superveniente
956 3284 1040 3329 die,
1065 3285 1249 3322 terrestris
1275 3296 1354 3323 ma-

259 3348 358 3385 xima
389 3353 511 3384 totum
543 3358 608 3395 per
638 3357 788 3383 murum
820 3356 944 3394 pugna
973 3351 1140 3383 conserta
1168 3352 1244 3392 est,
1270 3357 1355 3384 cum

259 3407 421 3454 plurima
447 3406 612 3444 hostium
636 3405 760 3450 clade,
779 3404 843 3453 qui
870 3410 1034 3443 mortuos
1057 3415 1163 3448 suos,
1189 3411 1357 3453 spectan-

258 3466 361 3504 tibus
392 3466 549 3510 nostris,
581 3465 830 3503 retrahebant.
863 3464 935 3502 Sed
962 3470 999 3502 et
1026 3465 1145 3502 nostri
1176 3464 1356 3502 vulnerati

257 3531 347 3563 sunt
369 3525 505 3573 aliqui:
533 3535 620 3562 nam
645 3535 693 3562 ne
718 3534 789 3561 uox
813 3523 963 3572 quidem
987 3523 1067 3570 ipsa
1091 3523 1272 3571 proelium
1296 3523 1356 3561 di-

256 3584 393 3630 remit,
429 3582 494 3621 sed
527 3583 742 3622 indesinens
772 3582 1027 3631 insomnisque
1062 3583 1250 3631 utrimque
1285 3582 1358 3621 fuit

259 3644 376 3681 labor.
395 3643 507 3682 Haud
525 3655 641 3692 aequa
658 3649 783 3681 tamen
800 3643 897 3681 inter
913 3653 981 3681 nos
999 3643 1213 3691 hostemque
1231 3654 1355 3691 pugna

257 3702 355 3748 fuit,
382 3702 447 3740 sed
475 3696 697 3751 magnopere
724 3703 843 3740 nostri
873 3702 1015 3740 hostem
1044 3702 1183 3750 ubique
1208 3713 1356 3750 supera·

261 3767 364 3799 runt.
398 3763 491 3799 Cum
520 3761 681 3810 denique
711 3762 877 3800 decimus
907 3767 989 3810 post
1020 3761 1121 3799 illius
1151 3761 1255 3799 canis
1288 3761 1355 3799 ad-

258 3826 410 3858 ventum
437 3820 515 3858 dies
546 3821 688 3869 adfuit,
713 3822 866 3870 quintus
898 3826 1021 3859 autem
1048 3826 1127 3858 erat
1153 3821 1354 3859 hebdoma-

257 3879 331 3918 dae
352 3879 453 3925 dics,
480 3881 618 3918 mensis
643 3891 727 3919 vero
750 3881 924 3929 augusti,
953 3886 996 3918 ut
1017 3880 1174 3918 Romani
1200 3887 1353 3926 vocant,

2399 284 2492 332 431

1412 405 1432 422 „
1457 376 1573 412 ε’θεντο
1599 374 1656 410 καὶ
1683 370 1980 422 καθωμολόγησαν
2002 372 2061 408 καὶ
2086 372 2247 421 σύμφωνα
2265 371 2381 411 ἔθεντο
2402 375 2505 412 Ῥαα-

1413 466 1432 480 ,,
1459 439 1523 473 σῶν
1548 434 1667 478 οὗτος,
1693 434 1756 471 καὶ
1781 435 1841 470 τοῦ
1868 431 2043 484 ’ῑΡομελίου
2069 433 2087 469 ὁ
2113 435 2214 478 παῖς,
2239 435 2355 484 ι’ξάραι
2382 435 2506 476 σκήνω-
2541 443 2556 474 ῐ
2582 448 2627 474 so.
2646 450 2674 472 a.

1413 525 1436 543 ‚‚
1458 513 1510 546 μα
1536 498 1637 542 δόξης
1663 510 1743 540 σου,
1768 495 1826 537 καὶ
1853 494 1976 543 φράξαι
2012 494 2128 542 στόμα
2151 493 2320 532 αἰνούντων
2345 501 2507 545 σε·.συλμ

1412 590 1431 606 ,,
1455 560 1686 609 ληφθήτωσαν
1717 559 1749 595 ε’ν
1783 556 1988 602 διαβουλίοις
2020 555 2073 600 οἷς
2105 557 2376 606 διαλογίζονται,
2408 560 2507 609 κύριε·

1414 651 1432 667 ,,
1458 623 1509 659 ὅτι
1536 623 1569 658 ἐν
1595 625 1639 669 τῷ
1662 619 1978 670 ύπερηφανεύεσθαι
2004 621 2085 662 τούς
2109 619 2270 664 ἀσεβεῖς,
2291 622 2311 656 o‘
2335 622 2418 664 λαός
2444 636 2507 660 σου

1414 713 1432 729 ,,
1451 679 1476 721 ’ὁ
1506 686 1641 733 πτωχὸς
1667 682 1898 734 ἐμπυρίζεται·
1925 681 1975 725 τίς
2002 682 2153 726 ἐπάταξε
2180 682 2268 730 μόνῳ
2297 681 2507 731 βουλήματι,

1416 775 1433 791 ,,
1460 747 1630 790 δέσποτα,
1657 747 1742 793 Ζαρὲ
1768 746 1824 781 τόν
1847 743 1997 781 αι’θίοπα
2022 746 2083 779 σύν
2106 742 2241 792 χιλίαις
2265 744 2425 792 χιλιάσι,
2450 759 2510 780 κα-

1414 836 1437 852 ,,
1459 809 1504 843 τοὶ
1537 811 1596 844 τοῦ
1628 810 1717 843 'Ao-02⁹
1748 808 1828 843 ποτὲ
1862 810 1921 843 τοῦ
1952 805 2118 850 βασιλέως
2150 806 2427 854 στρατεύσαντα;
2459 806 2511 849 τίς

1414 897 1434 914 ,,
1459 869 1646 912 κατέβαλεν
1678 868 1758 908 ἔθνη
1792 869 1965 916 πολέμια,
1994 865 2035 904 ὃν
2066 868 2105 904 τό
2137 866 2270 908 πλῆθος
2302 867 2512 916 ἀμέτρητον,

1414 959 1435 976 „
1459 931 1557 972 ἡνίκα
1587 933 1670 980 πρὸς
1703 933 1746 967 σε’
1775 932 1838 973 ταὶς
1859 933 1986 980 χεῖρας
2011 930 2185 978 Ἰωσαφάτ
2214 929 2433 974 ἓξεπέτασεν,
2459 929 2513 965 οἷν·

1415 1021 1435 1036 ,,
1460 992 1625 1042 θρωπίνης
1650 993 1870 1042 ἐστερημένος
1904 991 2090 1040 δυνάμεως
2118 992 2160 1028 σύ
2188 991 2252 1027 καί
2273 994 2326 1028 νῦν
2352 991 2369 1028 ὁ
2400 991 2515 1028 πάντα

1416 1082 1436 1099 ,,
1460 1058 1566 1090 ποιεῖν
1599 1054 1725 1102 ἰσχύων
1755 1055 1842 1103 μόνῳ
1875 1053 2069 1103 θελήματι,
2097 1053 2200 1102 ῥύσαι
2231 1052 2329 1090 πόλιν
2357 1058 2514 1103 κληρονο-

1419 1143 1438 1160 ,,
1462 1116 1544 1163 μίας
1578 1118 1659 1159 σου,
1690 1117 1747 1151 καὶ
1780 1119 1888 1152 σῶσον
1920 1117 2004 1152 λαόν
2036 1119 2083 1163 σῷ
2111 1115 2314 1164 κεκλημένον
2351 1114 2513 1164 ὀνόματι,

1417 1206 1437 1222 ,,
1461 1177 1594 1226 μήποτε
1621 1177 1776 1221 εἴπωσιν,
1801 1180 1867 1214 ποῦ
1891 1177 1984 1214 ἐστιν
2010 1178 2028 1215 ὁ
2060 1177 2139 1221 θεὸς
2170 1177 2294 1219 aaran
2320 1177 2412 1216 ἄλλα
2435 1178 2516 1225 ’γνώ-
2550 1186 2573 1216 f.
2591 1190 2636 1215 5⁹.
2656 1185 2689 1216 b.

1419 1267 1438 1283 ‚‚
1464 1254 1573 1275 τωσαν
1605 1239 1686 1278 ἔθνη
1720 1239 1770 1275 ὅτι
1804 1238 1976 1289 ἄνθρωποί
2006 1240 2102 1277 εἶσιν.
2127 1267 2147 1284 ,,
2171 1240 2240 1277 Καὶ
2272 1242 2381 1276 ταῦτα
2412 1240 2474 1287 μέν
2499 1240 2517 1274 ἆ

1420 1299 1606 1344 βασιλεύς,
1641 1301 1659 1336 ό
1695 1301 1877 1349 ἱεράρχης,
1912 1302 1934 1341 ἦ
1971 1302 2092 1346 πόλις,
2122 1301 2155 1337 ἔν
2191 1300 2337 1347 ι’κτενείᾳ
2370 1301 2519 1348 προσηύ-

1416 1376 1535 1410 χοντο.

1492 1425 1555 1472 ις’.
1580 1425 1663 1466 Θεὸς
1684 1425 1719 1460 δὲ
1739 1425 1797 1463 τήν
1817 1427 1948 1472 Περσῶν
1969 1426 2052 1473 πρὸς
2072 1425 2128 1460 τόν
2152 1423 2235 1460 κύνα
2260 1423 2418 1467 διάβασιν
2437 1423 2521 1460 άπε-

1422 1487 1586 1530 κιιὶλυσεν,
1611 1487 1727 1536 ἔνεδρα
1752 1486 1915 1534 θέμενος,
1941 1488 1998 1523 καιΙ
2023 1486 2183 1537 πατάξας
2210 1477 2316 1528 ἐνίους
2340 1484 2381 1522 ὦν
2407 1485 2440 1521 οἱ
2465 1486 2521 1521 τύ-

1421 1563 1528 1597 ραννοι
1554 1550 1637 1598 πρὸς
1663 1550 1834 1591 ἀλλήλους
1860 1549 2082 1585 ἀπέστελλον·
2103 1547 2185 1597 ἕκτη
2213 1549 2265 1587 δέ,
2286 1550 2344 1584 καὶ
2371 1548 2521 1596 ἑβδόμη,

1422 1612 1480 1647 καὶ
1503 1614 1546 1661 τῇ
1567 1611 1669 1661 ὀγδόῃ
1686 1612 1798 1660 ήμέρα
1819 1610 2086 1658 ἀκροβολισμοῖς
2105 1611 2168 1658 μὲν
2189 1611 2247 1646 καὶ
2267 1613 2424 1651 τυπικαῖς
2445 1610 2522 1658 ἐφό-

1422 1677 1578 1715 tomam?
1601 1676 1762 1721 πολεμεῖν
1789 1672 1848 1708 οὔκ
1873 1671 2076 1708 ἐπαύσαντο·
2105 1670 2201 1721 ἔργον
2229 1672 2264 1708 δὲ
2288 1670 2328 1712 ἦν
2352 1671 2442 1718 αύτῷ
2461 1673 2521 1707 σύν

1422 1736 1509 1781 πόνῳ
1533 1738 1650 1782 πολλῷ
1673 1735 1711 1771 τό
1739 1733 2027 1781 σπουδαζόμενον,
2055 1734 2109 1770 διαὶ
2140 1734 2201 1782 μὲν
2226 1735 2291 1782 γῆς
2322 1735 2383 1775 τοὶς
2409 1748 2523 1782 τειχο-

1421 1795 1556 1844 μαχίας
1576 1796 1739 1843 μηχανάς
1760 1797 1982 1844 παραστῆσαι
2004 1795 2065 1831 καί
2080 1796 2142 1837 τοίς
2159 1795 2332 1837 ἑλεπόλεις
2353 1795 2443 1830 κατά
2463 1797 2523 1830 τῶν

1423 1857 1553 1906 πύργων
1579 1856 1720 1893 ὁπλίσαι
1747 1860 1806 1898 τῆς
1830 1857 1966 1898 πόλεως·
1989 1857 2080 1892 κατά
2104 1855 2289 1892 θάλασσαν
2310 1858 2344 1892 δὲ
2367 1857 2525 1904 τοὶιπαροὶ

1423 1920 1595 1963 Σκλάβοις
1621 1920 1809 1968 ἐξαρτήσαι
1833 1910 2014 1967 μονόξυλα·
2034 1918 2119 1955 ὥστε
2145 1918 2224 1954 καθ’
2246 1918 2306 1954 ἕνα
2329 1920 2443 1966 καιρόν
2463 1920 2521 1955 καὶ

1423 1983 1483 2022 τήν
1509 1981 1594 2031 ὥραν
1616 1985 1782 2030 χερσαῖον
1803 1981 1879 2029 ἅμα
1903 1981 1960 2017 καὶ
1987 1980 2180 2017 θαλάσσιον
2201 1984 2333 2021 κινῆσαι
2355 1982 2445 2017 κατὰ
2463 1975 2523 2024 τῆς

1423 2044 1550 2085 πόλεως
1577 2044 1735 2091 πόλεμον·
1757 2043 1822 2083 ἤδη
1849 2044 1916 2092 γάρ
1940 2041 2082 2090 φθάσας
2103 2042 2240 2078 ἅπαντα
2263 2044 2318 2079 τὸν
2345 2047 2402 2078 τοῦ
2428 2043 2525 2090 κέρα-

1424 2121 1482 2148 τος
1507 2106 1651 2148 κόλπον,
1676 2105 1872 2153 ἀλλοφύλων
1898 2103 1998 2141 ε’θνῶν
2023 2104 2159 2152 ἄγουσι·
2177 2106 2294 2153 φόρτον
2325 2105 2523 2151 μονοξύλοις

1423 2168 1630 2218 ε’χέρσωσεν,
1650 2167 1772 2204 ἐκεῖνον
1795 2168 1920 2216 εὐχερῆ
1944 2168 2000 2202 τὸν
2021 2167 2123 2202 τόπον
2144 2168 2225 2214 πρός
2251 2165 2410 2209 ἐπίβασιν
2437 2168 2526 2202 κατοὶ

1424 2234 1486 2273 τῆς
1515 2231 1642 2272 πόλεως
1674 2229 1913 2279 λογισάμενος·
1942 2229 2058 2278 ἠγνόει
2092 2230 2126 2264 δὲ
2160 2229 2178 2266 o‘
2206 2228 2416 2277 κατάρατος,
2444 2229 2525 2278 ὅπερ

1382 2326 1385 2329 ,
1425 2292 1562 2342 ὕστερον
1588 2298 1632 2343 τῇ
1655 2292 1756 2342 πείρα
1787 2291 2007 2341 μεμάθηκεν,
2032 2290 2084 2327 ὅτι
2110 2291 2248 2339 φύλακα
2271 2292 2295 2331 ἦ
2320 2290 2418 2333 πόλις
2442 2290 2526 2327 οἶκα-

1424 2356 1629 2404 ταμάχητον
1654 2355 1836 2400 κέκτηται,
1858 2356 1914 2390 τὸν
1933 2353 1968 2389 ἔν
1988 2354 2201 2402 Βλαχέρναις
2226 2352 2324 2401 ἅγιον
2350 2351 2441 2389 οἷκον
2464 2356 2526 2395 τῆς

1423 2416 1655 2466 θεομήτορος,
1674 2420 1718 2463 τῷ
1737 2417 1850 2463 κόλπῳ
1868 2418 1931 2465 μὲν
1953 2419 2015 2451 τοῦ
2033 2415 2172 2464 κέρατος
2192 2414 2445 2464 πλησιάζοντα,
2462 2419 2528 2452 πᾶ-

1425 2493 1491 2516 σαν
1517 2481 1552 2516 δὲ
1578 2481 1638 2520 τήν
1663 2481 1762 2516 πόλιν
1787 2480 1846 2515 καί
1872 2480 1950 2522 τούς
1979 2479 2154 2520 οἰκοῦντας
2185 2478 2417 2526 φυλάττοντα,
2442 2478 2527 2514 ἔνθα

1425 2542 1490 2578 ἔδει
1523 2540 1837 2581 καταποντισθῆναι
1870 2542 1931 2577 καί
1954 2544 2015 2578 τοῦ
2037 2541 2155 2589 Φαραώ
2181 2541 2300 2576 τούτου
2326 2543 2440 2576 πᾶσαν
2467 2542 2526 2580 τήν

1425 2605 1572 2652 δύναμιν·
1594 2602 1680 2639 ὥστε
1701 2604 1758 2639 τδν
1783 2603 1909 2639 κόλπον
1935 2601 2077 2652 ε’ρυθροὶν
2102 2602 2140 2638 ἐκ
2167 2604 2228 2637 τοῦ
2247 2601 2450 2651 πράγματος
2470 2602 2527 2637 λε’-

1424 2664 1553 2713 ·γεσθαι
1579 2664 1774 2701 θάλασσαν·
1798 2664 1832 2700 ἐν
1857 2664 1927 2712 ὅσῳ
1952 2665 1987 2700 δὲ
2015 2665 2070 2700 τόν
2096 2665 2187 2700 κατὰ
2211 2665 2270 2703 τήν
2290 2667 2352 2711 γῆν
2375 2664 2433 2698 καὶ
2460 2662 2524 2698 θά-

1424 2730 1562 2762 λασσαν
1583 2727 1602 2762 ὁ
1621 2715 1777 2775 μεμηνώς
1798 2726 1936 2775 ἐξήρτυε
1957 2725 2124 2773 πόλεμον,
2143 2724 2256 2768 λαβών
2278 2724 2356 2760 ὅσον
2376 2722 2468 2772 εἶχεν
2489 2723 2522 2759 ἐν

1426 2788 1566 2824 ἱππεῦσι
1593 2786 1830 2836 θωρακηφόρον
1857 2787 2050 2830 ἐπίλεκτον,
2076 2787 2110 2822 ἐν
2135 2789 2207 2828 τοῖς
2237 2784 2297 2822 ε’πῖ
2324 2787 2379 2822 τόν
2404 2786 2521 2822 πόντον

1425 2849 1687 2898 οἷναπλεομένοις
1708 2850 1828 2898 γέγονε
1850 2849 1988 2897 μέρεσι,
2005 2851 2051 2895 τῷ
2069 2851 2215 2898 περσικῷ
2234 2851 2382 2897 στρατῷ,
2402 2849 2460 2883 καί
2480 2851 2524 2894 τῷ

1426 2910 1615 2960 Σαρβάραζ
1646 2911 1959 2958 άντεπιδεικνυμένῳ
1983 2910 2255 2965 ἐπιδεικνύμενος·
2280 2910 2431 2955 κᾴκεῖνος
2456 2911 2524 2958 γὰρ

1426 2972 1562 3020 ἀντικρύ
1581 2974 1627 3009 τά
1647 2973 1751 3021 ὅμοια
1771 2973 1952 3020 ἔπραττεν,
1971 2972 2062 3008 ἅπαν
2083 2972 2224 3008 ὁπλιτῶν
2246 2971 2368 3007 ἱππέων
2389 2973 2428 3007 τὸ
2447 2977 2524 3007 κατ’

1426 3034 1539 3071 ε’κεῒνα
1571 3035 1616 3070 τοὶ
1645 3034 1733 3083 μέρη
1766 3035 1904 3076 πλήσας
1937 3033 2236 3083 παραθαλάσσιον·
2264 3033 2322 3068 καὶ
2351 3033 2367 3068 ὅ
2394 3034 2456 3081 μέν
2485 3032 2525 3077 ἐξ

1426 3096 1564 3138 Ἀσίας,
1591 3093 1689 3137 οὗτος
1717 3097 1752 3131 δέ
1776 3097 1816 3140 ἐξ
1840 3095 2019 3143 Εὐρώπης,
2044 3094 2201 3143 καθάπερ
2235 3093 2335 3142 θῆρες
2365 3093 2522 3142 ἀνήμεροι

1426 3156 1565 3205 ὠρύοντο
1592 3157 1682 3192 κατά
1707 3159 1766 3198 τῆς
1800 3157 1927 3199 πόλεως
1961 3156 2107 3205 ἕτοιμοι,
2132 3156 2242 3205 ὥσπερ
2277 3157 2401 3194 ταύτην
2430 3155 2523 3204 ἔχειν

1426 3218 1618 3267 νομίζοντες
1645 3217 1794 3267 θήραμα.
1845 3260 1853 3264 q

1501 3279 1553 3328 ιζ.
1577 3281 1698 3318 Ἐνάτη
1717 3282 1751 3316 δὲ
1769 3279 1825 3316 ὅτε
1842 3281 1954 3329 ἡμέρα
1967 3279 2139 3323 κατέλαβε
2151 3310 2159 3325 ,
2173 3281 2338 3328 μέγιστος
2356 3279 2446 3315 κατά
2461 3281 2524 3326 ’γῆν

1428 3344 1468 3377 δι’
1495 3341 1574 3379 ὅλου
1601 3344 1661 3377 τοῦ
1684 3341 1821 3390 τείχους
1843 3341 2026 3391 συνεῤῥοίγη
2053 3343 2070 3378 ὁ
2097 3342 2263 3390 πόλεμος,
2284 3340 2369 3377 ὥστε
2390 3339 2524 3382 πλῆθος

1427 3402 1594 3452 φθαρῆναι
1621 3405 1798 3452 πολέμιον,
1826 3405 1884 3439 καί
1909 3405 2036 3440 πάντων
2061 3404 2115 3440 ἐπ’
2142 3403 2247 3450 ὄψεσι
2273 3406 2332 3438 τῶν
2358 3401 2523 3452 ἡμετέρων

1427 3467 1505 3508 τούς
1525 3468 1659 3515 νεκρούς
1679 3466 1785 3502 αὐτῶν
1807 3465 1982 3514 σύρεσθαι·
1999 3467 2058 3502 καὶ
2077 3464 2282 3514 τραυματίαι
2305 3466 2342 3500 δέ
2361 3468 2420 3501 τῶν
2441 3465 2524 3513 ήμε-

1427 3529 1524 3577 τέρων
1543 3528 1724 3576 γεγόνασιν
1745 3522 1832 3572 ἔνιοι·
1851 3528 1926 3564 ου’δὲ
1947 3529 2014 3577 γάρ
2033 3528 2055 3568 ἦ
2075 3529 2135 3573 νύξ
2151 3527 2370 3575 ἐπιγενομένη
2387 3528 2443 3563 τόν
2463 3527 2526 3563 πό-

1426 3594 1527 3639 λεμον
1553 3590 1717 3634 ἔπαυσεν,
1736 3589 1830 3626 ἀλλά
1849 3591 2015 3640 πάννυχον
2042 3590 2129 3639 ἔσχε
2150 3587 2352 3627 καίάῦπνον
2376 3589 2527 3637 ἀμφοτέ-

1427 3651 1529 3700 ρωθεν
1556 3653 1717 3697 κάματον·
1738 3653 1796 3688 ουίι
1819 3653 1900 3694 ἴσας
1923 3653 1958 3688 δὲ
1983 3653 2007 3692 ἦ
2029 3651 2151 3701 ὑσμίνη
2172 3653 2324 3700 κεφαλάς
2346 3649 2422 3700 εἶχε
2442 3652 2525 3698 πρὸς

1427 3716 1519 3762 ήμᾶς
1544 3715 1582 3750 το“
1608 3713 1820 3762 ἀλλόφυλον,
1846 3713 1940 3750 άλλοὶ
1962 3717 2076 3761 πολλῷ
2099 3719 2144 3762 τῷ
2168 3714 2312 3764 περιόντι
2339 3717 2399 3750 τῶν
2425 3716 2524 3749 πολε-

1425 3775 1508 3824 μίων
1534 3776 1664 3824 ἐκράτει
1690 3779 1871 3826 πανταχοῦ
1890 3778 1928 3813 τὸ
1948 3777 2119 3826 ἡμέτερον·
2142 3776 2197 3813 ὅτε
2211 3778 2256 3821 ,δέ
2276 3777 2299 3816 η’
2320 3776 2441 3814 δεκάτη
2465 3777 2525 3816 τῆς

1427 3841 1488 3874 τοῦ
1511 3839 1606 3880 κυνός
1628 3838 1750 3875 ἐκείνου
1771 3837 1962 3888 παρουσίας
1985 3839 2098 3888 ήμέρα
2115 3829 2306 3882 κατέλαβε,
2326 3839 2466 3885 πέμπτη
2489 3839 2522 3872 δὲ

1425 3898 1465 3940 ἦν
1485 3901 1546 3942 τῆς
1566 3899 1755 3948 ἑβδομάδος
1775 3901 1906 3949 ήμέρα,
1925 3900 2071 3950 ἑβδόμην
2093 3902 2128 3937 δέ
2148 3899 2230 3948 ἦγεν
2251 3901 2268 3937 ὁ
2287 3902 2371 3948 μήν,
2392 3897 2427 3935 ὃν
2450 3899 2523 3934 Ῥω·

2558 1992 2580 2021 t'.
2599 1997 2643 2022 60.
2664 2000 2699 2022 a..

2558 2737 2580 2767 f.
2598 2741 2643 2766 60.
2662 2737 2694 2766 h.

2561 3472 2582 3501 s.
2602 3475 2647 3500 οι.
2666 3477 2692 3499 a.
