2970 4420
2149 208 2153 227 t

476 235 492 278 1
507 234 565 278 58
1414 248 1564 278 Leonis
1600 248 1774 279 ALLATu

480 322 731 394 ὑπηρετῶν
767 321 1078 395 παρῆγΓειλε
1115 321 1281 395 μένειν
1313 323 1358 376 ἐν
1386 322 1504 382 ταῖς
1535 324 1738 384 σκηναῖς
1766 321 2216 396 καθωπλισμένους
2253 324 2489 390 ἅπαντας.
2526 340 2630 385 Hoc·
2659 357 2733 386 ας.

474 409 592 455 ez‘dit
622 408 673 454 in
697 408 840 460 bello,
876 409 1112 457 Theodoro
1136 408 1429 455 Rhodiorum
1464 408 1580 465 duce
1605 408 1654 453 in
1679 410 2031 457 commentariis
2057 412 2306 474 referente,
2334 432 2387 460 eo
2422 427 2628 478 tempore
2653 428 2731 462 lu-

474 486 709 532 n'ssl'mum
739 503 835 532 esse
869 499 1082 533 armatos
1113 485 1382 535 consistere,
1413 497 1457 529 et
1493 484 1644 547 quieti
1672 485 1871 533 deditos.
1909 488 2106 550 Ipseque
2141 490 2421 538 circumiens
2455 493 2725 544 clamabal,

473 550 850 627 admonebmqice
869 581 959 628 per
984 581 1090 610 suos
1109 562 1442 612 admzmmslros
1468 578 1619 608 armis
1637 575 1836 609 amzclos
1857 581 2016 611 omnes
2040 583 2089 611 ιη
2113 568 2435 615 tabernaculzs
2458 570 2731 621 i‘mmorarl.

599 642 771 688 XCVII.
809 642 1037 688 Theodoti
1063 640 1359 686 Andidorum
1385 641 1590 703 episcopi
1616 639 1769 687 adhuc
1792 650 1914 688 extat
1941 644 2107 704 passim
2133 645 2181 690 in
2209 646 2443 708 plerisque
2476 647 2732 694 bibliothe-

471 720 558 769 cis..
596 706 877 782 προθεωριά
902 704 1303 772 κεφαλαιώδης
1289 706 1397 779 περὶ
1431 731 1528 761 των
1560 707 1605 761 ἐν
1631 731 1687 763 τη
1725 705 1834 781 θείᾳ
1863 709 2117 783 ἱερουρΓίᾳ
2142 711 2400 782 Γινομένων
2425 708 2730 785 συμβόλων,

473 809 554 838 και
594 809 876 858 μυστηριων
912 785 1192 841 ποιηθεισα
1229 783 1288 855 ἐξ
1324 783 1586 855 αξιωσεως
1619 807 1709 837 του
1748 784 2162 850 θεοφιλεστάτου
2202 788 2470 843 ἐπισκόπου
2505 795 2727 853 Φυτεί-ας

473 866 765 915 Βασιλειᾞου
806 870 1143 934 Compendzosa
1164 870 1541 933 praemeditatio
1565 887 1727 916 eorum
1754 888 1876 933 quae
1901 888 1951 917 ιη
1971 888 2107 919 sacro
2130 890 2302 920 messae
2326 875 2591 923 mzm‘nzsterzo
2614 895 2734 942 sym-

473 948 581 994 bola
605 964 663 993 ac
687 959 916 1011 mysterza
937 958 1261 1010 peraountur,
1295 958 1364 993 lta
1383 948 1659 1011 postulante
1683 948 2039 1011 religiosisscmo
2061 966 2277 1036 epzseopo
2301 951 2505 1015 ΡΙιγιιαε
2527 955 2727 1001 Βα3ι”.ἰιο

475 1020 528 1067 Ρ.
565 1012 775 1068 Ειδέναι
813 1038 908 1075 πας
946 1014 1143 1078 οφείλει
1180 1013 1389 1077 πιστὸς,
1428 1037 1494 1075 ως
1530 1015 1555 1072 ἦ
1593 1038 1679 1076 τῆς
1714 1013 1870 1077 θείας
1908 1016 2202 1100 ιερουργιάς
2237 1014 2412 1072 ἅπασα
2444 1019 2641 1078 τελετή
2678 1034 2730 1078 ln

474 1101 633 1147 codice
669 1116 782 1147 vero
807 1102 1017 1146 vaticano
1048 1102 1158 1146 640.
1190 1116 1282 1147 non
1313 1101 1590 1154 Theodoro,
1620 1101 1701 1147 sed
1733 1102 1925 1148 Nicolao
1949 1103 2243 1150 Andidorum
2269 1105 2489 1167 episcopo
2513 1115 2734 1154 tractatus

473 1180 558 1224 iste
585 1178 828 1230 tribuitur,
856 1178 936 1242 qui
972 1177 1275 1224 nihilominus
1310 1178 1483 1224 dicitur
1516 1179 1665 1225 factus
1694 1177 1879 1226 hortatu
1914 1178 2103 1241 phytiae
2136 1181 2340 1243 episcopi
2374 1183 2550 1234 Basilii
2577 1193 2629 1229 ut
2656 1201 2734 1231 su-

476 1272 582 1317 pra,
609 1263 654 1301 et
678 1256 854 1317 incipit.
893 1243 1096 1298 Πολλοι
1131 1268 1226 1299 των
1260 1242 1497 1318 ἱερασθαι
1528 1243 1875 1318 κξιωμέὟνων
1852 1270 2024 1309 ισασι,
2051 1269 2132 1300 και
2168 1238 2476 1319 ομολοΓουσι
2507 1249 2571 1303 τὰ
2602 1250 2648 1305 ἐν
2672 1274 2729 1321 τη

446 1323 650 1375 Υθεια
636 1326 914 1397 ιερουργία,
939 1319 1224 1391 τελουμενα
1265 1329 1305 1391 (1
1289 1324 1379 1387 1.)
2737 1331 2747 1344 “

601 1410 798 1474 XCVIII.¹
832 1409 1103 1455 Theodorus
1128 1420 1153 1455 a
1177 1410 1341 1458 Studio
1366 1412 1671 1462 monasterio,
1700 1412 1773 1456 cui
1798 1411 1895 1472 ipse
1919 1411 2142 1472 praefuit,
2170 1411 2348 1458 Studita
2374 1412 2547 1466 dictus,
2575 1423 2736 1461 auctor

474 1488 630 1548 magni
664 1488 881 1533 nominis.
920 1487 1063 1533 Multa
1099 1488 1196 1548 ipse
1222 1486 1326 1533 tulit
1361 1503 1447 1550 pro
1474 1487 1742 1534 defensione
1775 1500 2008 1534 sacrarum
2033 1489 2311 1550 imaginum,
2339 1497 2386 1535 et
2415 1491 2736 1538 institutorum

475 1565 889 1611 ecclesiasticorum
906 1600 917 1617 ,
947 1565 1064 1613 adeo
1091 1573 1139 1610 ut
1165 1565 1378 1611 universa
1409 1566 1507 1611 eius
1532 1566 1625 1612 vita
1649 1565 1759 1618 diis,
1789 1574 1840 1611 ut
1869 1565 2013 1626 vulgo
2041 1566 2190 1626 aiunt,
2217 1567 2345 1613 iratis
2368 1568 2596 1629 genioque
2624 1570 2736 1615 sini·-

475 1651 572 1689 stro
599 1651 826 1689 transacta
861 1642 1016 1688 fuerit.
1056 1643 1186 1690 lllius
1214 1644 1380 1690 nimias
1403 1644 1632 1700 miserias,
1659 1658 1889 1694 carceres,
1917 1643 2075 1695 exilia,
2103 1652 2240 1705 atque
2262 1646 2607 1706 oppressiones,
2635 1645 2735 1692 fuse

477 1720 704 1781 docteque
730 1721 961 1782 prosecuti
996 1729 1102 1766 sunt
1125 1721 1316 1766 michael
1348 1721 1628 1770 monachus,
1656 1729 1701 1768 et
1735 1721 1853 1767 alius
1881 1721 2106 1774 incertus,
2134 1723 2215 1780 qui
2246 1722 2343 1767 eius
2369 1722 2510 1767 vitam
2534 1723 2738 1768 conscri-

477 1806 685 1860 p.serunt
714 1798 949 1865 Michaelis
976 1798 1190 1844 monachi
1218 1799 1405 1860 incipit:
1441 1787 1633 1840 πολλοι
1666 1787 1759 1855 μὲν
1786 1811 1883 1841 των
1912 1787 2056 1842 οἱΓίων
2085 1786 2208 1841 κοῖΤοὶ
2240 1785 2517 1860 διαφόρους
2543 1787 2733 1862 χώρας.

476 1876 669 1927 incerti,
683 1876 800 1961 e'qui
812 1890 950 1937 penes
982 1891 1055 1921 me
1081 1877 1421 1938 manuscriptus
1448 1882 1731 1924 asservzatur
1770 1887 1853 1917 και
1892 1887 2015 1918 πασι
2051 1865 2142 1937 μὲν
2169 1862 2292 1925 κδῦς
2325 1888 2406 1918 και
2438 1888 2528 1918 ’του
2558 1865 2734 1926 name,-

478 1940 633 2014 αξιος
671 1966 693 1994 ο
733 1964 904 2013 μεγας
941 1941 1099 2014 πατὴρ
1138 1966 1273 2014 κμων
1310 1966 1392 1995 και
1431 1940 1758 2016 ὁμολογκτκς
1793 1928 2059 2015 Θεόδωρος
2100 1941 2185 2011 (2)
2216 1952 2331 2002 Eam
2364 1952 2584 1999 Iohannis
2610 1968 2732 2005 esse,

477 2032 741 2076 coniectura
778 2046 871 2076 non
906 2029 996 2076 lesi
1033 2030 1208 2076 diceret
1233 2031 1388 2075 nescio
1423 2030 1551 2090 quis,
1580 2043 1686 2075 cum
1709 2029 1758 2073 in
1782 2027 1875 2074 fine
1900 2029 2018 2087 vitae
2041 2028 2245 2090 legatur,
2283 2019 2416 2072 θεου
2447 2018 2504 2071 τὸ
2545 2016 2734 2090 δωρον,

479 2094 567 2150 καὶ
595 2095 744 2158 πόνος
767 2095 1004 2151 Ἰωοίννου
1022 2138 1034 2158 ,
1069 2105 1163 2151 Dec·
1185 2106 1383 2155 donum,
1414 2117 1458 2150 et
1482 2103 1981 2167 laborvlohanm‘s·(3).
2015 2106 2111 2152 Nisi
2137 2104 2270 2152 labor
2295 2105 2374 2152 ille
2401 2120 2497 2152 non
2522 2106 2581 2153 de
2607 2121 2737 2164 com-

478 2185 731 2245 positione,
770 2175 850 2230 sed
885 2184 943 2229 de
977 2184 1229 2245 scriptione
1259 2183 1397 2228 etiam
1431 2182 1627 2243 intelligi
1661 2190 1832 2243 posset.
1869 2183 2043 2228 Verum
2077 2198 2182 2228 cum
2219 2184 2267 2228 in
2301 2183 2427 2230 dicto
2457 2183 2617 2242 codice
2639 2183 2736 2230 ‚alia
2798 2234 2803 2243 s

479 2260 668 2322 quoque
699 2261 866 2322 eodem
901 2260 1186 2312 charactere,
1221 2269 1267 2305 et
1292 2260 1453 2305 similis
1486 2259 1749 2321 scriptionis
1783 2267 1894 2305 nota
1926 2259 2154 2321 descripta
2187 2259 2304 2322 sint,
2330 2275 2416 2306 nec
2449 2261 2632 2322 uspiam
2665 2260 2737 2307 di-

479 2345 605 2383 ctum
631 2337 840 2383 laborem
866 2338 1216 2392 memoraverit,
1245 2338 1331 2382 nisi
1368 2345 1473 2398 post
1504 2335 1735 2382 Theodori
1770 2337 1935 2387 vitam,
1965 2336 2158 2382 fortasse
2192 2352 2287 2382 non
2310 2336 2648 2383 inconsiderate
2677 2336 2739 2383 de

483 2416 818 2476 compositione
857 2414 1185 2476 intelligendus
1219 2423 1303 2460 est.
1343 2414 1432 2460 Sed
1464 2413 1512 2458 id
1549 2413 1625 2459 alii
1658 2413 1879 2459 iudicent.
1917 2411 2215 2475 Habeturque
2250 2422 2486 2475 praeterea
2519 2413 2578 2467 de
2610 2413 2737 2460 illius

480 2491 613 2538 obitu
641 2493 836 2554 epistola
864 2492 1042 2553 prolixa
1066 2493 1296 2538 Naucratii
1326 2490 1568 2542 monachi,
1605 2491 1718 2536 tanti
1750 2491 1894 2552 patris
1929 2489 2170 2553 discipuli,
2199 2491 2258 2538 ad
2289 2490 2453 2536 fratres
2478 2491 2756 2553 spirituales

482 2579 526 2615 et
565 2578 734 2631 patres.
774 2563 827 2611 P.
863 2560 985 2620 'long
1024 2557 1112 2612 δια
1146 2582 1231 2612 τον
1268 2557 1439 2632 κόριον
1477 2554 1876 2630 δεδιωγμένοις,
1911 2579 1995 2610 και
2034 2580 2294 2626 πανταχου
2335 2554 2738 2654 διεσωαρμένοις

484 2637 858 2706 πνευματικοῖς
903 2633 1156 2700 αδελφοις
1199 2659 1280 2688 και
1320 2633 1589 2707 ίπατράσι,
1624 2632 1949 2705 Ναυκράτιος
1992 2632 2315 2730 ἁμαρτωλός.
2348 2631 2478 2695 ’Έως
2518 2633 2621 2704 μὲν.
2640 2656 2732 2686 του

459 2712 750 2787 ,παρο’ν’Τος,
781 2710 1008 2777 αδελφοί
1030 2736 1128 2784 μου
1157 2712 1452 2784 τιμιῶτοὶῖοι
1485 2735 1565 2764 και
1597 2709 1829 2785 παὙερες,
1856 2710 2234 2782 ανεβαλλόμην
2245 2733 2303 2764 το
2333 2733 2561 2765 ταπεινον
2592 2709 2738 2787 spelp-

483 2815 584 2860 μα,
615 2789 803 2864 πμέραν
834 2790 893 2862 ἐξ
929 2789 1117 2863 κμέρας
1151 2787 1548 2863 διεξερχόμενος
1582 2789 1670 2856 (4)
1705 2799 1865 2859 Neque
1889 2798 2013 2863 enim
2037 2798 2163 2844 illius
2187 2806 2367 2844 tantum
2390 2797 2630 2860 discipuli,
2657 2797 2740 2844 sed

484 2881 559 2926 alii
583 2896 772 2945 quoque
800 2880 1012 2942 plerique
1035 2881 1085 2925 in
1112 2894 1170 2925 eo
1204 2878 1466 2931 laudando,
1493 2885 1552 2924 et
1563 2878 1612 2923 in
1644 2878 1743 2924 eius
1771 2876 1911 2923 rebus
1942 2879 2080 2939 gestis
2103 2876 2411 2924 enarrandis
2398 2878 2636 2938 ingenium
2664 2891 2743 2923 ca-

483 2958 750 3018 lamumque
781 2965 1109 3011 exercuerunt,
1137 2965 1184 3002 ut
1221 2956 1440 3002 indicavit
1467 2954 1661 3001 Michael
1684 2954 1975 3004 monachus
1963 2969 2012 2999 ιη
2037 2954 2134 2999 eius
2156 2954 2267 2999 vita.
2299 2913 2475 2996 Ἀλλ’ξ,
2487 2941 2614 3004 ὅπως
2647 2965 2739 3014 μεν

497 3026 508 3044 ξ

485 3048 506 3076 ο
546 3021 844 3090 οἷοιδιμος’
827 3047 1010 3085 εκεινος
1046 3021 1320 3087 καθηΓηπ-’κς
1350 3046 1432 3076 και
1466 3020 1618 3095 παἻηρ
1648 3045 1735 3082 τῆς
1765 3020 1880 3075 καθ
1914 3020 2045 3091 πμοῗς
2075 3020 2196 3086 εβίω
2232 3020 2389 3092 ζωῆς,
2416 3018 2548 3073 και-οὶ
2573 3016 2738 3080 πόδας

485 3125 572 3162 ’τῆς
607 3123 763 3154 αυτου
802 3099 1080 3171 κοιμήσεως
1118 3099 1238 3158 ἔνιοι
1278 3123 1371 3153 των
1408 3121 1566 3152 αυτου
1595 3115 1855 3163 φοιτητων
1892 3095 2086 3171 ᾧὸικως
2115 3098 2419 3174 υπῃνίξαντο
2452 3094 2739 3161 κεφαλαιω·

488 3179 653 3239 σανΎες
689 3202 755 3231 τα
790 3179 1054 3252 πολυμερῆ
1088 3179 1173 3238 τῆς
1211 3176 1340 3230 κατ-οὶ
1376 3174 1572 3237 πλάτος
1603 3175 1763 3235 αὐτου
1790 3179 2054 3235 πολιτείας
2090 3170 2568 3247 ἅνδραῖαθήματα’
2550 3194 2598 3226 εν
2633 3172 2740 3246 ὄλι-
2768 3239 2772 3244 ⁴

574 3348 621 3388 (t)
647 3346 726 3382 Hoc
750 3356 819 3382 nos
844 3345 1086 3393 opusculum,
1104 3345 1215 3392 paulo
1239 3350 1367 3381 tamen
1391 3343 1535 3380 varians
1558 3344 1599 3380 in
1624 3342 1833 3384 codicibus,
1851 3353 1935 3379 cum
1961 3341 2261 3390 interpretatione
2277 3343 2403 3388 nostra
2421 3340 2536 3377 tatina
2554 3340 2650 3389 typis
2675 3352 2737 3389 pa-

490 3410 615 3441 ratum
641 3403 840 3450 habemus3
866 3416 943 3442 non
967 3406 1047 3442 sine
1070 3415 1203 3442 novem
1233 3404 1478 3452 grandiorum
1509 3403 1685 3440 comitatu
1715 3402 1886 3467 iconum,
1915 3400 2051 3450 quibus
2081 3406 2158 3438 tota
2181 3389 2407 3438 Graecorum
2440 3399 2550 3437 missa
2575 3401 2740 3448 speciose

491 3472 645 3509 vereque
670 3469 976 3515 repraesentatur.
1003 3466 1050 3500 A
1077 3465 1129 3499 Μ.

575 3525 622 3565 (2)
648 3523 727 3558 Hoc
751 3523 858 3560 initio
883 3529 980 3561 extat
1003 3525 1044 3561 in
1075 3523 1235 3561 editione
1265 3523 1454 3561 Sirmondi
1483 3523 1556 3560 vita
1586 3521 1777 3569 studitae,
1802 3532 1933 3570 gerens
1963 3531 2098 3562 nomen
2131 3518 2291 3557 auctoris
2320 3498 2512 3556 Michaelis
2543 3518 2740 3563 monachi,

492 3581 594 3629 qnod
622 3593 728 3618 secus
755 3588 835 3619 erat
858 3585 897 3620 in
923 3583 1110 3620 codicibus
1135 3583 1333 3620 allatianis.
1360 3586 1410 3620 At
1434 3583 1497 3620 illa
1522 3584 1703 3630 incipiens
1726 3585 1882 3620 πολλοὶ
1863 3609 1873 3629 ,
1899 3583 2076 3620 tribuitur
2105 3580 2223 3619 eidem
2248 3578 2420 3616 Michaeli
2445 3579 2484 3615 in
2509 3578 2655 3616 duobus
2679 3588 2742 3617 co-

494 3638 640 3678 dicibus
665 3646 737 3677 v.at
764 3642 819 3678 De
843 3642 912 3678 hac
937 3653 975 3679 re
986 3639 1217 3690 diligentius
1241 3654 1310 3680 nos
1334 3642 1522 3689 dicemus,
1547 3655 1633 3680 cum
1658 3644 1811 3680 alteram
1834 3643 1930 3679 hanc
1954 3641 2120 3679 studitae
2141 3640 2252 3676 vitam
2274 3639 2372 3687 typis
2392 3637 2595 3675 trademus.
2621 3641 2667 3675 A.
2686 3641 2738 3675 M.

579 3705 628 3745 (3)
651 3701 798 3747 Ergone
822 3700 918 3737 edita
941 3702 1015 3738 vita
1040 3713 1061 3738 a
1085 3702 1303 3746 Sirmondo,
1326 3695 1482 3739 dicenda
1507 3708 1564 3739 est
1587 3702 1721 3741 habere
1745 3707 1930 3740 auctore-n
1954 3699 2179 3738 Iohannem?
2204 3697 2346 3735 Inedita
2371 3703 2494 3735 autem
2519 3698 2740 3737 Μίοὴιιὸῑθηι

501 3760 744 3803 monachum,
772 3760 831 3796 cui
856 3770 981 3806 reapse
1006 3761 1217 3798 inscribitur
1241 3763 1282 3798 in
1306 3762 1416 3803 codd.
1441 3762 1639 3799 vaticanis?
1663 3765 1708 3800 A.
1734 3764 1786 3799 M.

582 3822 629 3863 (4)
655 3817 781 3854 Edidit
805 3818 873 3855 hoc
897 3820 1096 3855 Naucratii
1111 3820 1288 3867 scriptum
1312 3821 1554 3858 combefisius
1578 3823 1621 3858 T.
1649 3821 1891 3859 11.Auctarii
1915 3819 2103 3860 bibt.,1>t‘.
2131 3829 2166 3865 p.
2195 3822 2277 3855 855.
2307 3820 2349 3854 A.
2379 3819 2432 3854 M.
