2970 4420
1209 302 1266 333 nn
1298 299 1560 334 wambonis·
2424 289 2514 336 187

257 389 406 456 ceptis
428 387 600 439 verbis,
628 385 875 451 scriptoris
897 397 1088 434 tantum
1112 386 1366 434 immutato
1395 385 1603 434 nomine.
1630 384 1730 432 Nec
1747 382 1888 449 potui
1909 400 2004 430 non
2035 384 2213 431 mirari
2236 386 2389 434 virum
2412 404 2522 435 eru-

256 464 550 514 ditissimum
582 463 848 511 Iohannem
881 464 1142 511 Meursium
1180 464 1235 510 id
1268 481 1362 511 non
1401 461 1815 513 animadvertisse,
1847 461 2137 526 praesertim
2170 479 2278 509 cum
2314 464 2363 509 in
2397 465 2522 512 notis

257 542 358 590 suis
391 541 462 589 ad
495 543 533 588 T
528 540 787 589 heodorum
810 540 1120 588 Metochitam
1150 541 1427 605 saepissime
1459 541 1616 605 ipsum
1648 539 1848 604 Glycam
1871 540 2066 602 afferat.
2105 539 2278 602 Glycas
2311 540 2437 586 enim
2472 541 2522 587 in

255 618 649 684 interpretatione
678 618 956 666 Leunclavii
977 630 1112 683 part.
1140 620 1187 666 3.
1214 618 1283 665 sic
1308 617 1494 682 incipit.
1521 620 1610 665 Res
1633 622 1854 665 romanae
1878 632 1905 663 a
1935 615 2205 664 consulibus
2230 616 2522 665 administra-

254 707 330 744 tae
352 706 462 744 sunt
477 697 735 744 CCCLXlV.
759 697 892 743 annis
914 712 1061 758 usque
1085 696 1144 743 ad
1168 696 1339 743 Iulium
1357 696 1596 742 Caesarem
1620 703 1709 742 etc.
1737 691 2028 742 Methochita
2054 705 2215 740 autem
2241 693 2291 739 in
2316 694 2522 741 versione

254 773 469 822 Meursii.
506 776 595 821 Res
616 788 839 821 romanae
871 781 1004 820 antea
1038 789 1123 836 per
1157 773 1370 820 consules
1395 771 1839 819 administrabantur
1864 772 1999 817 annis
2029 771 2285 818 CCCLXlV.
2313 771 2372 818 ad
2406 779 2522 818 tem-

254 866 370 914 pora
393 865 540 913 usque
565 850 669 896 Iulii
699 850 902 898 Caesaris
931 858 1020 897 etc.
1051 848 1243 896 Claudit
1272 849 1446 912 Glycas
1470 848 1667 895 tertiam
1699 847 1952 894 annalium
1971 858 2164 911 partem
2187 846 2315 893 hisce
2343 847 2518 894 verbis:

251 928 460 975 Galerius
494 928 800 975 Maximianus
833 928 995 975 divino
1034 927 1206 974 iudicio
1239 926 1411 973 vulnus
1444 928 1492 972 in
1531 925 1810 988 genitalibus
1844 924 2069 973 membris
2109 926 2339 987 accepisse
2373 925 2522 972 fertur

251 1013 447 1068 propter
476 1005 760 1066 singularem
791 1003 1047 1051 lasciviam.
1085 1005 1246 1065 ltaque
1282 1003 1510 1065 pediculis
1546 1012 1747 1057 scatens,
1777 1002 1998 1050 foetidam
2033 1003 2236 1054 animam
2270 1002 2516 1050 exhalavit.

250 1080 508 1129 Metochita
535 1097 664 1129 vero:
693 1090 739 1128 at
761 1082 970 1129 Galerius
992 1082 1295 1129 Maximianus
1318 1082 1442 1127 iusto
1465 1096 1575 1127 sane
1599 1082 1681 1127 Dei
1705 1081 1879 1128 iudicio
1902 1089 2091 1144 accepto
2115 1081 2164 1127 in
2190 1080 2413 1127 membris
2440 1096 2521 1143 ge-

250 1158 473 1206 nitalibus
496 1168 691 1222 propter
713 1174 944 1206 summam
968 1158 1098 1204 illam
1122 1157 1390 1211 libidinem,
1417 1173 1510 1220 qua
1543 1158 1794 1220 flagrabat,
1820 1158 2016 1205 vulnere
2039 1158 2269 1220 quodam,
2298 1158 2518 1206 foetidam

250 1236 452 1282 animam
476 1236 704 1299 pediculis
727 1244 905 1283 scatens
928 1235 1175 1282 exhalavit.
1215 1234 1398 1280 Eadem
1423 1234 1586 1297 itaque
1609 1233 1814 1281 historia
1841 1235 2016 1281 eisdem
2041 1235 2192 1282 verbis
2214 1235 2402 1299 graecis
2426 1249 2514 1287 est,

249 1327 282 1358 a
310 1311 507 1359 diversis
534 1312 870 1376 interpretibus
900 1312 1051 1359 latine
1075 1311 1285 1358 reddita.
1323 1314 1380 1358 Et
1410 1312 1604 1358 fortasse
1629 1313 1810 1375 reliqua
1843 1328 1962 1374 quae
1988 1312 2115 1375 apud
2141 1313 2343 1360 eundem
2366 1315 2522 1360 Meur-

248 1389 369 1436 sium
399 1397 506 1436 sunt
535 1390 810 1437 Metochitae
844 1390 1087 1442 historica.
1115 1389 1325 1436 eiusdem
1353 1389 1522 1451 Glycae
1559 1388 1731 1436 fuerint
1748 1425 1760 1442 ‚
1779 1379 1928 1452 'idque
1951 1391 2099 1451 magis
2130 1390 2362 1451 suspicor,
2389 1391 2519 1452 quod

247 1466 401 1513 tradat
431 1467 657 1514 Meursius
680 1467 729 1512 in
758 1466 853 1512 illis
877 1466 1025 1513 multa
1056 1465 1319 1528 theologica
1343 1481 1440 1513 esse
1465 1468 1636 1513 inserta
1652 1501 1663 1520 ‚
1691 1466 1820 1528 quod
1846 1466 2072 1513 sollemne
2097 1466 2183 1512 fuit
2207 1467 2390 1528 Glycae.
2428 1469 2519 1515 Sed

246 1543 307 1590 de
340 1543 414 1590 his
446 1545 641 1598 certius,
668 1544 749 1606 qui
785 1543 1003 1590 viderint.

375 1621 430 1666 In
457 1619 742 1667 bibliotheca
768 1621 955 1666 Meursii
985 1618 1203 1667 extabant
1230 1620 1438 1667 eiusdem
1468 1619 1700 1666 historiae
1731 1635 1899 1666 sacrae
1925 1619 2039 1666 libri
2068 1620 2186 1671 duo,
2217 1633 2262 1665 et
2294 1633 2517 1667 constan-

246 1696 595 1760 tinopolitanae
627 1696 859 1743 historiae
891 1696 1013 1744 liber
1043 1714 1191 1748 unus,
1220 1699 1301 1760 qui
1338 1699 1402 1744 ait
1431 1699 1480 1744 in
1513 1699 1660 1744 notis:
1691 1696 1947 1743 historiam
1981 1714 2234 1744 romanam
2269 1715 2356 1761 ego
2390 1716 2517 1745 nunc

245 1774 354 1824 edo,
378 1785 651 1820 consecutus
674 1773 900 1831 beneficio
919 1774 1139 1820 Andreae
1160 1774 1347 1821 Schotti
1364 1774 1458 1822 viri
1478 1773 1686 1838 egregii:
1713 1773 1956 1837 habeoque
1977 1774 2027 1819 in
2050 1774 2335 1821 bibliotheca
2357 1775 2518 1822 adhuc

244 1866 352 1896 mea
386 1849 618 1897 historiae
652 1866 821 1897 sacrae
858 1851 1004 1898 libros
1038 1851 1185 1902 duos,
1219 1852 1771 1916 constantinopolitanae
1806 1868 1982 1903 unum,
2019 1869 2134 1915 quos
2172 1869 2331 1899 omnes
2364 1853 2516 1899 otium

244 1926 404 1973 maius
435 1939 628 1978 nactus,
659 1926 925 1989 aliquando
951 1927 1141 1992 publici
1171 1945 1355 1991 quoque
1388 1928 1510 1975 iuris
1529 1928 1729 1991 faciam
1763 1928 1940 1974 volente
1969 1929 2086 1974 Deo.

370 2005 694 2067 Paraphrasim
722 2005 850 2051 illius
883 2005 932 2050 in
965 2006 1185 2068 physicos
1221 2007 1483 2053 Aristotelis
1517 2006 1667 2052 libros
1698 2006 1840 2052 latine
1875 2007 2016 2052 vertit
2050 2007 2301 2053 Gentianus
2336 2009 2516 2054 Herve-

244 2090 347 2137 tus,
374 2091 422 2129 et
452 2097 620 2129 excusa
651 2090 721 2128 est
754 2082 897 2129 latine
929 2083 1135 2137 Parisiis,
1163 2092 1210 2130 et
1243 2084 1448 2131 Basileae
1479 2085 1529 2130 in
1562 2085 1610 2129 4.
1640 2099 1763 2130 anno
1797 2084 1940 2129 1550.

371 2159 591 2206 Eiusdem
621 2171 811 2205 centum
840 2171 887 2205 et
912 2159 1089 2223 viginti
1111 2161 1278 2224 capita
1308 2160 1642 2226 philosophica
1665 2172 1711 2206 et
1742 2159 1973 2206 historica
1998 2177 2238 2224 superesse
2263 2163 2312 2208 in
2342 2161 2515 2209 biblio-

240 2237 374 2284 theca
412 2251 532 2298 quae
564 2244 634 2283 est
668 2238 902 2298 Augustae
934 2237 1312 2296 Vindelicorum3
1349 2238 1439 2285 alia
1472 2253 1662 2300 quoque
1698 2253 1844 2300 eaque
1877 2236 2212 2302 philosophica
2245 2239 2513 2286 delitescere

239 2303 291 2361 in
311 2313 608 2360 bibliothecis
631 2315 927 2367 Germaniae,
954 2315 1097 2361 tradit
1117 2317 1306 2364 Vossius
1329 2316 1389 2362 de
1415 2316 1648 2363 historicis
1678 2317 1856 2378 graecis
1888 2315 1972 2363 lib.
2002 2318 2060 2362 Π.
2087 2332 2189 2379 cap.
2218 2318 2299 2363 28.
2325 2318 2513 2379 Legitur

240 2399 476 2454 praeterea
509 2391 559 2436 in
591 2390 877 2438 bibliotheca
908 2390 1123 2438 bavarica
1160 2392 1268 2439 cod.
1309 2394 1416 2439 140.
1457 2391 1688 2439 Theodori
1718 2391 2002 2439 Metochitae
2034 2393 2209 2457 magni
2242 2393 2512 2454 logothetae

232 2467 465 2531 physica,
505 2466 625 2513 idest
655 2467 992 2514 commentarii
1019 2468 1069 2514 in
1103 2468 1249 2516 libros
1282 2469 1551 2516 Aristotelis
1588 2470 1645 2515 de
1672 2468 1872 2533 physico
1908 2469 2106 2521 auditu,
2138 2470 2195 2515 de
2229 2470 2422 2520 anima,
2453 2471 2511 2516 de

238 2545 389 2594 caelo,
426 2543 484 2589 de
514 2555 624 2589 orta
655 2556 699 2589 et
734 2544 954 2596 interita,
989 2557 1144 2591 tomus
1172 2546 1379 2609 primus.
1417 2547 1532 2594 cod.
1566 2549 1674 2595 142.
1718 2545 1949 2593 Theodori
1979 2546 2262 2594 Metochitae
2291 2546 2510 2611 physices

240 2633 394 2666 tomus
423 2619 678 2671 secundus,
710 2621 1019 2684 complectens
1043 2623 1410 2669 commentarios
1435 2623 1486 2669 in
1513 2622 1708 2669 tertium
1738 2623 1796 2669 de
1821 2623 2011 2675 anima,
2043 2623 2093 2669 in
2113 2639 2270 2687 parva
2304 2636 2509 2670 natura—

238 2697 331 2747 lia,
362 2696 412 2742 in
441 2696 586 2742 libros
613 2696 671 2741 de
696 2696 902 2748 incessu,
925 2698 1152 2760 partibus
1173 2711 1218 2744 et
1241 2700 1548 2763 generatione
1573 2700 1886 2751 animalium,
1919 2700 1968 2746 in
1993 2712 2226 2751 meteora,
2256 2701 2306 2746 in
2332 2700 2507 2747 librum

238 2774 297 2819 de
328 2790 466 2820 sensu
501 2785 547 2818 et
581 2772 811 2819 sensibili.
849 2775 904 2819 Et
939 2775 1045 2821 cod.
1080 2777 1188 2821 141.
1231 2762 1462 2823 Theodori
1493 2776 1778 2823 Metochitae
1813 2776 1985 2840 ma‘gni
2011 2777 2281 2841 logothetae
2307 2778 2364 2823 de
2391 2776 2508 2840 phi-

237 2848 444 2914 losophis
468 2861 514 2895 et
535 2848 845 2913 philosophia
870 2851 1035 2914 capita
1063 2853 1191 2899 CXX.
1228 2854 1283 2898 Et
1310 2853 1416 2899 cod.
1450 2856 1559 2900 160.
1599 2852 1830 2900 Theodori
1850 2852 2134 2900 Metochitae
2158 2854 2505 2900 astronomicae

239 2926 607 2974 introductionis
639 2926 857 2989 epitome.
895 2928 1138 2974 Gesnerus.
1177 2929 1460 2976 Metochitae
1490 2929 1694 2994 physica
1726 2946 1926 2994 graeca,
1961 2930 2056 2977 sive
2088 2930 2424 2976 commentarii
2452 2930 2503 2976 in

235 2999 503 3051 Aristotelis
538 3003 683 3049 libros
715 3003 774 3048 de
807 3004 1159 3050 auscultatione
1197 3005 1439 3056 naturali,
1471 3023 1617 3069 usque
1648 3007 1716 3052 ad
1745 3006 1920 3052 librum
1954 3007 2013 3052 de
2040 3007 2292 3057 memoria,
2324 3006 2375 3051 in
2409 3023 2503 3052 uno

235 3080 495 3130 volumine,
529 3095 561 3125 a
597 3079 718 3126 libro
757 3079 816 3125 de
850 3081 1083 3127 memoria
1122 3098 1269 3144 usque
1306 3083 1376 3128 ad
1407 3082 1584 3129 librum
1618 3083 1676 3128 de
1716 3099 1877 3134 sensu,
1918 3083 1968 3128 in
2004 3082 2287 3129 bibliotheca
2323 3082 2503 3128 Didaci

235 3157 458 3204 Hurtadi
488 3157 705 3204 Caesaris
728 3157 937 3204 oratoris
961 3158 1096 3221 apud
1121 3160 1329 3206 Venetos.
1369 3161 1624 3206 Gnomicae
1646 3159 1914 3211 semeioses,
1943 3160 2399 3206 t'destsententt'osae
2419 3160 2502 3206 ob-

237 3236 541 3282 servationes.
580 3235 784 3283 Ibidem.
821 3235 1051 3281 Eiusdem
1081 3236 1450 3289 mathematica,
1479 3249 1525 3283 et
1558 3237 1892 3284 commentarii
1925 3237 1975 3284 in
2008 3253 2240 3302 magnam
2273 3238 2501 3301 composi-

236 3311 428 3358 tionem.
453 3312 668 3363 Ibidem.
705 3312 934 3358 Eiusdem
951 3312 1317 3377 paraphrasis
1298 3332 1347 3361 in
1370 3326 1579 3378 quatuor
1602 3315 1748 3362 libros
1774 3314 2040 3361 Aristotelis
2065 3314 2122 3360 de
2138 3314 2365 3378 partibus
2390 3315 2500 3360 ani-

234 3388 437 3435 maltum
475 3389 687 3436 nondum
725 3404 923 3436 excusa.
965 3387 1196 3436 Theodori
1228 3390 1513 3438 Metochitae
1540 3390 1864 3487 paraphrasis
1901 3391 2234 3455 quadraginta
2268 3391 2499 3438 librorum

233 3465 499 3512 Aristotelis
527 3466 883 3530 manuscripta,
914 3466 965 3512 in
993 3467 1162 3513 Italia.

362 3543 553 3606 Scripsit
585 3544 694 3590 item
729 3543 949 3606 epistolas
989 3543 1046 3588 ad
1087 3543 1314 3592 diversos.
1351 3544 1580 3592 Extabant
1617 3546 1666 3592 in
1701 3543 1985 3593 bibliotheca
2021 3547 2210 3594 Antonii
2251 3547 2496 3609 Augustini

232 3617 339 3664 cod.
367 3621 416 3666 9.
452 3635 558 3682 pag.
592 3621 671 3666 69.
709 3621 778 3667 De
812 3619 1019 3684 epistolis
1051 3620 1110 3667 ad
1146 3636 1194 3668 se
1229 3622 1429 3707 scriptis,
1442 3623 1670 3685 Gregoras
1704 3617 2210 3670 1ἰ1).ν1Π.Δείκνυσι
2246 3612 2300 3668 δὲ
2337 3637 2492 3669 τουτο
2556 3679 2560 3687 Ι

234 3682 539 3782 σαφέστερον
578 3683 627 3741 ἔν
661 3708 712 3740 τε
747 3687 866 3749 ταῖς
900 3686 1025 3760 πρὸς
1063 3686 1147 3758 ἐμὲ
1184 3685 1370 3742 τούτου
1408 3688 1741 3752 ἐπιστολαῖς,
1781 3686 1830 3744 ἕν
1866 3712 1917 3744 τε
1952 3691 2064 3753 τοῖς
2100 3687 2296 3754 ἔπεσιν,
2334 3688 2368 3745 οἳ
2399 3713 2493 3745 ιτσε-

232 3764 428 3818 ποιήκεν
467 3759 669 3837 ὕστερον
708 3762 754 3819 ἐν
787 3764 852 3834 τῇ
887 3764 1067 3838 ἔξορίᾳ
1102 3764 1279 3819 αὖα-ου.
1314 3775 1420 3821 Hoc
1453 3791 1558 3822 vero
1597 3775 1777 3822 clarius
1813 3777 2015 3823 ostendit
2051 3794 2157 3824 cum
2196 3777 2247 3824 in
2280 3778 2491 3843 epistolis

230 3845 301 3892 ad
326 3862 401 3892 me
427 3847 640 3912 scriptis,
672 3861 772 3897 tum
805 3867 856 3896 ιη
889 3850 1206 3903 carminibus
1235 3867 1358 3914 quae
1384 3863 1553 3915 postea
1582 3852 1750 3916 patria
1784 3854 2134 3901 exterminatus
2168 3854 2388 3917 eonseczsst
