2970 4420
1227 198 1247 218 G

1203 276 1258 306 m:
1291 275 1557 310 Tin-:onoma
2425 268 2512 323 ¹15

245 378 341 409 non
364 360 518 408 video.
561 359 642 406 Uti
671 359 928 423 Gregorius
956 358 1353 423 thaumaturgus.
1393 363 1497 408 Hoc
1523 375 1693 424 purum
1724 369 1893 422 putu-m
1923 361 2218 408 mendacium
2252 373 2336 411 cst.
2368 357 2537 412 Verba'

244 438 581 499 Thaumaturgi
605 452 701 484 non
726 436 854 483 aliud
876 452 1018 498 quam
1049 436 1192 485 verba
1219 439 1385 485 Christi
1415 447 1609 491 sonant,
1638 438 1862 500 Spiritum
1887 446 2095 484 sanctum
2122 454 2178 485 ex
2202 441 2299 486 Deo
2326 444 2523 489 existen-

249 517 360 561 tiam
392 513 590 567 habere,
619 529 677 560 ex
709 515 843 560 Patre
877 515 1049 561 scilicet
1084 515 1356 577 procedere.
1395 517 1458 561 Ex
1486 517 1559 562 his
1593 524 1643 562 tu
1676 514 1857 576 colligis
1886 515 2281 578 Thaumaturgum
2319 526 2362 563 et
2382 520 2526 565 Chr-1-

251 601 374 638 stum
399 593 553 654 ipsum
576 591 853 644 decernere,
883 592 1105 653 Spiritum
1132 600 1342 638 sanctum
1370 607 1426 638 ex
1457 593 1560 639 solo
1584 594 1716 638 Patre
1744 592 2017 654 procedere.
2053 592 2205 638 Stulto
2228 609 2316 655 ego
2342 596 2526 641 stultior

252 669 412 721 fuero,
441 669 479 714 si
514 661 584 713 his
614 667 994 714 conclusionibus
1029 669 1285 716 crederem.
1323 668 1470 720 Audi,
1503 670 1567 715 mi
1604 669 1766 715 homo.
1803 670 1869 714 Ex
1899 670 2029 715 Patre
2062 670 2275 730 procedit
2305 672 2523 732 Spiritus:

248 760 362 807 ergo
388 761 445 791 ex
471 745 575 791 solo
600 746 757 803 Patre3
786 743 952 791 falsum
983 746 1031 791 id
1060 754 1144 792 est.
1183 748 1337 809 Potes-t
1363 746 1595 807 siquidem
1618 746 1747 807 quod
1774 739 1985 808 procedit¹
2009 762 2062 792 ex
2092 748 2249 798 Patre,
2279 757 2323 793 et
2352 763 2407 793 ex
2434 748 2526 794 alio

250 837 440 884 quoque
474 820 746 884 procedere.
785 823 841 868 Et
876 838 931 868 ex
967 822 1087 868 Filio
1119 822 1373 885 procedere
1406 824 1498 868 iam
1534 823 1659 885 apud
1693 822 1947 869 catholicos
1974 839 2161 877 omnes,
2191 832 2235 869 et
2271 825 2526 886 scripturae

250 907 294 945 et
329 906 597 945 sanctorum
638 906 826 960 patrum
862 900 1137 946 testimoniis
1170 899 1517 946 constabilitum
1554 909 1639 946 est.
1677 901 1837 962 Aeque
1876 901 2015 946 etiam
2047 901 2138 946 hoc
2169 916 2354 948 mecum
2389 903 2521 948 scias.

249 977 374 1022 Licet
408 976 644 1029 Christus,
674 975 935 1038 reliquique
968 991 1132 1023 omnes
1156 985 1309 1039 patres
1339 976 1587 1030 dixissent,
1616 993 1672 1023 ex
1697 977 1800 1023 solo
1823 979 1956 1023 Patre
1988 978 2210 1040 Spiritum
2243 979 2521 1040 procedere,

248 1051 404 1098 adhuc
436 1052 606 1098 Filium
640 1067 735 1098 non
769 1052 954 1099 excludi
985 1051 1045 1099 ab
1078 1054 1164 1099 ista
1191 1054 1509 1115 processione,
1536 1054 1667 1115 quod
1694 1053 1961 1101 clarissimis
1989 1055 2214 1117 exemplis
2245 1054 2527 1117 comproba-

250 1138 326 1175 tur
358 1145 384 1176 a
416 1130 588 1175 Basilio
624 1145 819 1192 magno,
847 1138 892 1176 et
922 1130 1022 1176 fuse
1049 1131 1298 1193 exponitur
1333 1146 1358 1176 a
1394 1130 1600 1176 Iohanne
1633 1133 1783 1178 Vecco
1818 1132 2078 1194 patriarcha
2109 1132 2527 1193 constantinopoli-

249 1213 360 1253 tano
392 1206 451 1253 de
482 1208 781 1268 processione
814 1208 1011 1269 Spiritus
1043 1208 1186 1253 sancti
1220 1222 1320 1270 cap.
1355 1210 1442 1258 12,
1475 1217 1522 1253 et
1556 1223 1580 1253 a
1610 1209 1746 1254 Petro
1776 1211 1997 1271 episcopo
2032 1209 2369 1255 mediolanensi
2402 1217 2521 1254 orat.

250 1283 314 1336 ad,
344 1284 559 1330 Alexium
593 1285 906 1337 Comnenum,
935 1284 1129 1345 aliisque
1161 1284 1538 1347 quamplurimis.
1573 1285 1709 1331 Adde
1747 1295 1990 1348 praeterea
2022 1287 2070 1332 in
2095 1287 2266 1332 divinis
2299 1302 2525 1348 apparere

241 1376 335 1423 per
355 1361 556 1412 Filium,
586 1361 700 1407 nihil
727 1361 854 1407 aliud
882 1369 1071 1413 notare,
1099 1377 1241 1423 quam
1267 1362 1582 1427 existentiam:
1611 1371 1657 1408 et
1686 1359 1791 1408 'fuse
1819 1372 2005 1425 patrum
2031 1365 2302 1410 testimoniis
2333 1363 2381 1409 id
2414 1379 2527 1425 pro-

251 1436 330 1483 bat
354 1438 648 1500 Nicephorus
670 1436 943 1498 Blemmyda
968 1446 1088 1484 orat.
1117 1439 1154 1483 l.
1183 1438 1243 1484 de
1271 1439 1569 1500 processione
1598 1439 1793 1500 Spiritus
1818 1441 1989 1486 sancti:
2015 1456 2100 1487 nec
2125 1448 2303 1487 tantum
2337 1453 2526 1502 proces-

250 1515 393 1560 sionis
427 1529 597 1560 nomen
616 1549 628 1567 ,
656 1514 737 1560 sed
760 1523 807 1560 et
836 1515 949 1560 alias
976 1515 1201 1561 dictiones
1235 1516 1523 1576 apertissime
1550 1524 1595 1561 et
1628 1517 1726 1561 sine
1752 1516 1853 1563 ullo
1884 1518 2114 1564 velamine
2147 1519 2207 1565 de
2243 1520 2340 1580 ipsa
2372 1532 2526 1562 essen-

252 1591 349 1636 tiali
382 1592 580 1653 Spiritus
615 1592 855 1638 existentia
891 1592 1046 1645 sumi,
1083 1592 1314 1638 lohannes
1348 1594 1522 1638 Veccus
1555 1601 1676 1638 orat.
1711 1593 1771 1638 de
1804 1595 1978 1639 unione
2017 1595 2333 1641 ecclesiarum.
2369 1595 2426 1641 Et
2466 1609 2524 1638 ne

251 1668 409 1729 iniqua
434 1669 513 1715 lite
538 1677 721 1731 tempus
746 1678 972 1731 teramus,
999 1669 1075 1715 adi
1098 1670 1315 1716 Basilium
1339 1685 1560 1731 magnum
1582 1672 1717 1734 epist.
1749 1670 1892 1733 (236)
1917 1672 1976 1717 ad
1998 1673 2381 1735 Amphilochium
2404 1686 2523 1732 quae

251 1746 439 1808 incipit:
480 1735 780 1808 ἐζητημένον
808 1733 902 1792 ἤδη
931 1735 1068 1810 παρὰ
1102 1736 1343 1798 πολλοῖς.
1379 1747 1557 1794 Fucum
1590 1748 1746 1809 itaque
1780 1747 1885 1794 facit
1919 1750 2013 1795 suis
2044 1751 2228 1796 Graecis
2263 1749 2522 1813 patriarcha

251 1823 719 1884 hierosolymitanus,
754 1840 860 1870 cum
893 1839 948 1870 ex
983 1823 1108 1870 hisce
1137 1825 1469 1886 Thaumaturgi
1504 1825 1688 1879 verbis,
1722 1842 1842 1887 quae
1875 1827 1942 1871 illi
1978 1828 2207 1874 lohannes
2241 1833 2523 1892 evangelista

249 1900 635 1963 communicavit,
662 1915 792 1946 suam
828 1901 971 1947 astrui
1007 1901 1067 1947 de
1093 1896 1391 1963 processione
1425 1903 1623 1964 Spiritus
1650 1918 1703 1948 ex
1729 1903 1832 1949 solo
1867 1905 1999 1964 Patre
2026 1906 2300 1951 sententiam
2332 1918 2524 1956 conten-

248 1976 344 2028 dit,
378 1985 425 2023 et
458 1977 795 2024 sincerissimae
830 1993 883 2024 ac
914 1978 1270 2025 candidissimae
1303 1978 1412 2026 fidei
1451 1980 1730 2041 professioni
1767 1980 1939 2034 vulnus
1971 1983 2188 2044 impingit
2222 1985 2521 2034 inhonestum

249 2061 389 2114 atque
422 2053 742 2109 intolerabile,
770 2054 899 2116 quod
935 2070 1028 2101 non
1062 2056 1268 2102 indicare
1302 2057 1465 2103 lectori
1497 2073 1583 2119 per
1619 2066 1939 2111 transennam,
1968 2059 2205 2121 piaculum
2239 2061 2368 2108 duxi.

377 2131 535 2176 LXlll.
572 2130 874 2178 Theodorum
901 2130 1169 2192 byzantium
1199 2134 1447 2180 coriarium
1464 2169 1476 2187 ,
1504 2135 1679 2180 multae
1705 2135 1981 2181 eruditionis
2005 2145 2050 2181 et
2076 2136 2316 2184 doctrinae
2340 2141 2519 2192 virum,

249 2207 457 2269 plurium
491 2208 748 2255 haereseon
773 2218 1011 2256 auctorem
1045 2219 1091 2256 et
1125 2211 1357 2258 fautorem
1382 2212 1648 2266 damnavit,
1674 2221 1719 2258 et
1747 2211 1806 2258 ab
1833 2213 2024 2260 ecclesia
2060 2217 2333 2278 proscripsit
2367 2219 2525 2265 Victor

173 2294 177 2307 ·'
248 2285 458 2347 pontifex
498 2301 736 2332 romanus.
763 2288 870 2333 Etsi
910 2287 1169 2349 synodicon
1212 2288 1271 2334 ad
1306 2289 1643 2351 Telesphorum
1686 2305 1855 2352 papam
1896 2291 1945 2337 id
1982 2291 2168 2339 referat.
2205 2294 2523 2342 Theodoretus

248 2361 333 2408 lib.
364 2364 422 2407 ll.
453 2364 499 2409 5.
529 2363 589 2410 de
620 2365 756 2424 nugis
789 2373 835 2411 et
867 2356 1037 2411 fabulis
1065 2364 1408 2412 haereticorum
1442 2366 1739 2412 Theodotum
1771 2375 1923 2413 vocat.
1962 2357 2069 2411 Καῖ
2106 2358 2364 2422 Θεόδοτος
2403 2359 2455 2415 δὲ
2496 2364 2522 2415 ὁ

250 2425 515 2502 βυζοίνΎιος
547 2430 570 2482 ὁ
610 2429 812 2492 σκυὙεῦς
845 2431 1005 2486 ταυὟοὶ
1038 2432 1112 2504 τῷ
1139 2430 1404 2504 ἈρὙέμονι
1442 2432 1791 2504 πεφρονκκώς,
1814 2433 1999 2508 ,ἑτέρας
2034 2435 2258 2509 ἦγνίσαΤο
2293 2440 2521 2513 φαὟριάς·
2585 2431 2590 2434 ,

250 2506 433 2567 τοῦτον
471 2504 524 2559 δὲ
564 2506 589 2559 0‘
626 2506 1005 2580 τρισμακάριος
1039 2511 1228 2582 Bina-⁶214>
1257 2510 1291 2562 ὁ
1329 2509 1418 2570 ‘rig
1448 2510 1716 2581 Ῥωμαίων
1754 2507 2037 2574 ἐπίσκοπος
2070 2513 2422 2587 ἀπεκήρυξεν,
2457 2518 2523 2578 ὠς

249 2580 630 2655 παραχαράξαι
666 2583 1001 2656 «velpa-Sirra
1034 2586 1120 2646 τῆς
1157 2586 1431 2647 ἐκκλησίας
1465 2586 1531 2640 τὰ
1570 2584 1817 2659 δόγματα
1867 2587 2000 2642 κατὰ
2033 2589 2121 2650 τῆς
2156 2591 2346 2644 τούτων
2383 2593 2521 2665 αἶρέ·

251 2679 375 2719 σεως
411 2660 434 2710 ὁ
475 2656 684 2733 σμικρὸς
726 2659 1022 2733 συνεγράφκ
1059 2659 1429 2734 Λαβύρινθος,
1466 2659 1520 2716 ὅν
1554 2686 1685 2725 τινες
1720 2664 2029 2738 Ὠριγένους
2073 2666 2519 2738 ὑπολαμβάνουσι

249 2740 460 2804 ποίημα·
498 2736 631 2789 ἀλλ’·
660 2736 684 2788 ὃ
723 2736 988 2811 χαρακτὴρ
1021 2737 1241 2812 ἐλέγχει
1267 2737 1396 2801 Δ·ϊοι)ς
1431 2738 1705 2813 λέγοντας.
1742 2750 1806 2796 Et
1833 2750 2094 2798 Theodotus
2124 2771 2308 2817 quoque
2342 2757 2523 2818 byzan-

247 2821 346 2866 tius
374 2821 612 2868 coriarius
639 2822 806 2868 eadem
831 2835 975 2885 atque
999 2826 1190 2870 Artemo
1216 2825 1450 2876 sentiens,
1477 2826 1679 2872 alterius
1705 2839 1860 2885 sectae
1888 2828 1993 2873 dux
2019 2829 2139 2888 suit.
2175 2832 2318 2876 Hune
2346 2832 2521 2879 beatis-

247 2897 398 2944 simus
434 2898 591 2944 Victor
625 2915 856 2945 romanae
890 2900 1022 2947 urbis
1054 2900 1299 2965 episcopus
1335 2902 1691 2953 condemnavit,
1727 2915 1978 2966 tamquam
2018 2921 2124 2951 eum
2163 2907 2251 2969 qui
2286 2907 2519 2970 dogmata

246 2974 566 3021 ecelesiastica
591 2975 870 3022 adulterare
897 2989 1168 3023 conaretur.
1201 2979 1376 3025 Contra
1401 2977 1572 3024 horum
1596 2978 1831 3025 haeresim
1856 2997 2035 3044 parcus
2059 2982 2386 3046 Labyrinthus
2410 3003 2523 3032 eon-

245 3053 450 3116 scriptus
471 3053 606 3114 suit,
642 3070 781 3116 quem
814 3054 1037 3101 nonnulli
1073 3054 1297 3118 Origenis
1328 3072 1425 3101 esse
1454 3072 1571 3118 opus
1599 3056 1901 3103 existimant.
1947 3060 2277 3106 Verumtamen
2309 3061 2363 3106 id
2391 3079 2519 3108 asse-

248 3142 403 3176 rentes
442 3130 696 3178 character
732 3131 863 3178 illius
902 3149 984 3178 seu
1006 3132 1180 3194 forma
1216 3133 1412 3179 dicendi
1442 3133 1636 3194 refellit.
1674 3135 1790 3180 Vide
1828 3136 2004 3196 reliqua
2040 3138 2165 3199 apud
2203 3138 2435 3193 eundem,
2473 3150 2518 3186 et

248 3207 374 3269 apud
408 3208 722 3269 Epiphanium
756 3207 840 3254 lib.
871 3210 931 3255 lt.
959 3218 1122 3256 contra
1156 3210 1395 3262 haereses,
1424 3211 1650 3257 adversus
1678 3211 2037 3259 Ttoeodotianos.

376 3285 533 3330 thv.
570 3285 844 3332 Theodorus
866 3287 1141 3340 Heracleae,
1169 3288 1265 3333 sive
1292 3289 1519 3340 Perinthi,
1543 3290 1592 3334 in
1615 3288 1829 3342 Thracia,
1857 3305 2059 3350 namque
2082 3291 2240 3338 civitas
2266 3291 2519 3340 binominis

248 3368 341 3414 est,
368 3362 632 3423 episcopus.
669 3363 790 3408 Hinc
818 3363 956 3423 etiam
986 3363 1310 3418 Heracleotes,
1338 3372 1384 3411 et
1411 3365 1674 3411 Pet-inthius
1702 3364 1878 3417 dictus,
1906 3367 1954 3411 in
1983 3367 2168 3427 synodo
2193 3370 2384 3416 nicaena
2410 3387 2521 3417 cum

247 3436 407 3483 multis
439 3437 542 3484 aliis
577 3437 801 3485 adversus
834 3439 1088 3502 apostolica
1112 3439 1332 3502 dogmata
1362 3456 1595 3503 pugnans,
1624 3442 1722 3487 Arii
1755 3443 2031 3488 sententiam
2063 3443 2265 3491 subdole
2297 3445 2515 3493 tuebatur

249 3512 488 3575 (Gelasius
523 3515 763 3576 cyzicenus
796 3517 845 3563 in
878 3517 989 3562 actis
1021 3517 1207 3563 concilii
1242 3518 1430 3566 Nicaeni
1463 3517 1548 3564 lib.
1577 3519 1636 3564 11.
1666 3533 1767 3581 cap.
1797 3518 1883 3580 7.)
1916 3520 2220 3570 Postmodum
2247 3523 2297 3568 in
2331 3524 2517 3584 synodo

249 3591 524 3639 antiochena
559 3607 666 3639 cum
702 3593 894 3656 reliquis
930 3595 1112 3640 Arianis
1152 3594 1374 3641 adversus
1409 3595 1646 3642 nicaenam
1683 3595 1917 3656 synodum
1953 3600 2201 3645 consensit.
2243 3600 2449 3646 Tandem
2490 3619 2514 3648 a

249 3667 487 3715 catholicis
520 3670 569 3716 in
598 3670 872 3724 sardicensi,
902 3672 1172 3733 episcopatu
1204 3679 1384 3725 motus,
1418 3679 1654 3733 tamquam
1688 3672 1768 3734 qui
1802 3688 1908 3720 cum
1936 3675 2037 3721 aliis
2071 3675 2221 3722 filium
2256 3678 2338 3725 Dei
2372 3692 2396 3722 a
2434 3694 2512 3739 pa-

250 3750 379 3790 terna
403 3743 658 3793 substantia
681 3756 940 3809 separaret,
968 3749 1289 3810 reciperetque
1317 3763 1397 3794 eos
1420 3749 1499 3809 qui
1528 3756 1723 3810 propter
1748 3749 1951 3797 arianam
1977 3752 2203 3799 haeresim
2232 3755 2388 3800 reiecti
2417 3754 2517 3800 sue-

250 3826 382 3873 rant,
417 3829 463 3866 et
494 3821 552 3867 ad
588 3822 865 3885 ampliorem
898 3822 1142 3872 ministerii
1177 3824 1322 3870 dixini
1355 3824 1626 3887 dignitatem
1667 3825 1906 3880 eveheret,
1942 3829 2282 3876 condemnatus
2316 3838 2402 3876 est.
2440 3830 2519 3875 Vir
