2970 4420
1141 319 1220 351 SUB
1252 317 1476 351 nuncuo
1504 317 1601 349 mr.

240 398 298 432 tea
320 393 473 432 velutin
498 393 631 431 umbra
655 392 848 442 figuraque
866 393 1008 441 priscae
1026 394 1261 432 Hierusalem
1278 393 1349 433 de·-

241 453 431 502 scripsisse
448 452 624 490 hodierna
643 451 830 501 prodigia:
850 463 898 490 ne
921 454 1072 499 timeas,
1092 451 1221 490 dicens
1238 463 1342 491 nuuc

241 512 352 550 etiam
377 511 510 550 semini
537 510 690 548 Davidis
717 510 817 559 apud
841 522 910 549 nos
939 512 1153 560 regnantis,
1180 506 1341 550 duorum

241 571 374 610 horum
399 571 574 608 titionum
600 570 774 609 adversus
803 577 863 616 te,
896 573 1121 621 urbemque,
1154 577 1192 609 et
1223 581 1342 619 popu-

238 629 320 668 lum
352 640 476 668 meum
501 630 800 678 fumigantium,
832 633 1063 670 coniuratam
1100 631 1342 669 insurrectio·

239 699 339 727 nem.
365 690 521 727 Prorsus
549 690 637 727 baec
662 691 713 727 ita
739 701 778 727 se
806 690 1036 737 habuerunt,
1063 691 1188 739 qualia
1214 689 1342 728 divum

239 750 386 788 Esaiam
415 755 607 798 tamquam
632 751 670 787 in
696 751 828 788 umbra
855 756 893 788 et
921 751 1065 799 figura,
1091 750 1138 788 de
1162 750 1340 788 Hierusa-

240 808 313 847 lem
337 815 375 846 et
406 809 534 846 Arhaz
569 809 729 847 duarum
766 810 931 848 tribuum
965 817 1056 848 tunc
1085 815 1341 857 regnatorem,

239 868 316 906 scio
334 867 585 916 descripsisse.
613 870 824 907 Oculariter
839 870 939 907 enim
958 874 1184 917 spectatores
1201 868 1344 905 fuimus

239 937 388 974 omnes,
405 927 504 976 quod
527 939 604 966 uno
627 930 702 966 ictu
728 929 924 967 amborum
946 929 1111 967 hostium
1129 928 1244 975 Virgo
1267 926 1348 964 dei-

239 997 327 1035 para
352 979 447 1024 vires
462 987 668 1035 superavit,
689 987 790 1026 baud
816 987 987 1036 equidem
1012 988 1139 1024 lancea
1154 1015 1165 1032 ,
1184 997 1341 1035 quomo-

238 1045 288 1083 do
310 1045 468 1084 Phinees
489 1047 720 1089 israhelitam
745 1058 822 1085 uua
846 1058 932 1085 cum
959 1046 1200 1084 madianitide
1225 1052 1344 1083 trans-

239 1104 340 1151 fixit,
365 1105 431 1142 sed
453 1105 562 1143 verbo
589 1105 852 1144 tantummodo
872 1117 916 1143 ac
936 1106 1125 1143 voluntate
1142 1111 1344 1152 utrumque

237 1164 354 1203 simul
377 1165 535 1212 ipsamet
563 1171 734 1202 sternens
760 1171 873 1213 atque
902 1165 1110 1212 expellens:
1139 1175 1214 1201 non
1241 1164 1344 1201 enim

238 1223 479 1262 occidentalis
506 1230 654 1262 tantum
683 1235 769 1262 cum
802 1224 1007 1272 ignominia
1035 1222 1185 1265 recessit
1213 1227 1343 1270 tyran-

237 1295 334 1331 nus,
352 1284 417 1323 sed
441 1285 552 1322 etiam
573 1295 676 1332 persa
701 1295 790 1322 cum
815 1283 954 1332 pudore
977 1293 1016 1321 se
1032 1282 1231 1337 subduxit3
1254 1283 1344 1320 baec

238 1355 366 1382 seeum
392 1350 436 1382 ut
465 1343 642 1382 credibile
669 1349 726 1381 est
748 1344 997 1380 ratiocinans:
1030 1343 1061 1379 si
1094 1348 1222 1390 gentes
1251 1341 1344 1378 adeo

238 1402 400 1447 validae,
432 1409 470 1440 et
499 1410 632 1440 arenae
661 1413 818 1440 numero
848 1412 982 1450 pares,
1013 1401 1118 1439 urbis
1148 1401 1345 1439 moenibus

237 1468 295 1500 tot
323 1462 403 1500 dies
437 1461 670 1508 adsidentes,
701 1468 738 1499 et
768 1463 911 1499 marino
945 1461 1054 1498 litore
1086 1462 1167 1498 sine
1201 1460 1344 1508 proelio

238 1522 399 1570 potitae,
436 1522 532 1559 nihil
570 1532 679 1570 agere
708 1521 884 1559 adversus
920 1522 1016 1558 banc
1050 1520 1182 1558 urbem
1215 1525 1344 1567 potue-

237 1587 345 1627 runt,
370 1581 437 1620 sed
460 1582 572 1620 etiam
599 1583 665 1619 tali
695 1582 772 1620 fato
800 1582 1043 1626 interierunt,
1076 1593 1144 1619 cur
1175 1582 1248 1619 iam
1275 1592 1345 1628 ego

237 1641 375 1679 frustra
400 1642 498 1678 circa
529 1652 631 1679 mare
655 1636 853 1679 stationem
883 1634 1060 1685 habeam,
1086 1651 1218 1678 vanam
1249 1640 1344 1678 mihi

237 1711 340 1748 spem
373 1700 620 1747 confingens?
655 1701 753 1738 Satis
789 1706 937 1738 constat
974 1699 1138 1737 divinam
1175 1699 1344 1748 aliquam

239 1761 312 1797 vim
338 1760 502 1797 humana
530 1761 708 1797 maiorem
737 1760 824 1812 huic
848 1760 932 1797 urbi
956 1760 1114 1797 tutelam
1141 1759 1338 1808 praebere,

239 1829 396 1866 eamque
421 1819 649 1856 incolumem
677 1829 936 1863 conservasse,
962 1830 1031 1856 nec
1057 1819 1137 1856 fore
1164 1825 1207 1856 ut
1237 1814 1344 1868 quis-

238 1890 352 1927 quam
379 1878 498 1916 eidem
530 1889 665 1916 nocere
690 1885 814 1927 queat.
842 1881 944 1916 Haec
971 1891 1098 1917 secum
1127 1880 1344 1928 loquentem

239 1944 277 1976 et
306 1938 507 1976 ‘mirantem
543 1938 720 1976 credibile
750 1944 807 1976 est
839 1940 1038 1984 scelestum
1078 1940 1185 1976 illum
1219 1949 1360 1976 moes·-

237 1998 342 2035 sisse.
369 1999 464 2035 Nam
491 1998 659 2036 barbaris
685 2009 834 2047 quoque
861 2010 984 2037 rerum
1013 1999 1224 2047 desperatio
1255 2010 1344 2037 sua-

238 2055 303 2094 det
331 2057 402 2094 Dei
434 2057 758 2104 inexpugnabilem
789 2068 872 2095 esse
897 2047 1114 2105 potentiam.
1148 2045 1208 2095 Si'c
1241 2060 1344 2096 enim

236 2116 410 2165 Aegyptii
437 2127 586 2165 quoque
610 2117 848 2165 cogitarunt,
875 2117 1040 2155 divinam
1074 2118 1115 2155 in
1151 2119 1244 2156 mari
1279 2130 1344 2156 ex·

239 2175 332 2222 perti
356 2176 581 2224 potentiam:
599 2175 809 2224 fugiamus,
832 2177 1000 2222 aiebant,
1017 2177 1228 2225 fugiamus;
1255 2178 1342 2227 quia

238 2234 339 2272 Deus
368 2240 496 2272 contra
528 2236 728 2283 Aegyptios
758 2246 826 2283 pro
847 2236 1016 2274 israhele
1043 2243 1210 2289 pugnat.>

307 2297 369 2330 25.
395 2295 629 2333 Praeclarum
650 2301 773 2333 autem
793 2302 1121 2345 opportunumque
1139 2297 1190 2334 sit
1206 2308 1228 2334 a
1247 2297 1345 2334 Deb-

238 2352 328 2390 bora
352 2360 479 2391 nostra
494 2382 505 2400 ,
530 2354 795 2403 triumphalem
826 2356 1007 2404 hymnum
1040 2356 1216 2394 adversus
1241 2357 1344 2394 Sisa-

240 2423 318 2449 ram
337 2405 438 2450 hunc
453 2420 628 2459 canente,
647 2408 725 2463 ipsa
744 2416 885 2463 priscae
900 2416 1095 2454 Debborae
1110 2417 1219 2454 verba
1236 2428 1344 2454 usur-

240 2472 333 2519 pari.
366 2473 575 2511 Debboram
608 2486 716 2521 porro
746 2467 1094 2524 nostram‘appello
1123 2470 1192 2514 Dei
1223 2477 1344 2514 eccle-

239 2532 356 2578 siam,
381 2544 476 2581 quae
501 2534 724 2573 hodiernum
751 2538 938 2582 Sisaram,
965 2538 1125 2575 sublatis
1149 2538 1196 2575 ad
1223 2540 1344 2576 Deum

240 2591 414 2629 manibus
431 2593 551 2630 iaculo
569 2595 732 2632 confixit.
750 2596 988 2642 Respiciebat
1002 2597 1104 2633 enim
1123 2597 1236 2634 huius
1253 2608 1345 2645 quo-

240 2662 314 2698 que
337 2651 481 2689 Sisarae
502 2659 621 2690 mater
637 2665 702 2701 per
720 2653 901 2692 fenestrae
915 2656 1112 2701 reticulos,
1133 2656 1252 2693 filium
1270 2657 1345 2694 exi-

240 2712 398 2749 stimans
432 2713 508 2749 iam
544 2712 664 2760 spolia
698 2713 873 2752 dividere.
915 2716 1024 2752 Dicat
1058 2716 1183 2764 itaque
1216 2723 1344 2754 nostra

241 2769 411 2808 Debbora
437 2782 575 2809 canens
595 2774 674 2810 Deo
699 2784 848 2810 carmen
867 2774 1108 2822 triumphale.
1139 2789 1156 2807 α
1182 2774 1343 2821 Audite,

243 2845 260 2861 ι
287 2839 412 2877 reges3
432 2831 658 2877 auscultate,
677 2837 862 2880 satrapae:
886 2831 1039 2870 domino
1057 2839 1250 2871 cantemus
1266 2836 1344 2871 Deo

244 2905 260 2919 ι·
289 2889 475 2926 israhelis.
496 2890 629 2937 Populi
648 2901 816 2937 proceres
833 2891 1042 2930 benedicite
1059 2894 1240 2930 Domino:
1257 2903 1344 2931 cum

244 2963 260 2979 ι
288 2954 401 2986 cantu
426 2948 585 2996 proferte
603 2960 748 2996 vocem,
767 2950 918 2988 initium
934 2951 1094 2989 canendi
1113 2951 1223 2989 facite
1248 2953 1347 2989 inter

245 3023 262 3039 n
289 3006 490 3052 laetantes,
517 3007 662 3046 dabunt
684 3009 864 3046 iustitiam
894 3010 1070 3047 Domino.
1098 3011 1258 3047 Domine
1284 3011 1345 3047 iu·
1370 3055 1373 3057 ¹
1416 3022 1436 3037 ’ν

245 3081 261 3097 ι
287 3065 411 3103 stitiae
433 3065 480 3104 da
507 3067 598 3104 vires
616 3067 791 3113 lsi-abeli,
812 3074 849 3105 et
872 3068 1030 3106 humilia
1054 3060 1142 3106 illos
1166 3062 1232 3116 qu'i
1257 3074 1346 3106 sunt

245 3141 262 3156 ι·
290 3125 429 3173 populo
445 3131 509 3165 tuo
533 3126 715 3164 fortiores.
737 3143 754 3160 u
776 3129 878 3165 Haec
894 3127 987 3165 dicit
1002 3127 1174 3165 Debbora
1196 3133 1343 3172 nostra,

241 3185 311 3222 Dei
336 3185 489 3223 ecclesia
506 3215 516 3232 ‚
545 3192 582 3224 et
614 3187 779 3234 corporis
809 3187 1096 3225 mortificatione
1123 3193 1343 3236 tympanum

243 3242 384 3291 pulsat,
403 3245 576 3292 virginali
591 3246 734 3283 scilicet
748 3246 907 3294 puritate
926 3246 1166 3294 praecellens.
1188 3246 1292 3283 Sicut
1309 3252 1347 3283 et
1364 3243 1373 3251 ‘

242 3303 383 3352 Moysis
405 3303 492 3341 fecit
516 3315 640 3349 soror,
658 3310 850 3342 cantemus
870 3305 1032 3343 Domino
1051 3305 1250 3349 exclamet,
1268 3304 1346 3351 glo-

243 3362 339 3399 riose
370 3363 470 3400 enim
506 3363 735 3411 glorificatus
763 3370 830 3401 est.
857 3364 951 3411 Quia
983 3363 1118 3401 cecidit
1148 3363 1282 3409 Belus,
1309 3367 1355 3399 et'

245 3422 376 3468 Dagon
401 3421 614 3460 confractus
641 3428 718 3468 est,
745 3429 782 3460 et
805 3422 952 3461 confusi
981 3428 1071 3460 sunt
1099 3433 1229 3460 omnes
1253 3421 1344 3468 ado-

243 3486 367 3519 rantes
390 3482 599 3530 sculptilia3
626 3482 759 3531 puduit
785 3489 939 3521 cunctos
965 3484 1031 3532 qui
1055 3484 1095 3520 in
1122 3482 1236 3520 idolis
1263 3482 1344 3530 glo-

243 3540 448 3578 riabautur.
474 3543 551 3580 Nos
575 3553 659 3593 vero
687 3543 864 3591 populus,
891 3554 1003 3591 quem
1028 3554 1071 3580 ex
1095 3542 1210 3580 tantis
1236 3541 1346 3579 malis

246 3604 388 3645 praeter
403 3611 505 3648 spem
531 3602 668 3649 eripuit
684 3603 887 3648 Dominus3
904 3612 1090 3650 quemque
1108 3612 1150 3639 ex
1176 3605 1293 3639 morte
1309 3604 1347 3636 et

247 3667 374 3695 amaro
398 3658 636 3706 impendente
659 3662 807 3699 servitio
831 3661 974 3699 brachii
999 3662 1057 3699 sui
1086 3661 1218 3700 robore
1244 3661 1347 3700 rede·

249 3716 337 3761 mit,
363 3718 458 3765 grati
482 3725 628 3758 nosmet
651 3721 850 3769 probemus
874 3732 939 3768 per
962 3721 1059 3758 bona
1086 3731 1195 3769 opera
1222 3731 1345 3759 serva-

248 3776 332 3812 tori.
358 3778 485 3825 Neque
509 3780 609 3816 enim
633 3782 756 3818 omnis
779 3781 842 3828 qui
869 3780 961 3818 dicit
984 3780 1142 3819 Domine
1163 3781 1344 3827 Domine,

248 3836 311 3873 sed
337 3838 402 3884 qui
429 3837 657 3877 voluntatem
681 3841 834 3878 Domini
858 3841 967 3887 facit,
996 3841 1056 3878 hic
1079 3841 1203 3878 salvus
1227 3836 1310 3878 erit.

318 3899 376 3943 26.
407 3897 460 3934 Ne
476 3897 592 3944 igitur
605 3909 647 3936 ea
663 3899 924 3938 tantummodo
939 3899 1233 3946 consideremus,
1251 3910 1345 3948 quae

2404 303 2498 350 435

1411 397 1538 430 δεικται
1554 393 1670 440 σαφῦς
1685 388 1837 432 Ἡσαΐας
1854 390 1936 438 ἡμῖν
1957 390 1975 427 ὁ
1993 388 2168 433 θειότατος
2185 394 2446 442 προδιαγράψας
2465 395 2506 436 ὦς

1412 454 1444 490 ἓν
1467 457 1550 500 σκιᾷ
1567 454 1627 491 καὶ
1646 454 1737 500 τύπῳ
1753 454 1814 495 τῆς
1829 453 1938 489 πάλαι
1954 452 2196 502 Ἰερουσαλήμ,
2214 455 2258 490 τά
2272 458 2324 491 νῦν
2345 457 2509 505 γενόμενα
2547 463 2569 493 l.
2590 467 2634 492 68.
2654 462 2686 491 b.

1412 516 1586 565 θαύματα·
1612 517 1660 565 μή
1687 514 1868 564 φοβηθῇς,
1894 512 1993 551 simi*
2019 515 2077 551 καὶ
2106 517 2159 551 νῦν
2185 517 2229 562 τῷ
2256 518 2424 566 σπέρματι
2452 522 2511 555 τοῦ

1413 579 1523 615 Δαυὶδ
1548 581 1610 614 τοῦ
1633 577 1714 614 καθ’
1740 577 1832 625 ἡμᾶς
1865 575 2127 621 βασιλεύοντος,
2153 577 2212 616 τήν
2238 581 2298 612 τῶν
2324 580 2379 614 δύο
2407 583 2510 616 δαλῶν

1413 643 1473 682 ταῖν
1498 639 1747 689 καπνιζομίνων
1772 631 1894 676 τούτων
1919 639 2011 675 κατὰ
2036 640 2100 674 σοῦ
2127 639 2184 674 καὶ
2214 642 2274 681 τῆς
2299 640 2426 683 πόλεως
2452 645 2509 678 καὶ

1412 704 1500 738 λαοῦ
1522 716 1590 750 μου
1608 702 1790 750 ’σύμφωνον
1811 699 2054 737 ε’πανάστασιν·
2075 701 2132 735 καὶ
2155 702 2264 736 ταῦτα
2287 703 2349 749 μὲν
2371 702 2438 738 ὅσα
2459 706 2513 739 τὸν

1414 763 1506 800 θεῖον
1527 763 1675 800 Ἡσαΐαν
1701 764 1743 806 ὤς
1769 763 1803 799 ἓν
1828 765 1912 808 σκιᾷ
1930 763 1988 799 καὶ
2011 762 2101 808 τύπῳ
2124 761 2183 798 ἐπὶ
2205 764 2265 803 τῆς
2287 763 2514 812 Ἰερουσαλήμ

1414 826 1472 861 καὶ
1490 824 1610 874 Ἀχαζ
1630 827 1690 861 τοῦ
1710 830 1784 861 κατ’
1806 825 2030 871 ἐκεινοκαιροῦ
2054 826 2116 860 τῶν
2137 822 2196 860 δύο
2220 826 2329 870 φυλῶν
2355 824 2514 868 βασιλεύ-

1415 902 1555 932 σαντος,
1576 885 1656 923 οἶδα
1681 886 1998 936 προδιαγράψαντα·
2024 885 2193 922 αύτόπται
2218 887 2286 934 γάρ
2312 888 2368 922 καὶ
2396 885 2513 936 θεωροὶ

1413 949 1600 997 γεγόναμεν
1628 947 1774 991 ἅπαντες
1801 949 1842 990 ὦς
1867 950 1933 997 μιᾷ
1957 948 2046 997 ὁρμῇ
2066 949 2126 988 τήν
2146 947 2340 997 ἀμφοτέρων
2368 952 2428 984 τῶν
2455 949 2515 998 ἑχ-

1415 1009 1499 1059 θρῶν
1520 1011 1543 1051 ἦ
1563 1010 1730 1060 πάρθενος
1751 1011 1808 1047 καὶ
1832 1010 1992 1052 θεατόκος
2014 1010 2115 1060 ἰσχύν
2137 1010 2366 1059 ε’τροποὶσατο,
2387 1012 2425 1048 οῦ
2448 1027 2516 1048 σει-

1414 1072 1588 1121 ρομάστου
1615 1075 1735 1122 πληγῇ
1761 1071 1858 1109 καθά
1879 1073 1988 1115 Φινεὲς
2015 1071 2156 1111 ἐποίησε
2183 1076 2227 1119 τῷ
2251 1072 2434 1122 ι’σραηλίτη
2457 1066 2515 1114 τήν

1414 1133 1602 1182 μαδιανίτιν
1634 1134 1925 1180 συνεκκεντησας,
1951 1134 2042 1181 λόγῳ
2073 1135 2109 1170 δὲ
2141 1135 2200 1170 καὶ
2228 1133 2399 1183 θελήματι
2429 1136 2515 1189 μόνῳ

1415 1199 1531 1231 τοῦτον
1554 1196 1588 1231 δὲ
1609 1196 1759 1240 κᾴκεῖνον
1785 1196 1860 1244 οἶμα
1881 1195 2133 1238 καταβαλοῦσα
2151 1197 2209 1231 καὶ
2230 1196 2454 1233 ἀπελάσασα·
2475 1198 2513 1233 ου’

1414 1258 1515 1306 μόνον
1540 1260 1608 1307 γάρ
1629 1258 1646 1294 ὁ
1669 1259 1800 1300 δυτικός
1825 1260 1915 1306 μετά
1934 1258 2106 1306 αἰσχύνης
2127 1258 2315 1306 ἀνέστρεψε
2342 1259 2515 1308 τύραννος,

1415 1319 1509 1355 ἀλλά
1531 1320 1590 1356 καί
1617 1321 1747 1369 πέρσης
1773 1326 1847 1367 μετ’
1870 1320 2031 1367 ἐντροπῆς
2052 1321 2264 1369 ὑπεχώρησε.
2290 1324 2408 1357 Ταῦτα
2430 1315 2519 1356 κατά

1415 1383 1453 1417 τὸ
1480 1381 1570 1423 εἰκός
1594 1381 1826 1430 λογιζόμενος’
1849 1382 1879 1417 εἶ
1905 1381 1988 1421 ἔθνη
2017 1381 2119 1424 οὕτως
2145 1383 2278 1432 ἰσχυρά
2298 1385 2354 1418 καὶ
2382 1382 2516 1432 ψάμμῳ

1416 1443 1801 1492 παρεικαζο’μενα,,τοῖς
1826 1445 1888 1491 μὲν
1914 1444 2046 1493 τείχεσι
2072 1447 2134 1486 τῆς
2158 1444 2286 1486 πόλεως
2311 1445 2368 1481 ε’πὶ
2395 1447 2520 1482 τοσαύ-

1417 1521 1478 1548 τας
1496 1505 1627 1554 ἡμέρας
1646 1505 1852 1554 ἐγγίσαντα,
1870 1508 1931 1547 τῆς
1949 1508 1982 1541 δὲ
2000 1508 2084 1555 πρός
2105 1505 2270 1556 θαλάσσῃ
2287 1510 2353 1555 γῆς
2373 1507 2518 1556 ἀμάχως

1416 1567 1711 1618 προσψαύσαντα,
1729 1568 1824 1604 ου’δέν
1846 1570 1935 1604 κατά
1956 1572 2052 1611 τῆςδε
2074 1572 2135 1611 τῆς
2156 1570 2283 1611 πόλεως
2303 1570 2431 1619 πράξαι
2453 1571 2520 1614 ἐξί-

1418 1644 1573 1679 σχυσαν,
1595 1630 1689 1665 ἀλλά
1710 1631 1767 1666 καὶ
1790 1629 1890 1672 οὕτως
1911 1630 2099 1675 ἀπώλοντο,
2119 1630 2153 1666 τί
2176 1632 2294 1667 λοιπὸν
2318 1631 2384 1679 ε’γώ
2407 1632 2519 1680 μα’την

1416 1696 1458 1740 τῇ
1478 1691 1646 1741 θαλάσσῃ
1668 1693 1804 1741 ἔφεδρος
1824 1693 2090 1741 παρακάθημαι,
2105 1693 2201 1734 κενάς
2222 1692 2359 1739 ἐμαυτῷ
2378 1693 2518 1734 ἐλπίδας

1415 1752 1679 1802 ὑποτιθέμενος;
1701 1754 1800 1793 δῆλόν
1821 1753 1913 1789 ἐστιν
1939 1753 1989 1790 ὅτι
2012 1754 2151 1802 δύναμίς
2176 1769 2227 1796 τις
2254 1753 2333 1790 θεία
2353 1751 2520 1802 καὶ-ὑπὲρ

1413 1816 1583 1865 ἄνθρωπον
1600 1816 1724 1855 ταύτην
1741 1817 1800 1855 τήν
1817 1816 1914 1852 πόλιν
1932 1817 2113 1864 φυλάττει,
2131 1818 2188 1852 καί
2207 1813 2400 1865 διεφύλαξεν
2416 1818 2520 1866 α”τρω-

1416 1893 1491 1922 τον,
1517 1880 1573 1914 καὶ
1602 1877 1661 1914 οῦκ
1687 1878 1787 1913 ἔσται
1814 1879 1926 1919 ου’ὃείς
1952 1879 1979 1916 ὁ,
1995 1881 2145 1914 κακῶσαι
2179 1880 2304 1918 ταύτην
2330 1880 2519 1927 δυνάμενος·

1416 1944 1526 1977 ταῦτα
1550 1942 1698 1988 λέγοντα
1719 1942 1774 1976 τόν
1796 1940 1948 1990 ὀλέθριον
1970 1941 2059 1983 εἷκός
2080 1943 2303 1990 ὑποχωρῆσαι
2325 1941 2521 1990 θαυμάζον-

1415 2013 1469 2039 τα·
1497 2006 1586 2040 ποιεῖ
1610 2004 1679 2051 γάρ
1706 2004 1764 2038 καιΙ
1792 2002 1987 2052 βαρβάρους
2008 2003 2146 2039 ἐλπίδων
2172 2003 2361 2051 ἀπόγνωσις
2385 2004 2522 2052 λογίζε-

1416 2064 1502 2100 σθαι
1523 2068 1582 2100 τοῦ
1604 2064 1687 2100 θεοῦ
1708 2065 1766 2104 τη“ν
1786 2064 2060 2114 οἶκαταμάχητογ
2086 2066 2231 2114 δύναμιν·
2255 2068 2354 2101 τοῦτο
2374 2067 2442 2115 γάρ
2463 2081 2521 2102 πε-

1415 2127 1559 2163 πόνθασι
1581 2128 1638 2163 καὶ
1660 2127 1843 2175 Αἷγύπτιοι
1865 2130 1925 2168 τῆς
1946 2126 2043 2169 θείας
2064 2127 2097 2162 ἔν
2119 2127 2286 2176 θαλάσσῃ
2308 2129 2518 2177 πειραθέντες

1416 2190 1592 2238 δυνάμεως·
1614 2191 1630 2207 ⁴*
1651 2190 1806 2238 φύγωμεν
1827 2189 1986 2238 λέγοντες
2012 2190 2185 2238 φύγωμενς
2207 2191 2258 2226 ὅτι
2285 2191 2394 2239 κύριος
2420 2195 2520 2227 πολε-

1415 2254 1476 2299 μεῖ
1501 2253 1578 2292 τούς
1605 2250 1818 2299 Αἰγυπτίους
1844 2251 1926 2300 ὑπὲρ
1954 2254 2012 2287 τοῦ
2037 2252 2191 2301 Ἰσραήλ.

1490 2314 1544 2351 κε’.
1569 2314 1682 2350 Καλόν
1703 2315 1737 2349 δὲ
1760 2314 1819 2349 καί
1840 2315 2031 2363 πρόσφορον
2052 2316 2111 2354 τήν
2133 2314 2212 2351 καθ’
2228 2315 2323 2363 η’μοῖς
2340 2315 2519 2365 Δεββώραν

1416 2377 1476 2416 τήν
1497 2375 1656 2411 ἐπινίκιον
1677 2375 1825 2420 ᾄδουσαν
1847 2377 1937 2412 κατά
1958 2380 2016 2412 τοῦ
2037 2377 2171 2426 Σισάρα
2191 2378 2311 2413 τούτου
2332 2377 2431 2424 ᾦδνὶν,
2449 2381 2520 2419 τοῖς

1417 2441 1476 2479 τῆς
1502 2440 1653 2479 παλαιᾶς
1676 2438 1857 2485 Δεββιιῖρας
1879 2437 2088 2487 χρήσασθαι
2113 2439 2254 2488 ῥήμασι·
2281 2439 2463 2488 Δεββώραν
2485 2442 2518 2475 δὲ

1415 2499 1496 2535 καθ’
1523 2500 1616 2548 ’ἡμᾶς
1641 2500 1741 2535 καλοῖ
1759 2501 1818 2539 τη“ν
1844 2500 2028 2539 ἐκκλησίαν
2055 2504 2116 2535 τοῦ
2137 2500 2236 2544 θεοῦ,
2257 2501 2333 2543 ἥτις
2359 2502 2415 2536 τόν
2441 2501 2520 2536 καθ’

1416 2562 1506 2608 ἡμῶν
1530 2561 1680 2610 Σισάρα,
1702 2562 1764 2603 τοὶς
1785 2565 1910 2611 χεῖρας
1932 2563 2050 2611 ἄρασα
2070 2565 2153 2611 πρός
2175 2562 2267 2606 θεόν,
2290 2564 2519 2602 κατηκόντισε”

1417 2624 1571 2658 διέκοπτε
1595 2623 1740 2672 γάρκαὶ
1763 2627 1823 2659 τοῦ
1845 2624 1979 2673 Σισάρα
1995 2625 2114 2659 τούτου
2134 2626 2156 2664 ἦ
2176 2626 2291 2674 μήτηρ
2313 2627 2369 2660 διά
2388 2625 2518 2672 θυρίδος

1417 2688 1613 2728 δικτυωτῆς,
1633 2685 1698 2725 ἤδη
1726 2686 1915 2734 νομίζουσα
1940 2687 1995 2721 τὸν
2022 2687 2092 2732 υἶρν
2114 2686 2226 2722 σκύλα
2249 2687 2518 2736 διαμερίζεσθαι·

1415 2746 1542 2794 λεγέτω
1563 2747 1669 2783 τοίνυν
1691 2747 1857 2796 Δεββιᾶρα
1874 2749 1896 2786 ἦ
1917 2747 1998 2783 καθ’
2014 2748 2109 2796 ἡμᾶς
2126 2749 2260 2804 ᾄδουσα
2279 2751 2323 2795 τῷ
2343 2748 2411 2795 θεῷ
2427 2749 2518 2797 ’ἡμῶν

1785 2808 1802 2826 ’⁵
1824 2811 1843 2827 “
1863 2809 2033 2845 ἀκούσατε
2052 2810 2209 2852 βασιλεῖς
2230 2811 2288 2845 καὶ
2310 2809 2516 2846 ἐνωτίσασθε

1416 2805 1517 2855 ςῖσμα
1537 2809 1575 2843 τό
1596 2807 1762 2844 ἐπινίκιον·

1416 2897 1436 2913 ‚‚
1463 2871 1649 2919 σατράπαι·
1675 2858 1721 2917 τῷ
1745 2871 1842 2920 κυρίῳ
1868 2872 2000 2919 ᾂσωμεν
2029 2870 2093 2918 θεῷ
2118 2871 2271 2920 Ἰσραῆλ“
2298 2872 2330 2907 οἱ
2357 2862 2516 2907 δυνάσται

1417 2960 1435 2975 ,‚
1462 2936 1521 2968 τοῦ
1545 2936 1632 2968 λαοῦ
1657 2933 1831 2980 εὐλογεῖτε
1852 2935 1908 2970 τόν
1930 2934 2046 2981 κύριον·
2069 2932 2121 2982 ἐφ’
2136 2936 2211 2980 ᾦδῷ
2234 2934 2434 2983 φθεγξάσθε
2454 2931 2518 2982 φω-

1461 2995 1516 3033 νήν
1537 2995 1804 3043 ἀνακρουομένην
1830 2995 1998 3042 ἀναμέσον
2020 2995 2288 3044 εὐφραινομένων·
2309 2996 2452 3032 δώσουσι
2474 2999 2520 3032 δι-

1418 3085 1436 3099 ,,
1462 3057 1639 3096 καιοσύνην
1661 3057 1768 3106 κυρίῳ·
1790 3057 1879 3106 κύριε
1903 3058 2115 3098 δικαιοσύνης
2135 3058 2316 3106 ι’νίσχυσον
2338 3057 2370 3093 ἐν
2388 3060 2433 3104 τῷ
2452 3061 2520 3094 Ἰσ-

1417 3146 1436 3160 „
1462 3119 1566 3171 ραήλ,
1588 3119 1645 3153 καί
1668 3118 1872 3154 ταπείνωσον
1895 3118 2136 3168 ἰσχυροτέρους
2157 3121 2243 3154 λαοῦ
2270 3132 2342 3156 σου.
2362 3147 2382 3161 ,,
2403 3122 2520 3154 Ταῦτα

1416 3180 1477 3227 μὲν
1502 3178 1629 3228 λεγέτω
1649 3181 1670 3220 ἦ
1692 3180 1772 3216 καθ’
1794 3179 1885 3229 η’μᾶς
1908 3180 2088 3229 Δεββώρα,
2110 3181 2132 3220 ἦ
2154 3184 2214 3216 τοῦ
2233 3180 2314 3217 θεοῦ
2334 3181 2520 3225 ἐκκλησία,

1417 3242 1474 3276 καὶ
1505 3244 1547 3290 τῇ
1576 3241 1728 3289 νεκρώσει
1758 3245 1818 3277 τοῦ
1847 3242 2003 3283 σώματος
2034 3245 2175 3277 δονοῦσα
2200 3243 2238 3278 τό
2265 3243 2452 3289 τύμπανον,
2479 3243 2521 3284 ὦς

1417 3302 1622 3352 παρθενικῆς
1642 3304 1843 3352 ἐξάρχουσα
1862 3303 2110 3353 καθαρότητος·
2131 3303 2226 3340 καθοὶ
2246 3305 2304 3339 καιΙ
2329 3305 2352 3343 ἦ
2375 3305 2518 3345 Μωσέως

1417 3364 1764 3413 πέπραχεν-άδελφὴ,
1785 3365 1919 3413 ᾆσωμεν
1946 3369 1991 3412 τῷ
2011 3366 2120 3413 κυρίῳ,
2144 3366 2263 3408 βοᾶτω·
2288 3366 2426 3410 ἐνδόξως
2451 3368 2518 3414 γάρ

1418 3425 1628 3470 δεδόξασται’
1649 3427 1699 3463 ὅτι
1725 3428 1876 3463 πέπτωκε
1904 3429 1994 3470 Βήλ,
2016 3429 2075 3463 καί
2101 3427 2279 3476 συνετρίβη
2303 3429 2438 3476 Δαγοὶν,
2458 3430 2517 3463 καί

1416 3487 1643 3536 ᾐσχύνθησαν
1670 3488 1792 3530 πάντες
1813 3490 1848 3525 οἱ
1869 3494 2130 3538 προσκυνοῦντες
2156 3493 2228 3531 τοῖς
2253 3493 2431 3538 γλυπτοῖς·
2451 3490 2518 3525 ε’νε-

2555 1267 2574 1296 f.
2599 1271 2644 1295 69.
2663 1274 2691 1295 a.

2559 2013 2581 2041 f.
2600 2017 2644 2042 69.
2665 2012 2695 2041 b.

2558 2204 2573 2219 *
2589 2202 2684 2232 Exod.
2699 2203 2778 2231 xlv.
2790 2206 2835 2231 25.

2557 2818 2567 2829 ·
2587 2816 2655 2845 lud.
2676 2816 2713 2844 V.
2734 2819 2760 2845 3.

2557 2852 2576 2881 f.
2598 2856 2643 2880 70.
2663 2859 2690 2880 a.

1417 3551 1592 3598 τράπησαν
1618 3552 1652 3587 οἱ
1675 3551 1707 3586 ἐν
1733 3552 1880 3594 εἰδώλοις
1906 3553 2125 3601 καυχώμενοι·
2146 3554 2248 3601 ἡμεῖς
2274 3554 2312 3589 δέ
2334 3553 2353 3589 ὅ
2372 3554 2457 3595 λαός
2483 3552 2517 3589 ὃν
2554 3556 2575 3586 ί’.
2598 3560 2642 3585 70.
2663 3556 2693 3585 b.

1417 3611 1454 3647 ἐκ
1475 3611 1640 3648 τοσούτων
1660 3615 1766 3648 κακῶν
1783 3614 1866 3662 ὑπὲρ
1882 3613 2022 3656 ἐλπίδας
2043 3615 2187 3664 ἐρύσατο
2205 3615 2334 3664 κύριος,
2349 3614 2384 3652 ὃν
2401 3616 2438 3651 ἐκ
2455 3615 2518 3651 θα-

1417 3674 1516 3710 νάτου
1544 3676 1601 3709 καί
1628 3677 1750 3724 πικραῖς
1768 3675 1929 3717 ’δουλείας
1955 3676 2251 3724 προσδοκηθείσης
2271 3679 2315 3725 τῇ
2335 3677 2437 3725 ι’σχύῖ
2459 3679 2518 3712 τοῦ

1417 3736 1501 3772 ι’δίου
1533 3736 1714 3786 βραχίονος
1742 3737 1974 3787 ἐλυτροίσατο,
2001 3741 2152 3788 φανῶμεν
2181 3743 2222 3775 δι’
2252 3740 2352 3787 ἔργων
2380 3739 2518 3787 ἀγαθοῖν

1419 3798 1699 3846 εῦγνωμονοῦντες
1726 3801 1771 3845 τῷ
1795 3800 1953 3836 σώσαντι·
1974 3801 2049 3836 ου’δέ
2074 3802 2142 3850 γάρ
2168 3804 2235 3843 πᾶς
2261 3803 2279 3837 o‘
2299 3801 2413 3848 λέγων
2429 3802 2517 3849 κύριε

1419 3859 1525 3907 κύριε,
1545 3859 1623 3895 α’λλ·
1651 3860 1668 3895 ὁ
1696 3860 1734 3895 τό
1760 3859 1902 3909 θέλημα
1925 3864 2024 3898 ποιῶν
2051 3865 2111 3898 τοῦ
2136 3862 2248 3911 κυρίου
2276 3862 2480 3902 σωθήσεται.

1490 3919 1552 3966 νς’.
1581 3923 1638 3960 Μή
1661 3920 1765 3957 τοίνυν
1786 3923 1873 3969 μόνα
1890 3923 2113 3970 σκοπῆσωμεν
2131 3924 2217 3972 ἅπερ
2235 3925 2267 3960 οἱ
2285 3923 2450 3972 βάρβαροι
2469 3923 2518 3964 εἷς

2280 3982 2298 3999 Ι
