2970 4420
431 261 493 305 5³«
1377 275 1528 308 morus
1560 275 1738 307 Annam

430 364 647 416 omnino,
676 364 836 410 Graeci
868 364 1043 427 quippe
1076 363 1190 411 dum
1222 370 1527 410 monumenta
1558 361 1800 416 dividunt,
1829 371 2076 426 secantque
2105 364 2152 410 in
2181 371 2357 426 partes,
2385 378 2480 410 non
2514 379 2570 410 ex
2599 378 2690 410 nu·-

428 455 558 487 mero
583 440 946 495 elementorum,
974 441 1056 487 sed
1078 441 1321 489 elementis
1341 441 1451 502 ipsis
1475 439 1700 486 sectiones
1725 439 1985 502 appellant,
2005 456 2150 502 quare
2172 457 2401 503 nusquam
2415 438 2614 488 'dixisset
2637 441 2686 486 in

427 517 611 564 decimo
634 519 800 580 quinto
824 519 1056 565 elemento
1085 507 1205 578 (ιε’)
1233 517 1314 567 sed
1339 519 1387 563 in
1421 504 1462 559 θ’
1495 516 1666 562 littera.
1696 515 1900 577 Ideoque
1926 517 2139 564 existimo
2160 526 2406 565 tractatum
2430 518 2555 564 hunc
2578 516 2687 562 Phi-

427 595 549 642 lonis
573 581 873 658 παραδόξου
906 586 1126 656 ἱσἹοριάς
1154 585 1320 640 ordine
1343 591 1637 656 alphabetico
1662 592 1915 654 digestum,
1942 594 1989 639 in
2015 594 2172 656 plures
2193 594 2340 641 libros
2362 605 2522 658 postea
2545 595 2685 641 fuisse

427 672 745 727 subdivisum,
772 681 819 719 et
849 674 940 720 hoc
975 673 1104 735 quod
1137 673 1198 717 ait
1226 672 1285 718 de
1319 670 1600 733 Palaephato
1629 671 1754 716 iuxta
1788 669 2049 716 litterarum
2081 673 2247 718 seriem
2281 673 2328 718 in
2366 662 2424 717 ει’
2456 678 2681 739 posuisse,

552 752 707 798 XLIV.
745 751 879 801 Philo
913 751 1127 797 tarsensis
1155 749 1362 796 medicus
1392 765 1490 796 non
1522 747 1760 811 ignobilis.
1798 748 1929 794 Illius
1964 763 2061 794 non
2084 748 2197 796 levis
2231 758 2299 796 est
2322 751 2447 813 apud
2479 755 2684 803 medicos

425 830 689 875 auctoritas.
727 830 807 874 Est
842 828 1036 874 antidoti
1061 843 1206 889 genus
1230 827 1278 872 in
1304 827 1511 889 collyriis
1544 827 1810 889 philonium
1846 834 2166 888 nuncupatum
2196 828 2304 873 satis
2337 827 2535 876 celebre.
2573 832 2684 879 Eius

424 893 759 952 medicamenta
784 904 847 951 ob
879 906 1083 951 divinam
1109 905 1346 966 quandam
1371 906 1418 950 in
1443 904 1536 951 illis
1560 906 1656 950 vim
1692 912 1738 949 et
1763 902 2052 956 facultatem,
2080 918 2172 964 qua
2199 904 2393 951 morbos
2424 906 2679 968 pellerent,

424 973 558 1027 θεῶν
593 973 778 1045 χεῖρας
813 983 1050 1045 appellare
1084 998 1181 1029 non
1214 981 1444 1029 dubitavit
1476 983 1791 1043 Hieronymus
1825 981 2028 1027 Montius
2057 980 2213 1027 select.
2248 981 2354 1028 lect.
2393 983 2480 1030 Sed
2514 1000 2607 1047 qua
2632 987 2683 1032 id

422 1060 582 1105 fecerit
613 1060 817 1112 ratione,
845 1060 951 1106 vide
983 1061 1299 1122 Rhodiginum
1334 1059 1419 1107 lib.
1448 1061 1651 1106 XXVIII.
1681 1074 1783 1121 cap.
1816 1059 1892 1103 11.
1929 1056 2141 1103 Antidoti
2169 1059 2554 1120 compositionem
2587 1064 2683 1124 pri-

422 1153 526 1183 mus
560 1137 658 1198 ipse
689 1138 900 1183 omnium
933 1138 1272 1200 elegantissima
1305 1140 1390 1185 etsi
1425 1137 1625 1185 obscura
1658 1137 1806 1198 ‘elegia
1827 1143 2046 1182 executus
2067 1142 2160 1189 est,
2188 1149 2329 1196 quam
2353 1151 2459 1183 cum
2483 1139 2682 1187 Galenus

422 1213 506 1260 lib.
542 1215 620 1259 IX.
649 1214 714 1273 de
757 1216 1004 1276 composit.
1042 1216 1368 1263 medicament.
1410 1215 1519 1279 (ed.
1554 1215 1782 1262 Charterii
1818 1215 1870 1260 T.
1913 1214 2035 1259 XIII.
2077 1227 2125 1275 p.
2161 1211 2308 1274 608.)
2342 1213 2562 1261 insertam
2599 1232 2680 1264 sua

421 1291 773 1353 locupletaverit
807 1294 1157 1356 explanatione,
1187 1310 1283 1341 non
1311 1291 1544 1356 gravabor
1574 1293 1651 1339 hic
1683 1291 1916 1338 adtexere.

691 1359 972 1433 Ταρσεός
957 1384 1153 1457 ικτροιο
1188 1359 1334 1435 μέγα
1367 1360 1607 1419 θνητοῖσι
1645 1361 1882 1422 Φίλωνος

811 1436 1014 1512 Εὸρεμα
1048 1462 1170 1511 προς
1205 1437 1411 1499 πολλοῖς
1450 1438 1552 1509 εἶμι
1585 1436 1767 1491 παθων
1802 1433 2000 1496 οδύνας.

692 1512 810 1568 Ειτε
849 1514 1003 1570 κόλον
1038 1514 1225 1586 πάσχει
1262 1539 1339 1578 τις
1376 1513 1516 1589 ἅπαξ
1555 1511 1740 1575 δοθὲν,
1778 1510 1878 1566 είτε
1915 1534 1993 1572 τις
2029 1507 2190 1585 ἧπαρ,

809 1590 929 1647 Είτε
969 1590 1256 1667 δυσουριή’
1247 1590 1484 1662 ίσχεται,
1522 1589 1622 1645 είτε
1660 1593 1818 1663 λίθῳ.

685 1670 865 1742 Ιωμαι
905 1694 988 1725 και
1030 1671 1259 1734 σπλῆνα,
1295 1693 1377 1724 και
1421 1667 1735 1762 ὀρθόπνοιαν
1772 1665 1981 1742 οἷνκρην,

810 1747 911 1802 Και
952 1752 1134 1812 φθισιν
1173 1747 1332 1820 ἷωμαι
1372 1769 1598 1819 σπασμον
1634 1743 1967 1817 ε’νιστοίμενον.

692 1826 792 1890 Και
835 1824 1092 1899 σφαλερην
1126 1829 1406 1921 πλευρίτιν·
1444 1819 1708 1879 ἀποπτύων
1747 1820 1805 1875 δέ
1837 1845 1916 1885 τις
1952 1829 2088 1895 αἱμα

794 1900 919 1955 ”Ἢ’
901 1902 1089 1973 εμέων,
1127 1898 1233 1975 ἕξει
1269 1902 1317 1973 μ’
1356 1901 1638 1958 ἀντίπαλον
1673 1898 1923 1955 θανοὶτου.

687 1979 864 2036 Ποίντα
901 1978 948 2034 3'
987 1977 1083 2034 ὅσα
1118 1978 1504 2053 σπλαγχνοισιν
1542 1977 1804 2034 ἐνίσταται
1844 1975 2050 2075 ἄλγεα
2056 1976 2230 2040 παύω,

803 2059 953 2128 Βκχα
986 2080 1039 2112 τε
1076 2079 1160 2110 και
1199 2058 1450 2131 πνιγμὸν,
1487 2055 1670 2129 λόγγα
1703 2076 1756 2108 τε
1793 2078 1877 2109 και
1918 2076 2186 2129 καταρουν.

687 2133 1003 2224 Γέγραμμαι
1043 2132 1102 2188 32x
1136 2135 1374 2200 σοφοῖσι,
1406 2132 1593 2206 μαθων
1631 2129 1691 2186 32'
1724 2154 1802 2193 τις
1839 2133 1895 2186 οὔ
1933 2131 2109 2207 βραχὺ
2146 2133 2192 2203 μ’
2236 2131 2342 2206 ἕξει

807 2213 1010 2285 Δωρον,
1049 2213 1097 2273 ἐς
1134 2210 1413 2284 αξυνέτους
1450 2210 1498 2265 3’
1537 2212 1628 2265 οὐκ.
1664 2206 1899 2267 ἐπόθκσα
1932 2210 2101 2284 περᾷν.

694 2288 902 2348 Ξανθνιν
936 2288 1027 2362 μὲν
1063 2288 1225 2363 τρίχα
1259 2288 1435 2356 βαλλε
1471 2287 1746 2380 μυρίπνοον
1786 2285 2054 2351 ἷσοθέοιο,

810 2362 890 2419 Οὑ
924 2364 1127 2441 λόθρίος
1165 2365 1394 2439 ἑρμείαις
1427 2365 1686 2437 λάμπεται
1725 2362 1773 2418 ἐν
1809 2363 2071 2430 βοτοίναις.

690 2444 891 2538 Κρόκου
929 2439 983 2496 δὲ
1024 2441 1258 2514 σταθμον
1295 2441 1479 2540 φρένας
1515 2442 1719 2535 ανέρος,
1758 2441 1814 2494 ου’
1851 2465 1954 2516 γαρ
1993 2440 2217 2502 α’δηλον,

806 2519 985 2574 Βαλλε
1024 2518 1076 2574 δὲ
1117 2543 1201 2574 και
1241 2517 1446 2592 δαχμκν
1484 2516 1737 2574 ναυπλίου
1778 2517 2013 2583 εὔβοέως

691 2598 793 2653 Και
831 2620 1001 2672 τριτον
1039 2598 1086 2652 ἐν
1121 2620 1334 2670 τρωεσσι
1371 2594 1728 2652 Μενοιτιαδαο
1767 2611 1977 2658 φονῆος,

809 2674 1059 2747 Δραχμκν
1094 2697 1178 2732 τκν
1210 2673 1388 2746 μήλων
1424 2673 1651 2767 ’γαστέρι
1680 2670 1981 2744 σωζομένην.

685 2751 885 2814 Ὀλκας
923 2749 970 2804 3
1009 2774 1276 2847 αργεννοιο
1312 2749 1567 2825 πυρώὸεος
1605 2748 1763 2804 εἰκοσι
1804 2747 2012 2815 βαλλε,

805 2828 984 2883 Είκοσι
1022 2852 1103 2882 και
1145 2827 1343 2901 κυοίμου
1382 2828 1545 2901 θηρὸς
1583 2828 1662 2882 ἀπ’
1693 2824 1986 2923 ὃΑρκαδίνις.

693 2906 943 2983 Δραχμκν
980 2929 1062 2960 και
1103 2903 1248 2980 ῥίζης
1284 2904 1653 2977 ψευδωνύμου,
1691 2929 1743 2962 κν
1782 2904 2039 2979 ἀνέθρεψε

802 2985 1010 3058 Χωρος,
1049 2984 1071 3036 ὁ
1108 3007 1195 3038 τον
1230 2982 1381 3055 πίσση
1418 2983 1556 3040 vaoe
1592 2981 1994 3053 λοχευσοίμενος.

689 3063 813 3117 Πιον
851 3058 904 3114 δὲ
944 3059 1191 3135 γραψας,
1224 3057 1421 3135 σ’ίρθρον
1459 3059 1595 3126 βάλε
1631 3083 1822 3134 πρωτον
1862 3082 1917 3113 επ
1960 3084 2119 3126 αυτο,

799 3138 977 3212 Αῤῥεν
1016 3138 1083 3194 ἑνι
1126 3135 1367 3212 ὃραχμας
1402 3135 1542 3192 πέντε
1585 3135 1667 3199 δὶς
1707 3135 1995 3209 ἑλκόμενον

690 3217 853 3289 Ναμα
890 3212 942 3268 δὲ
981 3213 1290 3290 θυγατέρων
1326 3237 1549 3287 ταυρων,
1587 3238 1670 3268 και
1712 3213 2078 3288 Κεκροπίὸεσσι
2102 3261 2113 3280 ,

804 3291 1098 3364 Συγγενὲς,
1138 3293 1184 3344 οἱ
1225 3291 1445 3365 Τρίκκης
1481 3291 1546 3353 ὦς
1586 3290 1841 3346 ἐνέπουσιν
1880 3290 2011 3363 εμοί.

545 3371 669 3423 Quae
704 3371 765 3415 ita
802 3367 1013 3414 vertebat
1044 3369 1181 3414 Ianus
1213 3368 1479 3413 Cornarius.

800 3447 867 3491 En
901 3461 975 3491 me
1009 3445 1227 3491 tarsensis
1261 3444 1428 3491 medici
1463 3443 1752 3506 praegrande
1785 3444 1991 3491 Philonis

897 3524 1168 3576 Inventum,
1195 3523 1318 3569 mala
1348 3522 1478 3585 quod
1511 3522 1659 3569 multa
1693 3522 1861 3569 dolore
1893 3523 2016 3569 levo.

802 3600 904 3644 Sive
935 3600 1093 3645 colum
1127 3598 1308 3653 doleas,
1337 3615 1419 3645 seu
1450 3608 1500 3645 tu
1533 3589 1686 3653 iecur,
1717 3599 1998 3652 auxiliabor,

896 3677 985 3721 Seu
1018 3677 1136 3738 lapis
1169 3676 1379 3730 infestet,
1418 3677 1606 3723 difficile
1639 3686 1718 3724 aut
1751 3676 1935 3723 lotium.

802 3752 857 3797 Et
891 3752 1083 3799 medeor
1118 3754 1266 3815 spleni
1299 3754 1432 3807 hinc,
1460 3753 1870 3816 orthopnoeaeque
1903 3751 2150 3806 molestae;

897 3817 1125 3875 Conrulsa
1143 3864 1154 3884 ,
1182 3839 1319 3891 atque
1348 3829 1503 3877 tabem
1535 3832 1748 3892 protinus
1781 3844 2026 3893 exsupero.

2779 410 2811 425 J
