2970 4420
2034 259 2053 276 Ο

402 356 405 359 ψ
471 297 559 344 188
1411 313 1562 344 moins
1595 313 1776 345 ALLATu

591 398 702 443 Erat
737 412 926 459 quoque
961 397 1008 443 in
1043 398 1246 444 Palatina
1277 396 1485 444 eiusdem
1517 397 1737 444 laudatio
1773 397 1825 443 in
1862 398 2107 446 Marinam
2141 414 2421 466 martyrem.
2460 404 2577 450 Item
2617 404 2727 451 alibi

463 472 686 519 laudatio
723 489 774 519 ιη
813 486 1031 520 sanc-tum
1073 472 1352 536 Gregorzum
1391 489 1758 521 nazianzenum.
1797 468 1851 516 P
1877 461 2015 519 ‘'00oe
2048 466 2137 537 μὲν
2177 493 2246 542 τῳ
2288 469 2511 542 παρόντι
2532 469 2723 544 λόγῳ.

462 551 580 596 Item
613 552 940 597 astronomica.
978 552 1034 596 Et
1066 552 1114 596 in
1142 548 1427 596 bibliotheca
1452 551 1578 612 regia
1606 552 1830 597 Scoriaci:
1871 539 2142 616 Θεοδώρου
2173 544 2466 620 λογοθέτου
2500 546 2596 600 τοῦ
2622 552 2728 601 Με-

462 620 709 686 τοχίτου,
748 613 1047 689 ὃοξολογία
1084 616 1154 676 εἷς
1190 637 1273 673 τκν
1313 615 1599 680 Θεοτόκον,
1637 617 1709 679 εἷς
1744 617 1900 680 θεὸν,
1938 619 2009 680 εἷς
2049 618 2136 675 τὸν
2170 621 2340 694 με’-γαν
2375 621 2726 686 Ἀθανοίσιον,

464 693 536 754 εἷς
577 692 696 755 τοὺς
737 694 872 767 τρεῖς
917 691 1196 786 2290510946093
1235 691 1316 746 καὶ
1366 693 1438 754 εἷς
1481 691 1686 756 ἄλλους
1727 693 1884 756 τινάς.
1922 704 2153 752 Theodori
2187 709 2470 756 Metoehitae
2509 709 2730 756 laudatio

464 797 514 826 ιη
542 780 837 843 Deiparam,
869 796 918 825 m
950 780 1129 829 Deum,
1161 796 1210 824 ιη
1244 795 1477 843 magnum
1501 779 1848 832 Athanasium,
1881 798 1930 827 ιη
1966 794 2061 828 tres
2093 782 2397 838 hierarchas,
2427 799 2473 832 et
2505 804 2555 832 ιη
2586 787 2725 833 alios.

461 863 604 918 Item,
644 858 752 934 περὶ
790 859 885 911 τοῦ
918 859 1321 928 μαθηματικοῦ,
1358 858 1441 913 καὶ
1480 858 1719 931 μα’λιστα
1754 861 1850 914 τοῦ
1884 861 2165 935 ἁρμονικοῦ
2202 861 2400 928 εἴδους,
2435 889 2517 920 και
2559 864 2725 920 ἀλλα.

461 945 533 989 De
561 945 923 994 mathematzsseo
952 956 997 989 et
1024 945 1282 1008 praecipue
1307 945 1586 992 harmonico
1612 962 1803 1010 genere,
1833 959 1879 992 et
1902 948 2023 995 alla.
2061 950 2179 996 Item
2214 940 2570 1014 οἷσΤρονομικης
2604 945 2729 998 <5701-

459 1011 715 1080 χειῶσεως
743 1012 846 1065 κατ’
875 1010 1119 1082 ἐπὶΤομκν.
1147 1024 1478 1069 Astronomiea
1499 1025 1730 1070 elementa
1753 1025 2029 1088 compendio
2052 1025 2257 1073 tradcssta
2281 1016 2581 1074 ἘπισὛολαι
2602 1015 2727 1092 μὲν.

460 1098 706 1162 Epistolae
743 1100 938 1144 CXXIV.
978 1089 1369 1161 Μαθηματικη,
1404 1099 1767 1146 mathematica.
1800 1092 2143 1163 Ἀστρονομία
2177 1098 2535 1165 Πτολεμαίου,
2569 1116 2730 1152 astro-

458 1192 622 1221 nomia
659 1175 930 1221 Ptolemaei.
968 1167 1199 1238 Λογικης
1234 1190 1316 1221 και
1359 1172 1670 1232 φιλοσοφίας
1705 1165 1971 1233 κεφάλαια
2001 1168 2060 1244 ρ’.
2095 1179 2291 1244 Logices
2318 1192 2364 1226 et
2392 1179 2726 1244 philosophiae

460 1264 624 1315 capua
653 1254 699 1298 G.
738 1241 859 1314 Περι
890 1240 1084 1298 πόλεων
1113 1267 1195 1297 και
1234 1244 1395 1300 ἐθνων
1425 1243 1690 1310 κεφαλαια
1718 1268 1773 1298 κ.
1808 1256 1880 1300 De
1903 1255 2098 1302 urbibus
2120 1268 2165 1301 et
2191 1257 2412 1319 gentibus
2436 1257 2600 1320 capita
2625 1259 2723 1304 XX.

460 1319 551 1380 Εἷς
591 1343 674 1375 την
711 1318 1110 1415 Ἀριστοτελους
1153 1320 1362 1386 φυσικὴν
1408 1321 1454 1374 ἐν
1499 1319 1612 1375 ὃυσι
1658 1319 1853 1394 τόμοις.
1889 1334 1951 1378 In
1988 1332 2254 1379 Aristotelis
2292 1332 2546 1397 physzeam
2586 1333 2727 1380 tomis

459 1406 656 1452 duobus.
695 1394 955 1467 Γνωμικαῖ
985 1396 1295 1469 σκμειώσεις.
1332 1409 1630 1455 Sententzosa
1654 1421 1950 1455 nocumenta.
1991 1399 2229 1472 Θρκνοι
2211 1423 2288 1453 επι
2321 1401 2391 1474 τῷ
2416 1422 2518 1456 πων
2544 1398 2728 1475 ἀνθρώ-

459 1496 556 1526 πων
592 1478 705 1546 βιῳ.
741 1484 916 1528 Luctus
945 1483 1003 1528 de
1028 1497 1127 1530 vita
1160 1483 1395 1531 humana.
1433 1487 1489 1531 Et
1513 1488 1765 1532 Meursius:
1803 1499 2054 1549 γνωμικαι
2089 1499 2416 1549 σκμειωσεις,
2451 1502 2511 1533 ae
2543 1485 2729 1533 mathe-

457 1560 661 1610 matica,
698 1571 741 1604 et
775 1561 1111 1607 commentarii
1143 1562 1193 1607 in
1232 1562 1495 1608 Ptolemaei
1527 1579 1760 1627 magnam
1795 1563 2076 1626 syntaxim,
2117 1564 2356 1611 asservari
2397 1564 2447 1610 in
2486 1563 2731 1628 Hispania

458 1650 907 1684 commemorantur.
946 1637 1274 1702 Paraphraszs
1298 1656 1348 1685 m
1377 1651 1586 1725 qualuor
1609 1640 1753 1686 libros
1783 1640 1841 1685 de
1870 1640 2097 1703 partibus
2130 1641 2441 1692 anz'Qmalzum
2471 1658 2521 1686 ιη
2556 1639 2726 1687 Italia.

461 1714 643 1778 Capita
662 1713 995 1777 plu‘sslosophua
1023 1727 1069 1761 et
1097 1715 1328 1762 lzi'scorzea
1365 1719 1499 1768 CXX,
1532 1735 1582 1763 ιη
1610 1716 1869 1764 Germania
1900 1717 2036 1780 apud
2062 1719 2331 1781 Augustam
2362 1717 2726 1764 Vindelicorum.

456 1794 510 1838 In
544 1794 753 1839 vaticana
787 1794 926 1839 etiam
957 1802 1065 1839 sunt
1102 1780 1372 1858 Θεοδώρου
1402 1807 1491 1837 του
1529 1786 1821 1854 ΜεΤοχίτου
1852 1783 2117 1848 κεφαλαια
2147 1783 2372 1859 διαφορα
2400 1808 2509 1859 περι
2549 1781 2729 1850 διαφό-

457 1883 562 1953 ρων
584 1856 875 1915 ὁποθεσεων
915 1870 1086 1934 Capua
1116 1870 1254 1917 varia
1281 1871 1458 1917 difersz
1483 1884 1776 1935 argumenti.
1815 1866 1869 1914 P.
1894 1862 2046 1915 ”Am.
2078 1862 2197 1934 ημῖν
2228 1859 2331 1935 ἄρα
2358 1863 2469 1923 τοῖς
2501 1858 2601 1933 οψε
2628 1884 2728 1915 των

457 1934 653 2010 χρόνων
692 1933 817 1992 εἶναι
855 1959 1235 2009 πειρωμενους
1231 1960 1319 1991 του
1360 1943 1494 2004 βιᾞου
1530 1951 1587 1994 Et
1623 1949 1710 1995 alia
1747 1947 1828 2011 (1).

588 2026 778 2087 Scripsit
810 2025 947 2071 etiam
971 2025 1193 2070 carmina
1219 2027 1266 2071 in
1296 2026 1462 2079 exilio,
1492 2035 1545 2072 ut
1572 2042 1629 2072 ex
1658 2025 1814 2072 verbis
1839 2027 2070 2088 Gregorae
2100 2041 2239 2089 supra
2268 2025 2596 2073 adnotabatur.
2633 2025 2729 2071 Ha-

457 2101 628 2148 bentur
663 2102 769 2148 cod.
807 2103 917 2148 800.
952 2103 1001 2147 in
1040 2101 1325 2149 bibliotheca
1360 2104 1484 2164 regia
1522 2104 1702 2149 Parisiis
1740 2103 1947 2149 eiusdem
1983 2108 2197 2166 poemata
2236 2103 2400 2164 viginti
2439 2103 2546 2149 satis
2586 2103 2729 2164 spissa

459 2180 662 2225 camnine
690 2179 897 2225 heroico.
937 2173 991 2221 P.
1026 2169 1320 2242 Μονογενὲς
1350 2168 1584 2243 κράτιστε
1613 2169 1734 2230 πάϊς
1766 2168 2031 2242 μεγάλοιο
2064 2170 2232 2235 θεοῖο.
2267 2179 2485 2226 Eiusdem
2510 2179 2569 2225 de
2592 2177 2728 2224 beata

458 2257 638 2317 virgine
663 2258 804 2303 Maria
828 2257 1032 2302 carmina
1059 2256 1243 2302 heroica
1271 2272 1433 2318 graeca
1466 2258 1781 2319 manuscripta
1816 2258 1864 2302 in
1896 2256 2037 2303 fontis
2060 2257 2176 2319 Belli
2200 2259 2295 2303 sive
2328 2257 2498 2303 Bellaei
2532 2256 2656 2316 regia
2680 2256 2729 2300 in

459 2333 632 2386 Gallia,
663 2350 759 2379 non
792 2333 955 2395 procul
984 2335 1187 2385 Parisiis,
1220 2333 1504 2380 bibliotheca
1537 2343 1803 2388 servantur,
1835 2343 1949 2380 teste
1982 2335 2231 2380 Possevino
2256 2335 2303 2379 in
2329 2342 2554 2396 apparatu
2576 2348 2726 2378 sacro.

588 2412 791 2456 Decessit
824 2420 1010 2473 sumpto
1038 2412 1295 2457 monastico
1331 2410 1493 2457 habitu
1521 2413 1744 2472 vigesimo
1769 2412 1844 2457 die
1875 2420 1980 2473 post
2007 2411 2327 2458 Andronicum
2351 2412 2580 2457 seniorem
2607 2423 2731 2455 anno

461 2475 629 2521 Christi
666 2477 810 2530 1332,
839 2492 946 2522 cum
978 2491 1124 2522 annos
1158 2476 1374 2522 undecim
1399 2476 1660 2523 honoribus
1694 2476 1911 2522 omnibus
1944 2476 2208 2538 opibusque
2241 2477 2465 2538 spoliatus
2498 2476 2619 2520 inter
2652 2489 2730 2520 ae-

461 2568 651 2599 rumnas
678 2554 823 2598 vitam
850 2555 1029 2599 tristem
1055 2555 1245 2615 egisset,
1274 2554 1491 2599 sollemni
1519 2555 1805 2615 stranguriae
1824 2552 2019 2604 morbot
2048 2552 2310 2614 doloreque
2333 2552 2473 2598 animi
2496 2567 2553 2597 ex·
2577 2551 2733 2597 conie-

462 2630 546 2675 ctis
579 2631 627 2675 in
659 2645 888 2676 carcerem
924 2629 1054 2682 filiis,
1086 2638 1132 2675 et
1163 2630 1417 2676 Andronici
1451 2631 1646 2677 senioris
1681 2629 1836 2683 obitu,
1867 2630 1991 2675 unde
2018 2630 2086 2675 illi
2117 2629 2177 2675 de
2209 2629 2396 2675 fortuna
2421 2627 2728 2680 restituenda,

462 2706 591 2753 nulla
624 2708 824 2769 amplius
849 2723 954 2770 spes
980 2716 1244 2770 supererat,
1272 2717 1472 2754 mortem
1497 2708 1796 2754 accelerante.
1834 2708 2062 2769 Gregoras
2086 2706 2170 2753 lib.
2198 2709 2257 2752 X.
2289 2707 2410 2752 Hinc
2439 2705 2731 2752 observanda

463 2792 570 2829 sunt
597 2784 857 2845 permulta,
879 2800 1005 2846 quae
1032 2785 1091 2831 de
1123 2801 1179 2831 eo
1205 2800 1371 2846 parum
1401 2785 1741 2832 inconsiderate
1773 2786 1999 2831 Meursius
2033 2784 2199 2831 tradit:
2235 2783 2534 2830 Theodorum
2564 2796 2731 2843 nempe

462 2862 601 2908 variis
635 2861 937 2923 dignitatibus
971 2862 1183 2909 functum
1217 2863 1386 2916 fuisse,
1418 2871 1465 2909 et
1499 2879 1582 2924 per
1617 2862 1790 2925 gradus
1825 2863 1956 2923 quasi
1990 2861 2219 2922 quosdam
2255 2860 2313 2906 ad
2352 2860 2537 2907 culmen
2572 2875 2731 2906 ascen-

463 2939 600 2985 disse.
638 2941 848 3001 Namque
877 2941 1053 2987 invexit
1081 2942 1214 2986 initio
1243 2940 1382 2987 fuisse
1412 2939 1788 2986 archidiaconum
1821 2939 1933 2986 cleri
1969 2939 2110 3001 regii,
2138 2947 2183 2985 et
2211 2953 2317 2984 cum
2350 2938 2655 2989 Meletiniota‚
2684 2944 2731 2982 et

463 3016 669 3063 Iohanne
693 3018 842 3064 Vecco
877 3016 1139 3079 patriarcha
1176 3018 1469 3102 imperatoris
1501 3018 1703 3063 actiones
1735 3031 1897 3062 omnes
1928 3016 2112 3062 rexisse.
2151 3014 2378 3061 Observat
2402 3014 2528 3076 apud
2557 3014 2731 3074 Grego-

464 3110 564 3140 ram
598 3093 682 3139 lib.
711 3096 765 3140 V.
808 3083 908 3137 Δια
948 3080 1006 3140 ὃν)
1045 3107 1125 3137 και
1172 3083 1262 3137 {wc
1301 3107 1386 3138 τον
1422 3106 1811 3176 ωατριαρχικον
1846 3081 2178 3149 αναβεβκκως
2213 3079 2431 3152 θρόνον,
2464 3078 2642 3134 «ωοίντα
2671 3086 2726 3137 ἠν

466 3159 618 3222 αὐτὸς
645 3161 718 3234 τῷ
745 3161 965 3227 βασιλει
993 3184 1076 3214 και
1111 3161 1328 3255 γλωτὛα
1350 3184 1432 3213 και
1473 3183 1591 3232 χειρ
1622 3184 1704 3214 και
1745 3157 1982 3231 καλαμος
2015 3156 2357 3253 γραμμαὙέως
2393 3154 2689 3229 ὀξυΓροίφων
2712 3198 2723 3219 ,

467 3260 549 3290 και
591 3236 797 3309 λέγων,
834 3260 917 3291 και
959 3236 1202 3311 γραφων,
1239 3260 1322 3291 και
1369 3234 1724 3310 δογματίζων,
1764 3234 1895 3305 ἔχων
1932 3234 2206 3308 συνεργοὺς
2243 3255 2325 3287 και
2366 3230 2728 3305 συλλήπτορας

466 3336 555 3365 του
595 3338 794 3385 αγωνος
822 3337 908 3369 τον
944 3337 994 3368 τε
1026 3313 1438 3377 ΜελιὛνινιωτκν,
1473 3337 1555 3367 και
1587 3337 1670 3368 τον
1704 3315 1991 3382 ΜεὛοχίτην
2025 3307 2478 3385 ἆρχιδιακὸνους
2459 3331 2606 3370 Οντας
2635 3331 2725 3362 τοῦ

468 3391 753 3454 βασιλικου
787 3390 996 3465 κλήρου
1033 3401 1147 3447 Inde
1181 3417 1342 3448 cursus
1378 3400 1552 3464 publici
1586 3400 1849 3462 logotheta
1859 3399 2031 3453 factus,
2068 3398 2126 3445 ad
2163 3397 2320 3443 Italiae
2354 3410 2512 3456 regem
2549 3394 2730 3455 legatus

468 3477 688 3530 mittitur,
721 3479 946 3540 Gregoras
980 3477 1063 3524 lib.
1091 3480 1168 3525 VI.
1197 3481 1359 3525 Postea
1395 3479 1574 3524 aerario
1599 3478 1805 3540 generali
1837 3476 2075 3539 logotheta
2100 3482 2170 3520 est
2194 3472 2474 3536 praefectus,
2504 3473 2730 3534 Gregoras
2753 3497 2764 3500 -

469 3553 553 3599 lib.
587 3555 685 3599 VII.
719 3556 959 3618 Postremo
992 3571 1189 3617 magnus
1222 3555 1463 3617 logotheta
1497 3563 1566 3602 est
1600 3554 1799 3609 electus,
1831 3554 2034 3600 Codinus
2065 3551 2125 3597 de
2155 3549 2320 3596 officiis
2353 3548 2485 3595 aulae
2517 3557 2730 3596 constan-

463 3630 829 3692 tinopolitanae,
858 3641 903 3678 et
937 3634 1166 3694 Gregoras
1199 3632 1284 3678 lib.
1318 3633 1438 3679 VIII.
1477 3631 1642 3678 Subdit
1673 3631 1923 3679 Meursius:
1961 3639 2014 3675 ut
2048 3638 2158 3674 sunt
2193 3637 2354 3672 aulem
2382 3642 2455 3672 res
2488 3624 2731 3672 humanae

471 3706 611 3752 valde
643 3705 871 3757 incertae,
905 3707 976 3753 ita
1010 3725 1158 3771 neque
1177 3709 1417 3769 fortunae
1449 3707 1546 3772 ip5e
1577 3706 1840 3753 ludibrium
1867 3703 2063 3753 evadere
2089 3700 2271 3765 potuit,
2301 3713 2345 3746 et
2377 3718 2485 3748 eum
2515 3703 2655 3748 Vecco
2683 3714 2728 3747 et

557 3825 605 3866 (1)
631 3821 813 3859 Theodori
838 3823 1059 3861 Metochitae
1084 3825 1268 3863 orationes
1293 3826 1435 3873 aliquot
1458 3825 1506 3862 de
1531 3835 1661 3862 rerum
1680 3823 1928 3871 publicarum
1949 3819 2253 3858 conversionibus
2273 3818 2440 3866 legebam
2467 3829 2534 3867 ego
2559 3819 2597 3856 in
2623 3817 2724 3857 codi-

472 3881 577 3922 cibus
600 3882 792 3920 vaticanis.
823 3884 867 3920 A.
894 3884 946 3919 Μ.
1713 3898 1732 3900 -

2960 2059 2970 2157 ’-Δ-ι..
2961 1843 2970 2047 ,ια-..ᾼ-..αψ
2966 1824 2970 1831 ..
2966 1761 2970 1811 --Α
2964 1683 2970 1745 -μ-
2966 1575 2970 1665 .-Λή-Α
