2970 4420
432 246 494 289 22
1372 250 1521 284 Lnoms
1553 247 1728 282 Arma

431 343 520 390 hus
554 350 834 396 tererentur,
861 350 907 388 et
939 357 1020 389 sua
1053 341 1251 388 lectione
1284 340 1459 401 optima
1495 352 1705 399 quaeque
1735 336 1988 398 legentium
2021 338 2184 384 animis
2224 339 2502 400 ingererent.
2537 337 2673 392 Quod

433 422 569 469 etiam
595 429 700 467 ante
734 436 808 466 me
841 419 1123 467 indicaverat
1150 418 1376 464 Iohannes
1406 417 1607 461 Zonaras
1641 430 1810 461 comm.
1840 415 1916 460 ad
1934 431 2035 461 can.
2063 418 2111 462 lt.
2138 416 2319 463 concilii
2349 417 2387 462 1.
2425 417 2676 462 constanti-

434 498 714 561 nopolitani:
752 485 936 540 τούτου
970 487 1093 555 (τοῦ
1119 485 1373 577 Μαξίμου
1409 481 1504 534 τοῦ
1530 481 1763 545 κυνικου)
1803 503 1886 534 και
1926 481 1949 534 ὁ
1983 474 2290 550 θεολόγος’
2276 480 2325 536 ε’ν
2352 505 2449 536 τινι
2482 504 2579 536 των
2606 505 2673 552 μη

438 566 505 619 ἐπ’
538 565 826 625 ἐκκλησίαις
855 558 1328 656 ἀναγινωσκομένων
1356 555 1500 630 λόγῳ
1530 558 1692 612 αὐτου
1717 555 1984 630 με’μνηται.
2018 569 2176 614 Huius
2212 568 2454 628 (Maximi
2486 567 2674 632 cynici)

437 652 693 715 Ilieologus
730 666 911 713 quoque
945 648 994 693 in
1027 663 1119 693 uno
1150 662 1213 690 ex
1248 644 1328 695 i‘‚ts
1357 644 1442 707 qui
1471 613 1525 690 in
1558 644 1763 690 ecelesiis
1795 661 1887 690 non
1921 656 2207 695 reectantur,
2238 661 2447 690 sermone
2478 644 2678 690 mentio-

433 748 540 777 nem
566 729 719 791 saeit.
758 728 948 789 Indigne
986 724 1201 787 equidem
1242 723 1440 776 factum,
1482 723 1563 768 tali
1598 722 1830 769 vocabulo
1865 737 2101 768 sermones
2134 723 2236 768 luce
2270 721 2563 783 dignissimos
2593 720 2678 766 de—

434 809 602 854 notari.
640 807 694 852 ld
716 821 903 868 quoque
929 804 1192 864 indignatus
1223 801 1451 847 Iohannes
1475 801 1801 846 Euchaitarum
1826 801 2091 861 episcopus,
2120 800 2284 845 acriter
2307 800 2355 843 in
2389 813 2492 851 eos,
2517 798 2597 858 qui
2621 812 2679 843 eo

435 887 625 932 nomine
657 885 805 929 dictos
835 896 1070 928 sermones
1104 886 1463 941 praenotarunt,
1500 879 1702 924 carmine
1738 876 1937 924 iambico
1968 877 2174 923 invectus
2206 884 2290 921 est.
2329 877 2383 920 Et
2412 883 2462 920 ut
2491 888 2681 935 quoque

435 962 674 1009 ostendam
709 962 831 1022 ipse,
859 974 933 1004 me
964 957 1071 1003 talia
1104 970 1239 1017 aegre
1270 956 1391 1017 pati,
1419 970 1606 1002 carmen
1635 955 1754 1001 illud
1783 953 2004 1001 adversus
2025 953 2239 1006 eosdem,
2262 952 2411 1000 latens
2435 959 2571 1012 atque
2594 948 2680 995 ob-

436 1054 621 1086 scurum
641 1073 652 1091 ‚
679 1039 726 1083 in
759 1035 992 1099 publicam
1026 1033 1176 1079 lucem
1211 1032 1461 1095 proferam.

858 1118 946 1174 Τίς
984 1113 1007 1165 ὁ
1045 1110 1402 1185 θαρασυνθεὶς
1436 1111 1632 1184 πρῶτος
1669 1111 1823 1165 εἰπεῖν
1857 1109 1976 1171 τοὺς
2013 1106 2211 1181 λόγους

860 1188 1075 1243 ’Ήκιστα
1107 1186 1321 1249 τούτους
1357 1186 1888 1262 ἅναγινωσκομένους;

860 1271 949 1327 Τίς
985 1264 1346 1337 κοσμολαμπὲς
1384 1282 1486 1331 φως
1521 1263 1768 1319 καλύπτει
1806 1270 1999 1339 γωνίας

861 1347 949 1404 Τίς
987 1341 1200 1417 αστέρας
1237 1341 1534 1413 λα’μποντας
1573 1340 1838 1415 ἐγκρύπτει
1874 1341 2042 1407 νέφει;

861 1424 950 1481 ’.Τις
984 1418 1289 1493 μαργοίρους
1326 1423 1633 1486 στίλβοντας
1671 1419 1742 1480 εἷς
1821 1443 1875 1476 ην
1910 1416 2149 1488 χωννύει;

857 1498 964 1551 Φευ
998 1495 1220 1559 κλήσεως
1254 1496 1343 1565 μὲν
1380 1495 1635 1562 βασκάνου
1671 1494 1769 1567 ψευ
1810 1484 2026 1567 ωνύμου

860 1573 922 1626 Et
956 1571 1005 1627 δ’
1046 1571 1196 1648 ἔργον
1234 1569 1343 1644 εἶχε
1382 1570 1562 1669 ζημίας
1596 1577 1952 1645 παγκοσμίου,

862 1651 967 1706 Νυν
1005 1648 1052 1702 δ’
1091 1651 1148 1703 ου’
1183 1649 1288 1745 γάρ
1330 1651 1462 1704 ἐστιν
1501 1647 1674 1723 ἔργον,
1709 1649 1830 1703 ἀλλ’
1869 1647 2049 1710 ἄλλως
2083 1646 2259 1714 λόγος

864 1726 933 1781 Tc}
970 1745 1073 1792 φως
1110 1726 1323 1801 ὁροίσθω
1360 1727 1538 1791 φαῖνον
1577 1727 1623 1780 ἐν
1657 1748 1717 1795 τη
1751 1731 1974 1799 λυχνία,

859 1806 1022 1859 Πασιν
1056 1808 1371 1897 προκείσθω,
1405 1826 1525 1856 πασι
1564 1825 1698 1872 κοινη
1738 1803 2010 1874 λαμπέτω,

859 1879 1012 1936 ‘'Oooa
1051 1879 1261 1947 βλέπειν
1300 1877 1478 1949 ἔχουσι
1515 1903 1610 1934 των
1647 1878 1827 1934 ἄλλων
1862 1878 2032 1935 πλέον

859 1959 951 2019 Ὠς
989 1956 1102 2012 ε’ίθε
1139 1956 1315 2019 πάντες
1354 1979 1495 2027 ειχον
1533 1954 1722 2012 εἰδέναι
1758 1954 1898 2010 τάδε.

862 2033 999 2089 Ἐίθε
1032 2057 1307 2108 προσειχον
1341 2031 1510 2096 τοιςδε
1548 2032 1727 2096 πάντες
1760 2057 1874 2096 τοις
1907 2032 2107 2103 λόγοις.

867 2110 1014 2166 Ούτω
1050 2110 1155 2184 γὰρ
1193 2109 1252 2166 ἀν
1287 2110 1556 2185 πρόχειρος
1591 2135 1616 2168 η
1657 2134 1876 2185 σωτηρια

868 2171 1038 2263 Παρην
1075 2185 1258 2243 ἁπασιν
1296 2188 1348 2242 ἐκ
1382 2189 1507 2282 μιᾶς
1540 2186 1728 2250 ταύτης
1763 2193 1976 2254 βίβλου.

862 2267 964 2319 Eo*
997 2264 1101 2337 γὰρ
1141 2265 1324 2327 εἶπειν,
1360 2266 1425 2326 ὠς
1463 2263 1647 2329 σοφοὺς
1682 2265 1821 2318 ποιεῖ
1851 2263 2009 2334 μόνη,

867 2342 1125 2415 Αρκουσα
1157 2341 1277 2415 πρὸς
1310 2339 1572 2396 παίδευσιν
1609 2339 1901 2414 ἀνθρώποις
1937 2339 2077 2400 όλην

869 2417 1074 2490 Πληρης
1107 2416 1197 2489 μέν
1235 2418 1339 2471 ἐστι
1378 2415 1648 2489 δογμάτων
1685 2416 2014 2516 αποκρύφων,

870 2494 1076 2568 Πληρης
1114 2492 1166 2548 δὲ
1203 2499 1357 2549 θείων
1392 2517 1475 2548 και
1519 2511 1683 2559 σοφων
1717 2500 2031 2567 μυστηρίων,

869 2570 1073 2646 Πληρης
1110 2568 1164 2624 δὲ
1202 2595 1432 2646 χρηστων
1468 2571 1661 2627 ηθικων
1697 2569 2066 2644 διδαγμοίτων,
2118 2601 2122 2609 x

834 2691 836 2694 ψ
869 2648 1073 2723 Πλήρης
1111 2645 1163 2702 δὲ
1203 2648 1413 2720 κομψων
1446 2670 1686 2716 τεχνικων
1721 2649 2103 2744 μαθημάτων,

872 2726 1134 2779 Μουσειον
1172 2724 1476 2799 αυτόχρημα
1508 2746 1693 2793 γνωσιν
1732 2724 1963 2796 ἐμπνέων.

873 2801 1074 2863 Ταύτης
1111 2800 1368 2874 ἄμεμπτον
1401 2826 1487 2859 την
1522 2802 1719 2876 γραφην
1755 2809 2095 2876 καταρτίσας,

871 2881 1109 2941 Πολλοῖς
1142 2877 1329 2952 τροφὴν
1363 2877 1638 2951 προύθηκα
1670 2878 1737 2951 μη
1775 2881 2084 2952 κενουμένην.

580 2959 694 3014 Quis
730 2956 916 3021 primus
939 2954 1049 3018 suit
1085 2954 1204 3000 adeo
1242 2953 1523 3000 temerarius
1559 2966 1609 2999 ut
1640 2954 1724 3000 lzos
1756 2971 1990 3002 sermones
2019 2957 2150 3003 nullo
2186 2955 2324 3002 modo
2358 2956 2456 3019 legi
2486 2957 2702 3016 affirma-

452 3042 547 3083 ret?
582 3036 697 3091 Quis
733 3036 889 3081 lumen
916 3049 1006 3096 per
1031 3043 1181 3078 totum
1210 3043 1450 3077 terrarum
1484 3031 1641 3077 orbem
1672 3032 1918 3095 splendens
1950 3033 2001 3078 in
2023 3034 2214 3097 „angulo
2249 3033 2446 3078 occulit?
2481 3031 2595 3086 (luis
2627 3032 2702 3077 lu·-

452 3113 561 3159 eida
594 3112 754 3159 sidera
793 3110 913 3156 nube
947 3109 1104 3172 tegit?
1139 3109 1253 3163 Quis
1290 3108 1589 3172 margaritas
1623 3109 1896 3172 splendidas
1930 3110 2016 3155 sub
2052 3122 2182 3155 terra
2213 3107 2404 3172 sepelit?
2439 3110 2543 3154 Heu
2576 3123 2703 3152 eom-

450 3189 755 3252 pellationem
782 3188 995 3234 invidam
1028 3198 1072 3232 et
1090 3186 1281 3247 salsam
1299 3191 1312 3230 ἱ
1340 3203 1463 3248 quae
1492 3186 1537 3231 si
1565 3185 1615 3231 in
1645 3202 1760 3249 opus
1791 3186 2127 3237 adduceretur,
2161 3185 2496 3231 detrimentum
2524 3184 2701 3229 mundo

455 3264 668 3310 universo
700 3266 891 3326 afferat.
918 3266 977 3309 At
1011 3263 1137 3308 enim
1165 3263 1296 3308 nullo
1328 3262 1467 3308 modo
1505 3261 1558 3307 id
1588 3279 1724 3325 opere
1742 3273 2044 3325 praestatur,
2075 3261 2158 3308 sed
2182 3277 2344 3307 rumor
2375 3272 2563 3305 tantum
2601 3252 2710 3304 ina-¹

456 3341 530 3387 nis
554 3353 637 3386 est.
675 3343 851 3386 Lumen
882 3339 1150 3405 aspiciatur
1177 3339 1456 3387 illuminans
1490 3338 1541 3385 in
1572 3338 1883 3389 candelabro,
1911 3337 2133 3384 omnibus
2152 3354 2314 3383 eoram
2339 3349 2575 3400 ponatur,
2605 3351 2706 3383 ont-.-

456 3418 594 3463 nibus
627 3418 937 3463 communiter
963 3419 1119 3463 lumen
1143 3415 1391 3467 exhibeat,
1424 3416 1610 3479 illisque
1629 3416 1905 3479 praecipue,
1936 3415 2020 3478 qui
2035 3416 2146 3479 plus
2169 3414 2282 3461 aliis
2307 3414 2480 3461 vident.
2513 3412 2715 3458 Utinam·

458 3509 616 3539 omnes
643 3492 760 3538 haee
788 3499 1021 3539 tenerent!
1054 3493 1247 3539 Utinam
1278 3509 1436 3539 omnes
1462 3491 1537 3538 his
1566 3492 1859 3539 sermonibus
1884 3491 2099 3537 animum
2126 3490 2443 3537 adverterent!
2474 3489 2554 3535 Sic
2580 3487 2707 3533 enim

462 3569 512 3614 in
538 3581 766 3633 promptu
799 3569 928 3614 salus
962 3571 1144 3616 adesset
1179 3570 1395 3616 omnibus
1429 3587 1493 3615 ex
1521 3569 1608 3615 hoc
1639 3569 1777 3615 unico
1811 3567 2060 3615 volumine.
2098 3568 2315 3629 Namque
2343 3576 2615 3630 praetereo,
2654 3575 2707 3615 ut

465 3646 619 3710 ipsum
649 3646 800 3690 solum
832 3645 1066 3708 sapientes
1098 3647 1296 3707 efficiat,
1325 3664 1433 3693 eum
1468 3647 1622 3711 ipsum
1656 3646 1776 3693 satis
1802 3646 1865 3692 sit
1899 3644 2168 3691 hominibus
2202 3644 2270 3689 ad
2303 3643 2545 3689 universas
2569 3639 2714 3686 disei-

460 3723 620 3786 plinas
654 3721 1020 3784 comparandas,
1058 3725 1256 3769 Plenum
1291 3724 1524 3786 siquidem
1557 3737 1625 3769 est
1657 3724 1937 3787 dogmatum
1973 3721 2347 3767 reconditorum:
2371 3720 2564 3784 plenum
2591 3717 2714 3764 divi-

463 3817 631 3846 norum
664 3812 708 3845 et
737 3799 979 3845 doctorum
1004 3801 1359 3861 mysteriorum:
1381 3803 1578 3865 plenum
1601 3801 1887 3865 optimorum
1918 3798 2174 3846 moralium
2201 3809 2586 3862 praeceptorum:
2613 3796 2714 3858 ple-

850 3999 867 4019 N
