2970 4420
1169 304 1225 335 ne
1259 295 1523 335 mannonis.
2389 291 2478 340 195

349 390 415 436 Ex
441 402 608 451 graeco
637 387 696 434 ab
727 402 785 435 eo
816 388 865 434 in
890 388 1085 436 latinum
1113 404 1377 437 sermonem
1410 405 1541 436 versa
1568 396 1690 436 sunt.
1729 387 1920 435 Aeliani
1952 389 2009 435 de
2044 388 2331 438 instruendis
2357 393 2480 439 acie-

220 466 307 513 bus
336 466 478 516 liber,
509 465 728 512 Coloniae
756 479 863 512 cum
890 465 990 511 aliis
1021 464 1324 528 quibusdam,
1351 475 1398 513 et
1423 466 1623 513 Venetiis
1647 466 1694 511 in
1723 466 1769 511 ᾧ.
1798 464 2025 528 Dionysii
2049 464 2397 515 halicarnassei
2425 471 2482 515 (le

220 543 557 607 compositione
587 541 836 588 orationis.
878 541 1189 607 Theophrasti
1219 543 1276 589 de
1309 541 1538 593 historia,
1568 554 1614 588 et
1643 541 1802 589 causis
1831 543 2116 605 plantarum
2142 543 2224 589 lib.
2253 544 2350 591 XV.
2378 547 2483 592 Ari-

221 619 399 667 stotelis
428 620 486 666 de
519 619 724 673 historia
757 619 1046 666 animalium
1081 619 1196 666 libri
1226 620 1309 666 IX.
1347 618 1673 683 Departibus·
1707 617 2018 670 animalium,
2054 631 2099 669 et
2131 636 2298 666 earum
2328 623 2484 668 causis

223 697 339 744 libri
359 699 386 743 Ι
398 699 444 744 V.
474 698 544 743 De
565 696 874 760 generatione
898 697 1189 743 animalium
1214 695 1330 743 libri
1351 697 1401 742 V.
1431 696 1786 742 Problematum
1811 695 2035 742 sectiones
2052 697 2200 743 XXXI
2207 692 2245 743 s
2246 699 2371 753 Quae
2394 714 2488 745 om-

223 776 298 823 nia
318 789 429 834 cum
461 775 623 820 ceteris
653 774 913 820 Aristotelis
938 773 1162 836 operibus
1185 773 1410 820 latinitate
1442 772 1627 819 donatis
1656 773 1836 835 saepius
1860 774 2083 836 impressa
2113 783 2237 821 sunt.
2275 774 2486 820 Alexan-

221 850 303 896 dri
320 850 671 914 problematum
695 846 840 896 libros
863 852 935 896 ΙΙ.
963 850 1147 897 excudit
1170 849 1372 896 Basileae
1394 849 1793 897 Cratander'anno
1816 849 1956 896 1537.
1986 865 2090 895 cum
2117 849 2487 912 problematibus

222 927 484 974 Aristotelis
513 926 572 972 ab
607 927 775 974 eodem
809 928 968 974 versis.
1006 929 1073 973 De
1107 927 1192 974 hac
1224 926 1438 974 versione
1470 926 1702 973 Theodori
1738 927 2006 973 Franciscus
2036 928 2258 974 Patricius
2291 928 2481 975 discuss.

222 1005 509 1066 peripatetie.
538 1003 622 1049 lib.
640 1005 710 1067 7ΙΙ.
749 1004 1050 1050 Leonara'um
1076 1006 1291 1050 Brunum
1313 1014 1498 1049 secutus
1525 1001 1790 1060 Theodorus
1817 1003 1948 1049 Gaza
1972 1002 2104 1065 circa
2132 1019 2314 1050 annum
2346 1006 2482 1051 1453.

222 1081 490 1127 Aristotelis
521 1082 665 1128 libros
693 1099 852 1128 omnes
884 1082 942 1127 de
973 1081 1292 1131 animalibus.
1320 1091 1365 1125 et
1393 1081 1721 1144 problemata:
1758 1097 1851 1130 nec„
1872 1097 1968 1127 non
2004 1079 2314 1145 Theophrasti
2344 1083 2488 1128 libros

222 1159 281 1204 cle
307 1159 519 1223 plantis,
553 1170 598 1203 et
630 1157 901 1204 Alexandri
927 1157 1230 1222 problemata
1266 1157 1422 1203 latina
1445 1156 1589 1219 sec-it.
1630 1158 1777 1212 Quem
1808 1156 1958 1203 secuti
1988 1170 2100 1204 sunt
2128 1158 2178 1204 in
2213 1175 2266 1204 eo
2296 1175 2489 1205 munere

222 1248 318 1282 tres
344 1235 437 1282 alii
468 1235 733 1281 doctissimi
757 1235 943 1299 graeci,
974 1234 1204 1298 Georgius
1232 1235 1269 1280 T
1266 1233 1596 1297 rapezuntius,
1626 1233 1905 1285 Bessarion‚
1935 1247 1980 1280 et
2009 1232 2248 1281 Iohannes
2275 1239 2488 1300 Agryro-

219 1314 384 1376 palus,
413 1313 499 1376 qui
520 1313 676 1359 varios
699 1311 963 1359 Aristotelis
987 1310 1130 1358 libros
1157 1310 1402 1357 latinitate
1427 1310 1686 1356 donarunt.
1714 1313 1874 1357 Petrus
1900 1313 2117 1358 Pantinus
2140 1314 2185 1358 in
2211 1313 2404 1377 epistola
2431 1315 2488 1360 ad

223 1390 475 1445 lectorem,
503 1406 642 1452 quam
679 1388 889 1452 praefixit
923 1388 1158 1435 Michaelis
1190 1387 1420 1450 Apostolii
1458 1388 1730 1449 paroemiis,
1757 1389 1878 1434 inter
1910 1389 2023 1434 alios
2047 1390 2244 1436 Graecos
2277 1392 2355 1451 qui
2383 1407 2489 1436 cum

225 1468 493 1514 Bessarione
520 1469 565 1512 in
598 1467 773 1512 ltaliam
800 1474 1052 1518 venerunt,
1081 1479 1323 1511 recensens
1342 1464 1639 1510 Theodorum
1664 1466 1827 1511 Gazam
1845 1501 1856 1518 ‚
1886 1465 2065 1512 scribit:
2094 1455 2362 1513 Aristotelei
2386 1482 2491 1514 vero

228 1542 492 1589 Theodorus
519 1545 672 1593 Gaza,
698 1541 935 1589 Iohannes
954 1542 1306 1606 Argyropaltts,
1334 1554 1379 1587 et
1407 1541 1638 1605 Georgius
1666 1544 1704 1587 T
1700 1543 2005 1605 rapezuntias
2030 1543 2209 1595 rhetor,
2240 1545 2367 1590 brevi
2390 1561 2490 1590 om·-

222 1637 304 1666 nes
335 1620 543 1666 latinum
577 1619 822 1666 scribendo
851 1619 920 1665 sic·
952 1618 1231 1670 exercitati,
1264 1630 1317 1683 μί
1348 1629 1393 1664 et
1422 1620 1555 1665 Gaza
1584 1618 1778 1664 romani
1803 1620 2030 1666 sermonis
2056 1621 2275 1683 pomeria
2303 1620 2352 1667 in
2382 1622 2490 1668 ani-

224 1697 427 1744 malium
461 1696 727 1744 Aristotelis
769 1695 972 1742 historia
1005 1696 1074 1742 sie
1107 1696 1366 1759 protulerit
1384 1733 1394 1747 ‚
1434 1708 1485 1742 ut
1528 1712 1666 1758 quem
1706 1695 1782 1741 illi
1819 1713 2088 1760 comparem
2129 1697 2214 1743 vix
2250 1697 2451 1744 habeam
2473 1738 2483 1750 ,

216 1775 498 1840 praeferam
530 1789 635 1820 vero
675 1773 926 1819 neminem.
966 1775 1058 1819 Nec
1095 1773 1274 1819 alienus
1306 1782 1374 1819 est
1409 1772 1468 1819 ab
1507 1773 1596 1819 hac
1631 1782 1786 1819 mente
1819 1775 2088 1820 Franciscus
2122 1775 2338 1822 Floridus
2379 1777 2484 1823 leot.

224 1852 554 1900 succisivarum
590 1849 674 1896 lib.
704 1851 778 1896 lv.
814 1866 916 1912 cap.
956 1852 1040 1902 12,
1076 1851 1156 1912 qui
1191 1851 1239 1896 in
1277 1851 1452 1911 graecis
1486 1849 1756 1896 auctoribus
1797 1851 1937 1897 latine
1971 1852 2221 1898 reddendis
2258 1854 2500 1906 Theodori-

224 1928 552 1991 praestantiam
585 1928 707 1974 inter
733 1942 942 1973 summos
971 1927 1099 1973 illius
1124 1927 1305 1974 ordinis
1330 1932 1548 1990 proceres
1572 1927 1794 1980 collocat,
1825 1927 1930 1973 licet
1954 1929 2000 1974 in
2026 1928 2268 1975 levissimis
2297 1930 2491 1976 vocibus

223 2006 404 2068 lapsus,
433 2005 656 2051 maximas
680 2004 964 2066 quandoque
984 2003 1043 2051 de
1063 2005 1167 2050 lana
1191 2005 1379 2066 caprina
1404 2005 1537 2050 rixas
1553 2004 1738 2066 linguae
1765 2020 1955 2066 graecae
1979 2006 2204 2067 imperitis
2229 2005 2486 2068 reliquerit.

355 2085 409 2129 ln
436 2081 898 2145 interpretationibus
930 2084 1074 2129 Gazae
1104 2081 1453 2144 problematum
1488 2082 1776 2136 Aristotelis,
1803 2091 1850 2129 et
1883 2082 2030 2129 libelli
2065 2084 2296 2130 Ciceronis
2328 2084 2388 2130 de
2421 2101 2489 2131 se-

224 2168 434 2214 nectute,
461 2161 637 2206 invenit
670 2159 876 2221 Angelus
907 2159 1160 2207 Politianus
1189 2174 1361 2206 naevos
1384 2159 1638 2222 quosdam,
1665 2175 1785 2221 quos
1809 2175 1889 2206 sua
1911 2161 2294 2222 interpretatione
2316 2160 2491 2208 abster-

226 2240 380 2300 geretv‘,
410 2237 667 2284 miscellan.
695 2252 797 2299 cap.
827 2239 907 2283 90.
937 2246 982 2284 et
1007 2238 1059 2282 9¹
1075 2273 1086 2283 .
1123 2239 1179 2283 Et
1202 2238 1393 2300 insuper
1421 2238 1694 2283 criminatur
1719 2236 2044 2292 Theodorum,
2072 2239 2202 2300 quod
2229 2239 2491 2285 dissimula-

225 2314 375 2368 verit‚·
396 2330 480 2377 per
500 2329 642 2376 quem
678 2315 876 2360 maxime
910 2314 1185 2376 profecerit,
1212 2313 1520 2376 habueritque
1543 2329 1689 2376 paene
1713 2316 1999 2376 contemptui
2032 2324 2078 2361 et
2104 2303 2334 2370 ludibrio,
2362 2317 2492 2363 cuius

226 2391 518 2453 potissimum
553 2389 794 2436 laboribus
827 2390 1150 2438 insidiabatur.
1189 2392 1271 2437 Cui
1305 2391 1442 2454 plane
1474 2390 1759 2454 respondere
1795 2399 1978 2454 poterat
2010 2391 2304 2444 Theodorus,
2333 2409 2380 2439 se
2404 2393 2492 2439 ho-

179 2473 181 2475 ’
227 2469 399 2514 minem
431 2482 555 2513 esse:
589 2482 683 2512 non
717 2468 889 2513 mirum
916 2476 1057 2530 ergo,
1085 2469 1121 2514 si
1146 2470 1192 2514 in
1225 2467 1458 2529 aliquibus
1488 2469 1737 2521 erraverit,
1764 2470 1844 2530 qui
1871 2470 1918 2514 in
1950 2477 2018 2515 tot
2055 2468 2154 2515 aliis
2187 2477 2385 2515 mentem
2413 2485 2492 2516 au-

226 2546 368 2590 ctoris
398 2545 618 2606 expressit
637 2561 647 2590 :
665 2551 727 2607 *et
760 2544 887 2590 aliud
912 2560 1008 2591 esse
1034 2561 1180 2591 unum
1210 2553 1287 2591 aut
1318 2546 1461 2592 alium
1487 2545 1644 2593 locum
1670 2548 1896 2598 auctoris,
1925 2547 2052 2593 aliud
2083 2554 2233 2593 totum
2267 2562 2387 2609 opus
2411 2564 2490 2594 ex-

227 2630 407 2673 cutere,
443 2630 491 2666 et
524 2622 812 2666 examinare:
850 2622 1220 2683 stomacharique
1252 2638 1302 2669 se
1334 2632 1429 2668 tam
1462 2636 1627 2685 parum
1667 2638 1781 2669 sano
1816 2622 1989 2669 iudicio
2019 2622 2257 2673 Pontiani,
2295 2625 2374 2684 qui
2410 2640 2490 2669 sua

225 2698 300 2743 vel
330 2713 491 2760 graeca
526 2697 600 2742 vel
628 2697 765 2742 latina
792 2700 1213 2760 cum,Trapezuntii
1251 2699 1480 2752 conferat,
1508 2714 1649 2761 quem
1679 2701 1866 2746 vincere
1899 2701 2082 2746 nullum
2114 2702 2352 2761 negotium
2378 2700 2487 2750 suit,

227 2774 406 2820 etiamsi
435 2772 636 2818 multum
669 2772 756 2819 sibi
784 2773 961 2835 placeat
985 2777 1033 2820 in
1063 2789 1121 2820 eo
1145 2790 1286 2837 opere
1309 2778 1663 2837 Trapezuntius‚
1691 2785 1736 2822 et
1767 2774 1906 2838 plane
1935 2777 2202 2829 insolescat,
2232 2777 2311 2838 qui
2345 2777 2492 2822 credit

229 2867 277 2898 se
308 2866 392 2897 eos
422 2849 571 2896 libros
595 2865 689 2895 non
719 2851 874 2896 minus
895 2851 1148 2912 elegantius
1173 2846 1535 2915 emendatosque
1569 2853 1704 2905 dare,
1731 2869 1873 2915 quam
1905 2854 2030 2916 apud
2059 2855 2256 2899 Graecos
2287 2852 2491 2899 habean-

227 2938 324 2975 tur.
362 2929 430 2974 Ita
467 2943 524 2972 ne
558 2942 751 2973 aureum
783 2927 903 2975 illud
937 2927 1228 2989 eloquentiae
1255 2928 1430 2975 flumen
1464 2930 1725 2976 Aristotelis
1754 2931 1983 2976 Politiano
2013 2930 2182 2982 valuit,
2210 2939 2260 2975 ut
2295 2945 2400 2975 cum
2433 2946 2490 2976 eo

228 3021 350 3067 quae
378 3004 670 3066 Trapezuntii
705 3012 835 3057 sunt,
863 3006 1210 3066 exaequentur?
1243 3007 1427 3052 Poterat
1461 3008 1602 3052 tutius
1636 3007 1753 3052 haec
1782 3007 1965 3053 silentio
1998 3006 2315 3059 dissimulare,
2349 3022 2489 3067 quam

227 3084 382 3146 palam
414 3081 677 3133 afferendo,
709 3082 803 3127 risu
842 3096 867 3126 a
902 3081 1162 3142 legentibus
1196 3083 1402 3145 explodi.
1441 3084 1562 3138 Quid
1587 3085 1621 3129 si
1658 3099 1764 3129 cum
1794 3085 2029 3129 Maussaco
2062 3084 2110 3128 in
2145 3083 2490 3144 prolegomenis

227 3160 287 3206 ad
314 3158 577 3206 Aristotelis
605 3158 847 3204 historiam
871 3156 930 3204 de
957 3158 1231 3205 animalibus
1259 3159 1430 3205 diceret
1447 3195 1458 3211 .
1488 3168 1592 3206 ante
1617 3158 1916 3206 Theodorum
1941 3161 2102 3205 Gazam
2119 3194 2129 3211 ‚
2162 3161 2392 3205 neminem
2421 3161 2492 3205 bi-

227 3238 418 3284 storiam
440 3236 561 3282 hanc
582 3235 643 3281 de
676 3234 953 3282 animalibus
975 3238 1187 3289 vertisse,
1217 3245 1398 3298 praeter
1423 3245 1628 3282 veterem
1654 3236 1786 3283 illum
1818 3237 2120 3298 interpretem
2146 3238 2380 3298 ignotum,
2409 3239 2488 3299 qui

228 3312 496 3376 philosophi
531 3327 674 3374 opera
707 3310 855 3358 verbo
893 3311 951 3357 ad
987 3310 1182 3358 serhum
1206 3312 1344 3358 latine
1368 3311 1604 3359 reddidit?
1638 3313 1835 3368 Quidam
1875 3312 2069 3358 Boethio
2095 3313 2331 3374 antiquam
2361 3314 2490 3360 illam

228 3391 488 3436 versionem
522 3389 759 3443 tribuunt,
787 3389 865 3435 sed
905 3389 1021 3435 falso
1056 3399 1106 3435 ut
1139 3390 1334 3452 opinor:
1373 3406 1480 3435 nam
1511 3388 1659 3436 verbo
1692 3399 1823 3436 tenus
1856 3384 2091 3436 transtulit
2127 3399 2302 3436 textum
2338 3391 2492 3452 philo-

227 3465 387 3528 sophi,
414 3466 624 3528 quisquis
658 3466 738 3512 ille
771 3466 936 3518 fuerit,
973 3468 1052 3527 qui
1091 3467 1293 3528 primum
1327 3469 1458 3528 operi
1496 3467 1702 3512 admovit
1739 3482 1946 3512 manum.
1985 3468 2045 3513 At
2079 3483 2197 3528 quae
2231 3467 2373 3514 hodie
2410 3468 2490 3514 ha-

227 3540 392 3588 bemus
423 3556 448 3588 a
483 3542 705 3596 Boethio,
745 3533 800 3586 οὔ
840 3532 970 3586 κατὰ
1002 3531 1163 3595 πόδα,
1200 3544 1279 3590 sed
1315 3544 1546 3605 eleganter
1577 3558 1708 3589 versa
1746 3551 1868 3590 sunt.

356 3619 450 3665 Nec
482 3619 638 3665 minor
670 3619 917 3667 Theodoro
942 3619 1117 3665 lis-fuit
1150 3635 1255 3665 cum
1291 3620 1408 3666 lulio
1435 3621 1689 3682 Scaligero‚
1717 3621 1797 3683 qui
1831 3635 1924 3667 non
1954 3629 2134 3668 tantum
2166 3622 2404 3668 historiam
2432 3622 2491 3668 de

230 3693 506 3742 animalibus
539 3697 824 3750 Aristotelis,
853 3697 931 3744 sed
957 3698 1196 3743 historiam
1230 3706 1275 3743 et
1308 3697 1366 3743 de
1400 3698 1547 3743 causis
1582 3698 1843 3759 plantarum
1870 3698 2174 3761 Theophrasti
2201 3715 2319 3745 nova
2347 3701 2492 3745 inter-

229 3769 567 3831 pretatione·et
604 3775 944 3820 commentariis
980 3773 1245 3826 adornavit,
1282 3775 1328 3819 in
1367 3773 1538 3835 quibus
1575 3773 1639 3820 ob
1676 3789 1769 3820 non
1799 3775 2083 3822 intellectam
2121 3778 2326 3838 linguam
2362 3791 2491 3838 grae-

229 3860 356 3898 cam,
384 3861 535 3908 neque
559 3848 772 3904 latinam,
799 3859 844 3896 et
881 3866 974 3897 non
1005 3849 1151 3913 probe
1185 3850 1415 3897 redditam
1452 3839 1749 3904 sententiam,
1781 3853 2121 3915 saepissimesst
2151 3855 2316 3900 acriter
2348 3853 2492 3899 Theo-
