2970 4420
1081 268 1137 299 ΒΕ
1170 254 1452 299 KALEND'Amo
1485 266 1735 322 PueILLAm.
2250 288 2255 294 ›
2380 270 2545 306 xxxvll

278 347 385 400 tino·
408 342 691 386 monomacho
715 341 936 397 descripto
970 347 1104 397 patet.
1138 343 1338 387 Omnium
1371 342 1712 398 antiquissimus,
1747 340 1822 396 qui
1856 339 1962 383 duas
1994 342 2109 384 Petri
2143 342 2365 387 cathedras
2397 335 2548 393 distin*-

282 416 419 469 1crit‚
450 418 494 456 et
522 414 635 455 hanc
663 412 827 454 vocarit
856 413 1174 467 antiochenam,
1202 414 1319 456 illam
1349 426 1478 468 vero,
1506 425 1615 468 quae
1643 424 1786 454 mense
1816 412 2301 467 ianuariocelebratur,
2333 429 2550 461 romanam

287 487 464 538 dixerit,
497 484 614 527 Beda
643 484 746 538 fuit,
779 496 831 526 ex
861 496 949 539 quo
979 487 1143 540 posteri
1174 498 1320 529 omnes
1350 489 1620 541 acceperunt.
1653 483 1734 526 Sed
1764 483 1860 526 heic
1888 483 2004 526 haud
2034 496 2236 538 magnum
2266 486 2423 529 habere
2453 501 2551 531 mo-

281 563 477 600 ⁴mentum
505 556 702 608 videtur3
729 548 872 610 primo
904 555 1002 612 quia
1030 557 1075 599 in
1102 557 1239 600 Bedae
1268 556 1580 611 martyrologio
1610 555 1743 597 multa
1773 566 1798 596 a
1826 554 2009 609 posteris
2042 555 2116 605 (ut
2145 554 2218 607 fit)
2252 555 2394 599 addita
2423 563 2549 613 sunt,

286 633 337 672 ut
372 629 567 671 Molanus
594 631 646 668 et
678 627 746 668 alii
776 631 1010 669 senserunt..
1044 627 1208 670 Deinde
1238 628 1338 682 quia
1367 631 1538 669 sanctus
1568 626 1798 681 Gregorius
1829 637 1966 680 papa,
1999 622 2116 666 Beda
2144 625 2273 679 longe
2310 628 2547 682 antiquior,

278 711 415 742 ÷unam
444 699 562 741 Petri
592 697 838 740 cathedram
867 698 1054 740 celebrat
1083 694 1260 752 eamque
1289 710 1528 750 romanam,
1555 701 1598 739 et
1626 697 1706 738 hac
1734 696 1825 751 ipsa
1854 695 2055 737 februarii
2089 695 2160 736 22.
2195 695 2276 737 die.
2310 696 2393 739 Ubi
2423 710 2549 740 nemo

290 771 569 826 depravatum
601 770 690 812 eius
713 769 843 811 officii
865 769 1037 812 titulum
1068 769 1204 823 dicat,
1228 770 1302 823 qui
1332 770 1518 812 eiusdem
1542 769 1674 812 officii
1703 780 1849 823 preces
1877 768 2004 821 legat.
2039 769 2258 810 Praeterea
2282 769 2376 822 quis
2398 769 2551 812 audeat

290 854 495 885 romanos
525 841 747 897 pontifices
768 845 913 883 tantae
943 842 1130 884 incuriae
1153 853 1371 901 accusare,
1398 846 1447 883 ut
1477 854 1610 896 quam*
1626 841 1672 889 in
1693 840 1808 883 Urbe
1838 839 1978 882 fixerit
1999 841 2150 882 Petrus
2172 839 2413 881 cathedram
2443 839 2549 882 adeo

289 913 577 968 neglexerint,
609 913 642 954 si
672 925 756 955 una
787 925 915 968 quam
945 916 1181 968 agnoscunt
1208 924 1258 954 ac
1289 912 1529 966 celebrant,
1562 925 1609 955 ea
1638 908 1891 954 antiochena
1920 911 2006 953 sit?
2035 912 2227 966 Denique
2256 911 2380 952 huius
2410 911 2551 953 antio-

290 985 448 1028 chenae
467 984 578 1026 cedo
600 984 783 1038 priscam
805 984 991 1039 aliquam
1019 983 1271 1025 memoriam
1287 983 1416 1042 *apud
1438 984 1728 1026 Antiochenos
1754 983 1821 1026 vel
1850 982 2098 1026 orientales:
2123 982 2168 1024 in
2198 981 2417 1024 occidente
2444 981 2549 1024 haec

289 1060 452 1100 tantum
477 1056 644 1110 agitur,
667 1068 717 1098 ac
735 1056 910 1098 Romae.
941 1057 1054 1098 Bene
1074 1055 1206 1109 igitur
1235 1059 1298 1097 est
1318 1056 1353 1097 si
1373 1057 1548 1098 Romani
1570 1056 1631 1098 ita
1649 1054 1992 1110 posthabuerunt
2015 1054 2311 1106 domesticam,
2336 1058 2549 1096 externam
2619 1109 2626 1115 Ο

289 1139 416 1181 vero,
449 1138 577 1181 quam
606 1139 658 1168 ne
688 1127 820 1169 exteri
850 1125 1022 1181 quidem
1054 1126 1225 1178 colunt,
1250 1126 1312 1168 ita
1342 1126 1648 1169 excoluerunt?
1679 1128 1794 1169 Haec
1825 1139 1850 1169 a
1878 1139 1946 1169 me
1976 1126 2089 1169 dicta
2118 1138 2167 1168 ea
2195 1125 2405 1167 modestia
2435 1125 2544 1178 sint,

279 1210 375 1253 >qua
401 1209 666 1240 summorum
694 1196 951 1252 pontificum
979 1196 1173 1252 decreta,
1203 1201 1256 1239 et·
1276 1197 1476 1240 ecclesiae
1507 1197 1831 1242 consuetudines
1846 1198 2051 1241 'venerari
2080 1196 2197 1240 soleo
2227 1209 2275 1239 ac
2305 1196 2441 1238 debeo
2474 1198 2543 1249 (1).

1272 1271 1412 1322 Imayo
1442 1275 1570 1311 sexta.

405 1341 595 1399 Festum,
619 1339 740 1395 quod
768 1353 856 1382 uno
889 1339 1113 1395 dumtaxat,
1136 1340 1358 1382 interiecto
1387 1339 1454 1381 die
1484 1339 1726 1382 cathedram
1750 1341 1882 1383 sancti
1904 1341 2020 1383 Petri
2050 1341 2344 1395 consequitur,
2368 1342 2433 1380 est
2452 1351 2547 1380 san-

284 1412 348 1454 ·cti
376 1412 576 1454 Matthiae
605 1412 814 1466 apostoli,
839 1424 966 1466 quem
996 1411 1051 1454 ad
1077 1411 1203 1453 huius
1232 1412 1433 1466 pictoris,
1465 1411 1534 1453 vel
1561 1424 1660 1453 suae
1688 1414 1821 1466 gentis
1851 1412 2195 1455 consuetudinem
2225 1414 2459 1466 petasatum
2486 1410 2547 1451 vi-

290 1482 388 1536 deS,
411 1496 460 1525 ac
481 1487 698 1538 praeterea
729 1468 1013 1538 σταυροφόρον,
1045 1483 1109 1524 uti
1138 1483 1302 1524 nullum
1332 1495 1383 1524 ex
1412 1482 1614 1537 apostolis
1636 1483 1767 1525 alium
1796 1484 1866 1525 hic
1898 1484 2125 1525 observare
2154 1483 2266 1524 licet.
2300 1481 2442 1524 Pridie
2468 1481 2547 1522 hu-

290 1554 406 1596 iusce
436 1554 534 1596 festi
563 1541 726 1595 nullam
753 1553 889 1595 cernis
917 1553 1060 1595 ieiunii
1089 1552 1392 1612 indictionem,
1423 1553 1542 1608 quod
1570 1555 1624 1595 in*
1645 1554 1849 1595 eiusmodi
1879 1554 2159 1609 pugillaribus
2186 1552 2440 1595 kalendariis
2466 1564 2545 1593 cu·

290 1626 402 1667 riose
424 1626 468 1667 in
492 1625 643 1680 primis
665 1624 978 1666 observandum
1008 1629 1096 1677 est,
1118 1637 1218 1667 cum
1247 1626 1416 1667 nonnisi
1437 1625 1491 1667 ad
1515 1625 1673 1678 fastos,
1697 1625 1906 1678 nefastos,
1933 1630 1974 1667 et
2003 1626 2254 1667 ieiuniorum
2285 1624 2375 1666 dies
2397 1627 2548 1675 notan-

271 1697 370 1757 dos
400 1709 550 1739 eorum
580 1708 680 1738 usus
711 1700 834 1737 esset.
867 1697 1015 1750 Neque
1044 1708 1148 1738 vero
1179 1709 1275 1739 eum
1306 1697 1531 1752 antiquarii
1558 1697 1726 1751 lapsum
1758 1709 1846 1738 esse
1874 1696 2038 1750 credas;
2062 1709 2162 1738 nam
2191 1696 2309 1737 nullo
2331 1695 2377 1736 in
2397 1693 2546 1736 kalen-

290 1767 435 1819 dario,
465 1767 638 1808 nullove
667 1767 713 1808 in
742 1766 1077 1822 martyrologio,
1110 1766 1320 1821 siquidem
1350 1767 1403 1810 de
1433 1768 1619 1822 antiquis
1649 1769 1812 1822 agitur,
1844 1767 2040 1809 Matthiae
2069 1767 2252 1822 apostoli
2279 1765 2548 1821 pervigilium

285 1837 501 1893 reperias,
525 1849 612 1878 non
642 1837 686 1879 in
716 1837 1005 1878 sacramentali
1035 1838 1316 1892 gregoriano,
1342 1851 1430 1880 non
1459 1839 1505 1880 in
1535 1838 1824 1881 vetustissimis
1852 1839 2057 1880 vaticanis
2087 1837 2330 1889 codicibus,
2358 1848 2446 1878 non
2475 1835 2548 1877 de-

289 1911 434 1964 nique*
451 1910 497 1950 in
526 1908 659 1950 veteri
687 1919 865 1949 romano
895 1907 1232 1962 martyrologio,
1255 1896 1333 1950 nec
1364 1909 1479 1964 apud
1500 1909 1739 1952 Usuardum
1770 1909 1837 1950 vel
1858 1909 2066 1951 Adonem.
2099 1907 2355 1960 Mierologus
2381 1910 2547 1948 tantum

292 1992 389 2035 cap.
414 1980 489 2022 47.
521 1978 723 2020 Matthiae
748 1978 932 2032 vigiliam
954 1979 1168 2032 nominat,
1190 1983 1232 2021 et
1249 1979 1362 2021 Beda
1390 1980 1547 2026 indicat
1567 1981 1613 2022 in
1633 1980 1960 2035 martyrologio.
1990 1981 2147 2022 Verum
2169 1979 2333 2034 vigiliae
2355 1978 2545 2030 nomine,

290 2050 378 2093 duo
413 2049 528 2105 apud
557 2048 805 2090 christianos
835 2047 1087 2102 significari,
1119 2061 1245 2092 nemo
1277 2050 1437 2103 nescit,
1470 2051 1673 2092 ieiunium
1710 2051 1869 2093 scilicet
1899 2056 1942 2093 et
1971 2054 2198 2092 nocturnas
2231 2048 2545 2091 excubationes.

292 2123 382 2164 Has
406 2121 520 2163 Beda
551 2125 594 2162 et
614 2119 876 2173 Micrologus
897 2120 1103 2173 innuunt3
1125 2119 1179 2163 ad
1200 2120 1307 2163 illud
1335 2134 1436 2163 vero
1469 2121 1756 2164 denotandum
1780 2122 1933 2177 reliqui
1955 2134 2100 2164 omnes
2121 2121 2229 2163 nihil
2250 2120 2417 2174 vigiliae
2442 2131 2550 2161 voce

292 2206 401 2249 opus
430 2206 520 2236 esse
551 2193 865 2245 existimarunt,
890 2191 1009 2246 quod
1037 2191 1239 2235 ieiunium
1260 2193 1392 2247 vulgo
1422 2180 1578 2248 passim
1600 2193 1918 2246 observaretur3
1942 2205 2039 2235 nam
2068 2192 2101 2234 si
2128 2192 2172 2234 in
2202 2191 2378 2246 antiquo
2400 2189 2550 2235 kalenff

292 2264 413 2307 dario
445 2263 593 2306 decem
623 2263 718 2304 illos
748 2262 838 2304 dies
867 2274 957 2304 esse
987 2263 1193 2316 sinamus,
1226 2264 1336 2318 ques
1365 2264 1411 2305 in
1440 2264 1695 2319 gregoriana
1723 2263 1968 2306 sustulimus
1997 2262 2314 2315 emendatione,
2342 2261 2425 2303 iam
2452 2260 2548 2315 pla-

292 2348 395 2377 num
425 2340 490 2377 est
519 2334 865 2390 quadragesimae
892 2333 1094 2375 ieiunium
1124 2338 1221 2376 ante
1249 2334 1449 2376 Matthiae
1480 2334 1664 2389 apostoli
1695 2334 1964 2389 pervigilium
1990 2333 2092 2375 olim
2122 2333 2367 2375 inchoatum
2395 2331 2545 2372 fuisse:
2574 2390 2578 2392 ‚

292 2419 423 2462 quare
454 2405 573 2460 quod
602 2405 807 2459 agebatur
841 2405 1043 2462 ieiunium
1080 2404 1438 2459 quadragesimale
1476 2406 1721 2460 publicum,
1753 2405 1923 2460 privato
1961 2405 2050 2446 eius
2078 2404 2175 2446 festi
2202 2403 2372 2446 nomine
2404 2413 2549 2443 rursus

291 2480 526 2533 iteratoque
556 2476 769 2529 indicere,
802 2488 912 2531 opus
941 2488 1030 2518 non
1061 2480 1164 2518 erat.
1198 2477 1250 2519 In
1279 2478 1454 2519 vetustis
1490 2476 1747 2519 kalendariis
1781 2475 1960 2519 indictio
1998 2475 2143 2517 ieiunii
2177 2471 2550 2529 quadragesimalis

291 2551 359 2591 ita-
379 2553 527 2591 notata
555 2547 819 2589 habebatur:
853 2548 972 2588 VIII.
1007 2548 1097 2588 idus
1118 2548 1323 2599 sebmam‘i
1352 2553 1440 2590 init.
1474 2551 1559 2591 XL.
1592 2549 1682 2590 Hac
1713 2547 1884 2602 quidem
1914 2547 2078 2589 ratione
2107 2547 2153 2587 in
2182 2545 2329 2587 codice
2356 2544 2548 2585 vaticano

294 2621 424 2662 3806.
456 2621 501 2661 in
531 2619 678 2661 codice
710 2631 813 2660 vero
838 2616 969 2660 3101.
994 2618 1079 2661 hoc
1107 2618 1263 2661 modo:
1302 2621 1397 2661 VII.
1421 2621 1511 2661 idus
1532 2620 1738 2671 februarii
1759 2620 1918 2671 primus
1949 2623 2061 2660 term.
2088 2619 2172 2659 XL.
2204 2616 2318 2658 Beda
2345 2619 2483 2657 autem
2502 2613 2547 2654 in

293 2690 583 2747 ephemeride:
616 2704 642 2731 a
670 2694 832 2743 septimo
853 2692 945 2732 idus
966 2691 1174 2743 februarii
1192 2693 1427 2744 ubicumque
1448 2693 1618 2738 secunda
1649 2693 1965 2742 luna2evenerit,
1991 2694 2034 2731 in
2057 2693 2248 2742 promima
2269 2689 2463 2728 dominica
2483 2686 2548 2725 die

282 2767 380 2815 post
405 2774 492 2802 eam
521 2762 640 2802 habes
674 2761 1035 2813 quadraqesimam.
1074 2762 1240 2803 Primus
1269 2774 1402 2815 porro
1439 2761 1508 2803 hic
1538 2761 1883 2815 quadragesimae
1914 2774 1963 2803 ac
1998 2761 2263 2803 sollemnium
2295 2758 2548 2800 ieiuniorum

291 2832 496 2875 terminus
525 2830 773 2886 quindecim>
798 2830 930 2873 ferme
959 2835 1078 2873 totos
1109 2831 1198 2874 dies
1221 2833 1486 2886 pervigilium
1509 2833 1643 2875 sancti
1665 2832 1866 2874 Matthiae
1887 2832 2068 2886 apostoli
2092 2830 2314 2874 antecedit.
2346 2830 2442 2871 Non
2463 2826 2548 2868 hoc

293 2902 465 2959 quidem
495 2901 568 2944 sed
589 2894 697 2943 illud
717 2901 902 2955 aliquam
925 2914 1100 2943 movere
1124 2901 1445 2944 admirationem
1467 2907 1634 2957 potest,
1661 2903 1780 2958 quod
1808 2904 1854 2946 in
1875 2902 2029 2945 missali
2050 2907 2092 2944 et
2111 2902 2323 2944 lectionali
2343 2910 2544 2950 romano,

291 2986 432 3029 neque
466 2972 700 3028 pervigilii,
733 2984 872 3026 neque
909 2972 1006 3014 festi
1041 2973 1195 3030 sancti⁴
1215 2972 1418 3014 Matthiae
1456 2974 1639 3028 apostoli
1674 2969 1808 3015 ullum
1843 2977 2018 3028 apparet
2050 2973 2286 3025 vestigium.
2319 2972 2408 3012 Hos
2442 2980 2545 3009 vero

293 3046 402 3088 duos
431 3045 672 3100 praesertim
702 3044 877 3085 nomino
910 3045 1127 3086 vaticanos
1159 3043 1353 3096 codices,
1386 3043 1505 3098 quod
1536 3045 1578 3085 in
1607 3045 1658 3086 iis
1685 3052 1772 3086 non
1803 3040 1941 3086 solum
1968 3045 2128 3098 primae
2158 3041 2413 3096 antiquitatis
2441 3040 2547 3081 ritus

293 3130 343 3159 ac
370 3116 596 3170 religiones
629 3115 950 3169 contineantur,
983 3114 1060 3157 sed
1088 3115 1214 3156 etiam
1244 3127 1395 3156 manus
1430 3115 1519 3168 ipsa
1554 3114 1720 3156 librarii
1757 3107 2098 3168 octingentorum
2130 3125 2337 3155 annorum
2368 3114 2546 3153 aetatem

263 3221 266 3224 .
293 3192 510 3243 exaequet.
541 3188 698 3229 Verum
726 3187 882 3229 mirum
909 3199 998 3228 non
1025 3187 1104 3239 sit;
1131 3185 1207 3228 ubi
1236 3185 1347 3227 enim
1374 3174 1565 3227 sollemni
1597 3184 1935 3239 quadragesimae
1960 3184 2142 3236 ieiunio,
2167 3182 2340 3237 eiusque
2367 3180 2546 3223 celebri-

294 3259 455 3302 tatibus
483 3258 721 3312 officiisque
751 3258 854 3299 olim
882 3270 1058 3312 operam
1079 3258 1260 3299 maiores
1290 3255 1471 3308 dabant,
1497 3255 1567 3297 alii
1597 3267 1622 3297 a
1647 3255 1765 3297 festis
1795 3254 2110 3309 temperabant,
2136 3254 2206 3296 alii
2225 3254 2269 3295 in
2299 3251 2414 3301 aliud
2440 3256 2547 3293 tem-

293 3342 374 3385 pus
395 3327 727 3382 transferebant,
752 3340 834 3383 pro
861 3340 961 3370 suae
987 3328 1167 3383 quisque
1191 3327 1389 3369 ecclesiae
1413 3324 1730 3368 consuetudine.
1763 3325 1868 3366 Nam
1893 3325 1996 3366 olim
2014 3325 2180 3379 ¹primus
2204 3323 2546 3379 quadragesimae

292 3395 496 3456 terminus
521 3399 640 3440 VIII.
662 3398 758 3440 idus
789 3398 1017 3452 februarii3
1046 3398 1221 3440 ultimus
1251 3410 1353 3440 vero
1384 3397 1526 3439 idibus
1554 3396 1652 3437 fuit.
1684 3397 1742 3436 Ea
1772 3394 1825 3436 de
1851 3406 1972 3436 causa
2000 3395 2045 3436 in
2073 3395 2361 3437 vetustissimis
2392 3391 2547 3435 missali

293 3475 337 3512 et
364 3469 582 3512 lectionali
612 3469 825 3522 romanis,
857 3470 990 3511 sancti
1017 3469 1132 3511 Petri
1162 3467 1363 3511 cathedra
1393 3479 1500 3522 quae
1528 3466 1726 3521 vigesima
1754 3465 1936 3507 secunda
1963 3464 2031 3507 die
2054 3465 2254 3508 februarii
2283 3464 2543 3516 celebratur,

294 3552 384 3582 non
407 3543 547 3593 extat3
570 3543 613 3582 et
630 3540 763 3582 sancti
785 3540 980 3594 Gregorii
999 3539 1144 3593 magni
1165 3539 1421 3581 sollemnitas
1434 3569 1445 3591 ,
1467 3541 1516 3579 ut
1536 3535 1682 3578 scribit
1701 3535 1953 3591 Rodulphus
1975 3536 2028 3579 de
2050 3536 2192 3579 obser.
2216 3549 2309 3579 can.
2337 3548 2432 3591 cap.
2467 3535 2517 3577 16
2530 3567 2542 3588 ,

292 3612 338 3653 iu
367 3611 480 3654 diem
507 3623 594 3666 qua
622 3609 735 3653 idem
761 3611 953 3666 pontifex
985 3610 1206 3653 ordinatus
1231 3610 1368 3651 fuerat
1396 3606 1682 3655 reficiebatur:
1716 3606 2074 3661 quemadmodum
2103 3607 2158 3650 ad
2186 3608 2312 3650 aliam
2339 3610 2547 3663 opportu-

296 3683 469 3726 nitatem
500 3683 705 3725 reiectum
734 3681 851 3725 vides
881 3683 924 3724 in
952 3680 1199 3724 kalendario
1231 3679 1497 3722 ambrosiano
1527 3677 1611 3720 hoc
1637 3677 1776 3732 ipsum
1808 3678 1942 3720 sancti
1969 3679 2170 3722 Matthiae
2196 3679 2372 3731 festum,
2398 3682 2440 3720 et
2473 3689 2545 3719 ca·-

408 3785 454 3826 (1)
475 3787 524 3819 De
549 3786 632 3819 festo
657 3786 831 3819 oethedrae
853 3760 1007 3819 romanae
1033 3787 1067 3818 S.
1091 3784 1178 3817 Petri
1203 3786 1292 3816 extat
1317 3783 1424 3816 editus
1449 3785 1571 3815 Romae
1594 3783 1699 3815 aetate
1722 3783 1834 3815 nostra
1853 3784 2011 3818 tractatus
2035 3784 2185 3828 copiosus
2205 3783 2415 3827 posthumus,
2438 3780 2546 3814 italica

294 3838 406 3879 lingua
429 3839 590 3881 scriptus,
613 3839 779 3875 Benedicti
801 3841 886 3874 XIV.
910 3841 995 3880 PR,
1018 3846 1116 3881 quem
1139 3837 1262 3870 utiliter
1287 3837 1370 3871 sacri
1397 3836 1554 3881 philologi
1578 3836 1693 3879 legent.
1717 3839 1754 3871 A.
1778 3838 1822 3871 M.
