2970 4420
1225 280 1282 311 nn
1315 278 1578 311 Tussonoms.
2475 263 2536 308 99

272 366 472 430 prologo
497 365 556 412 ad
582 372 802 412 tractatus
827 364 964 427 suos)
991 366 1039 412 in
1061 365 1304 428 epistolam
1329 366 1529 428 primam
1554 361 1773 411 Iohannis
1798 361 1877 408 ait.
1905 359 2001 410 Sed
2022 360 2138 423 quia
2165 360 2446 424 interposita
2470 374 2539 409 est

270 442 565 490 sollemnitas
583 452 858 487 sanctorum
877 441 1086 494 dierum,
1110 442 1282 505 quibus
1306 453 1462 488 certas
1479 457 1542 486 ex
1565 437 1808 502 cvangelio
1827 436 2047 484 lectiones
2071 449 2251 503 oportet
2273 437 2321 482 in
2344 439 2540 485 ecclesia

272 518 489 570 recitari,
517 534 642 581 quae
677 518 750 564 ita
784 530 894 564 sunt
929 535 1142 570 annuae,
1175 531 1227 565 ut
1259 518 1390 565 aliae
1412 534 1508 564 esse
1535 534 1630 563 non
1655 515 1842 580 possint
1851 533 1866 567 ,-
1894 514 2010 560 ordo
2035 513 2138 564 ille,
2168 530 2305 576 quem
2331 531 2540 578 suscepe-

271 612 459 647 ramus,
488 595 766 642 necessitate
793 596 1052 658 paululum
1080 596 1375 642 intermissus
1397 606 1488 659 est,
1515 611 1610 640 non
1633 591 1850 639 omissus.
1886 590 2015 637 ld'em
2040 592 2089 637 in
2114 606 2328 637 sermone
2354 591 2431 652 (V.
2466 592 2538 652 1.)

269 672 329 719 de
363 672 614 719 luctatione
648 671 822 718 lacobi.
860 674 991 718 Istae
1024 672 1266 723 lectiones,
1296 687 1419 735 quae
1451 670 1579 735 vobis
1613 670 1861 733 leguntur,
1893 666 2130 729 numquid
2159 666 2299 712 modo
2327 666 2541 729 primum

270 749 398 796 vobis
426 751 672 814 leguntur,
705 761 750 794 et
774 766 868 795 non
898 750 1091 796 eaedem
1118 748 1331 812 quotidie
1365 751 1671 812 repetuntur?
1703 745 1837 793 Sicut
1862 756 2024 791 autem
2058 744 2278 790 lectiones
2305 744 2398 789 Dei
2426 761 2543 806 quo-

270 813 390 873 tidie
421 844 538 891 opus
569 838 663 878 est,
694 838 747 872 ut
780 838 1082 890 repetantur,
1110 843 1169 872 ne
1195 825 1376 875 saeculi
1406 826 1540 872 mala
1574 836 1620 870 et
1643 823 1810 888 spinae
1835 835 2102 869 nascantur
2128 821 2178 867 in
2210 821 2432 867 cordibus
2467 838 2541 867 ve-

268 902 405 954 stris,
439 914 485 948 et
513 905 712 966 effocent
735 919 916 955 semen,
945 903 1076 966 quod
1103 902 1175 949 ibi
1202 902 1493 948 seminatum
1517 913 1612 954 est5
1642 901 1711 947 sic
1735 910 1916 964 oportet
1942 910 1987 944 et
2010 914 2270 944 sermonem
2294 897 2387 944 Dei
2415 897 2542 944 vobis
2563 944 2573 949 ,

270 996 454 1044 semper
484 980 655 1044 repeti,
685 997 743 1026 ne
765 979 906 1026 obliti
937 979 1117 1026 dicatis
1152 997 1229 1027 vos
1253 996 1348 1025 non
1378 978 1594 1029 audisse,
1623 978 1752 1042 quod
1775 976 1980 1023 dicimus
2005 992 2090 1022 nos
2119 975 2317 1021 dixisse.
2354 977 2412 1021 Et
2445 990 2545 1021 ser-

267 1073 408 1104 mone
434 1059 515 1104 lll.
545 1059 592 1104 in
628 1058 705 1104 die
742 1066 1046 1120 pentecostes.
1081 1057 1347 1105 Adventum
1377 1055 1587 1120 Spiritus
1614 1067 1768 1101 sancti
1805 1053 2140 1100 anniversaria
2162 1051 2436 1114 festivitate
2470 1069 2544 1096 ce-

269 1134 526 1181 lebramus.
564 1134 695 1180 Huic
728 1134 968 1181 sollemnis
1007 1133 1343 1198 congregatim
1379 1132 1619 1178 sollemnis
1657 1131 1827 1182 lectio,
1867 1129 2107 1177 sollemnis
2139 1145 2292 1174 sermo
2328 1128 2539 1174 debetur.

269 1213 522 1274 Gregorius
556 1228 783 1274 nyssenus
815 1222 934 1260 orat.
964 1214 1022 1259 11.
1053 1210 1250 1274 (initio)
1286 1211 1345 1257 de
1378 1218 1625 1256 resuriect.
1654 1210 1839 1256 Christi.
1878 1196 2066 1258 Παντες
2102 1195 2222 1267 μὲν,
2257 1195 2508 1267 dycta-7170)
2531 1238 2542 1257 ‚

270 1279 337 1339 ὥς
375 1279 561 1342 εἷπειν,
590 1278 933 1349 ἅποὸέχονΤαι
964 1303 1049 1336 την
1084 1279 1132 1333 ἓν
1161 1277 1378 1352 κυριακῇ
1409 1275 1544 1331 νυκτὶ
1577 1277 1686 1351 παρ’
1718 1292 1855 1347 κμων
1887 1271 2249 1347 εἷσκγκθεισαν
2282 1270 2543 1344 ἁρμοδίως

268 1356 365 1410 τῶν
381 1356 555 1452 mi‘epom
583 1356 896 1429 εὐαγΓελίων
933 1354 1222 1428 ἀνάγνωσιν
1255 1353 1366 1428 περὶ
1404 1377 1493 1414 τῆς
1529 1352 1853 1413 ἀναστάσεως
1882 1352 1978 1405 τοῦ
2009 1349 2248 1423 με’γοίλου
2286 1349 2419 1402 &eoo
2453 1349 2536 1402 καὶ

270 1455 493 1505 σωτῆρος
529 1457 666 1503 κμων
695 1434 869 1490 Ἰησοῦ
900 1432 1144 1507 Χριστοῦ.
1184 1441 1355 1487 Omnes
1389 1440 1580 1503 quidem
1611 1439 1978 1504 propemodum,
2021 1437 2208 1488 dilecti,
2243 1436 2539 1501 adprobant,

269 1520 515 1566 lectionem
544 1536 794 1566 sacrorum
827 1519 1204 1584 evangeliorum,
1241 1535 1365 1582 quae
1391 1535 1424 1564 α
1447 1518 1583 1564 nobis
1611 1530 1745 1564 nocte
1781 1517 2023 1569 dominica
2058 1515 2300 1562 commode
2329 1515 2434 1576 suit
2472 1515 2547 1560 in-

270 1597 493 1643 troducta
524 1597 582 1642 de
615 1597 956 1644 resurrectione
987 1596 1160 1660 magni
1191 1595 1286 1642 Dei
1317 1606 1362 1640 et
1396 1595 1652 1642 salvatoris
1684 1594 1839 1640 nostri
1869 1596 1978 1640 Iesu
2014 1592 2205 1639 Christi.

399 1674 570 1722 Scribit
605 1675 942 1737 Philostorgius
969 1673 1085 1737 (lib.
1115 1675 1195 1720 lll.
1225 1673 1307 1736 5.)
1333 1673 1642 1736 Theophilum
1671 1673 1836 1718 indum
1861 1672 2066 1733 legatum
2092 1687 2116 1717 a
2143 1671 2411 1733 Constantio
2434 1670 2547 1715 mis-

269 1767 399 1804 sum,
428 1751 487 1798 ad
522 1751 744 1805 Divaeos‚
772 1752 854 1813 qui
889 1752 992 1797 lhdi
1025 1759 1184 1803 erant,
1223 1749 1511 1812 profectum,
1549 1749 1694 1795 multa
1730 1764 1850 1810 quae
1887 1757 1992 1797 ante
2027 1747 2152 1809 apud
2187 1762 2267 1793 eos
2300 1746 2425 1792 haud
2460 1748 2547 1792 rite

266 1827 443 1874 fiebant
469 1827 764 1881 emendasse,
792 1836 839 1874 et
873 1829 995 1874 inter
1030 1828 1145 1879 alia,
1180 1827 1309 1888 quod
1345 1827 1414 1872 illi
1450 1826 1664 1873 sedentes
1697 1827 1919 1880 lectiones
1952 1824 2241 1886 evangelicas
2276 1821 2542 1869 audiebant.

268 1893 371 1947 Καὶ
408 1891 509 1968 γάρ
548 1891 876 1966 καθεζόμενοι
914 1895 1012 1950 τῶν
1054 1895 1399 1968 εὐαγΓελικῶν
1436 1891 1834 1964 οἷναΓνωσμοίτων
1865 1892 2130 1947 ἐποιοῦντο
2162 1889 2247 1947 τνῖν
2285 1888 2544 1962 ἀκρόασιν.

267 1984 486 2045 Namque
514 1982 724 2028 sedentes
749 1982 1038 2047 evangelicis
1063 1982 1342 2029 lectionibus
1375 1998 1517 2028 aures
1548 1981 1866 2045 praebebant..
1898 1980 2126 2028 Observat
2150 1978 2345 2026 lacobus
2369 1979 2547 2025 Gotho-

268 2060 427 2107 fredus
454 2061 527 2123 (in
551 2061 662 2107 adn.
692 2061 750 2107 ad
777 2061 868 2108 loe.
900 2063 978 2108 cit.
996 2061 1036 2124 ):
1064 2073 1110 2106 et
1133 2077 1242 2107 cum
1267 2060 1518 2124 evangelia
1543 2060 1834 2123 legerentur,
1864 2075 2065 2121 quorum
2089 2069 2246 2103 statae
2273 2057 2421 2102 etiam
2446 2072 2547 2102 cer-

268 2149 438 2200 taeque
478 2137 698 2184 lectiones
733 2127 1078 2200 οἷναγνώσεις,
1114 2126 1419 2198 ἀκούσματα
1452 2149 1592 2183 erant
1635 2137 1806 2197 (cuius
1847 2135 1918 2182 rei
1952 2136 2242 2181 luculentum
2280 2133 2405 2180 inter
2443 2133 2546 2179 alia

268 2213 593 2259 testimonium
618 2226 760 2260 extat
793 2214 843 2260 in
871 2214 1132 2278 Hippolyti
1157 2213 1405 2279 paschali,
1435 2213 1521 2259 ubi
1549 2213 1769 2259 lectiones
1803 2211 2081 2258 huiusmodi
2112 2211 2162 2256 in
2189 2210 2370 2256 cellulis
2401 2225 2544 2255 areae

269 2291 494 2336 laterculi
516 2303 674 2337 statae
698 2292 1039 2355 designantur,
1066 2292 1124 2338 de
1152 2309 1245 2355 quo
1262 2291 1405 2355 plene
1430 2290 1582 2351 alibi)
1619 2302 1745 2336 certo
1769 2306 1952 2352 quoque
1976 2288 2187 2352 corporis
2213 2286 2383 2333 babitu
2410 2285 2544 2334 Clzri-

267 2367 421 2414 stiani
443 2368 717 2419 insecclesia
732 2369 906 2431 suere:
932 2386 1098 2433 nempe
1126 2369 1253 2415 enim
1278 2386 1310 2415 a
1334 2369 1573 2415 stantibus
1594 2366 1950 2430 evangeliorum
1975 2366 2194 2412 lectiones
2218 2364 2386 2410 audiri
2407 2381 2544 2428 opor·
2578 2424 2586 2428 .

268 2444 435 2497 tuisse,
465 2445 545 2491 hic
579 2445 895 2510 Philostorgit
927 2447 1056 2493 locus
1092 2447 1295 2493 iQndzeat
1332 2448 1390 2493 Et
1425 2463 1480 2492 ex
1517 2446 1757 2493 Sozomeni
1791 2444 1916 2493 libro
1945 2446 2044 2491 Vll.
2079 2459 2181 2505 cap.
2221 2444 2295 2489 19.
2331 2451 2460 2488 notat
2494 2443 2543 2487 in

268 2523 367 2569 sola
396 2523 697 2570 alexandrina
731 2524 923 2571 ecelesia
956 2526 1227 2587 episcopum
1253 2523 1640 2576 alexandrinum,
1669 2524 1783 2569 dum
1809 2538 1862 2568 ex
1869 2522 2102 2583 angelium
2127 2521 2421 2573 recitaretur,
2447 2535 2542 2566 non

270 2599 609 2647 adsurrexisse:
651 2589 798 2663 ξένον
827 2588 879 2644 δὲ
911 2592 1113 2663 κᾴκεινο
1139 2591 1249 2664 παρ’
1274 2587 1684 2683 Ἀλεξανδρεῦσι
1711 2588 1928 2650 τούτοις
1957 2586 2422 2659 ἀναΓινωσκομένων
2453 2586 2538 2658 sap

269 2690 366 2722 των
405 2668 764 2738 εὐαγγελίων
802 2668 894 2720 οὐκ
932 2668 1253 2722 επανίσταται
1295 2668 1595 2729 ἐπίσκοπος,
1634 2662 1660 2719 ὃ
1694 2669 1802 2740 παρ’
1840 2664 2035 2730 ἀλλοις
2073 2665 2171 2718 οὐτ
2211 2687 2400 2737 εγνων,
2438 2661 2540 2716 οὐ”τ

270 2743 479 2801 azima.
517 2755 699 2799 Novum
734 2765 779 2798 et
813 2753 937 2799 illud
967 2754 1102 2817 apud
1132 2754 1318 2800 eosdem
1343 2753 1700 2800 Alexandrinos
1723 2765 1813 2804 est,
1842 2753 1971 2816 quod
1992 2752 2261 2816 epi,scopus
2290 2751 2405 2796 dum
2429 2750 2543 2796 reci-

270 2843 406 2877 tatur
428 2830 731 2894 evangelium
758 2847 852 2875 non
880 2843 1135 2894 assurgat,
1165 2830 1295 2893 quod
1320 2830 1455 2894 apud
1477 2830 1599 2877 alios
1622 2846 1836 2893 unquam
1855 2829 1980 2892 ficri
2002 2829 2220 2892 equidem
2243 2845 2390 2890 neque
2414 2844 2542 2873 com-

264 2907 374 2971 peri
406 2924 555 2972 neque
589 2906 774 2954 audivi.
812 2907 948 2954 Adde
973 2916 1022 2954 tu
1057 2923 1112 2954 ex
1150 2908 1317 2954 eodem
1351 2909 1606 2954 Sozomeno
1643 2907 1771 2969 (loc.
1801 2909 1878 2954 cit.
1903 2907 1916 2967 )
1955 2894 2154 2953 Ταότκν
2192 2893 2244 2948 δὲ
2281 2918 2367 2952 την
2403 2891 2541 2967 ἱεραν

268 2981 460 3041 βίβλον
498 2972 829 3041 οἶναγινωσκει
871 2972 1059 3028 ἐνθάδε
1095 2972 1249 3044 μόνος
1286 2975 1310 3025 ὁ
1350 2971 1735 3048 ἅρχιὸιάκονος·
1765 2998 1899 3047 παρα
1939 2971 1991 3024 δὲ
2032 2970 2255 3033 αλλοις,
2293 2968 2538 3024 διάκονοι·

271 3075 319 3107 εν
354 3053 589 3113 πολλαις
627 3050 681 3103 δὲ
725 3051 1047 3113 εκκλκσιάις,
1088 3052 1134 3104 οἱ
1177 3051 1331 3125 ἱερεις
1366 3050 1530 3122 μόνοι·
1572 3074 1617 3105 εν
1657 3048 1712 3103 δε
1756 3049 2021 3119 επισήμοις
2056 3071 2299 3121 κμεραις,
2334 3047 2542 3101 ἐπίσκο-

265 3152 381 3192 ποι,
412 3130 476 3189 ὠς
517 3151 563 3183 εν
595 3127 1121 3183 ΚωνσΤαντινουπ-όλει
1158 3127 1282 3182 καὙοὶ
1309 3151 1394 3184 τκν
1421 3126 1614 3201 πρώτην
1643 3125 1831 3200 κμέραν
1861 3150 1949 3187 της
1984 3126 2322 3194 ανασὛασίμου
2356 3124 2537 3199 ἑορὟκς.

209 3212 211 3214 ’
267 3216 411 3262 Hunc
436 3216 585 3261 etiam
610 3232 803 3261 sacrum
837 3215 1047 3261 codicem
1072 3215 1292 3278 liic-legit
1314 3215 1440 3260 solus
1460 3213 1852 3264 arclzi',dtaconus
1882 3212 2017 3276 apud
2037 3211 2159 3258 alios
2188 3228 2293 3259 vero
2317 3211 2534 3262 diaconi

269 3292 319 3338 in
341 3293 506 3339 multis
530 3293 680 3339 etiam
706 3293 914 3339 ecclesiis
938 3292 1031 3339 soli
1059 3293 1347 3342 sacerdotes,
1378 3291 1544 3337 diebus
1568 3303 1730 3336 autem
1752 3290 2057 3336 sollemnibus
2086 3289 2316 3353 episcopi,
2346 3301 2399 3335 ut
2426 3291 2540 3335 Con-

267 3370 583 3434 stantinopoli
615 3388 775 3435 primo
810 3371 888 3417 die
915 3370 1166 3435 paschalis
1199 3369 1551 3416 sollemnitatis
1589 3370 1683 3415 Leo
1723 3368 1932 3430 pontifex
1971 3369 2019 3413 in
2058 3383 2271 3414 sermone
2300 3369 2377 3418 vl.
2416 3370 2458 3414 1.
2493 3369 2541 3414 in

267 3448 583 3510 epiphaniam.
613 3449 840 3503 Quamvis
865 3464 979 3512 ergo
1003 3460 1225 3494 narratio
1249 3447 1552 3511 evangelicae
1575 3445 1790 3492 lectionis
1814 3445 1918 3491 illos
1936 3443 2130 3508 proprie
2152 3457 2390 3491 recenseat
2413 3445 2534 3496 dies,

269 3525 319 3571 in
343 3524 538 3588 quibus
550 3537 645 3572 tres
675 3526 787 3578 viri,
817 3543 933 3589 quos
957 3543 1041 3571 nec
1069 3524 1350 3589 prophetica
1375 3517 1684 3588 praedicatio
1718 3523 1967 3573 docuerat,
1996 3539 2081 3582 nec
2115 3522 2388 3583 testificatio
2421 3523 2540 3586 legis

271 3613 600 3653 instruxerat,
639 3603 708 3649 ad
739 3603 1116 3667 cognoscendum
1154 3604 1307 3648 Deum
1342 3617 1374 3647 a
1410 3600 1727 3647 remotissima
1762 3600 1958 3646 ori'entis
1989 3612 2134 3663 parte
2174 3612 2423 3654 venerunt5
2451 3600 2539 3646 lzoc

272 3676 397 3722 idem
426 3689 586 3724 tamen
622 3691 667 3724 et
695 3679 1001 3742 manifestius
1029 3696 1155 3725 nunc
1182 3690 1228 3724 et
1253 3677 1486 3741 copiosius
1515 3677 1630 3734 sieri
1654 3676 1703 3722 in
1736 3676 1949 3723 omnium
1982 3689 2254 3723 vocatorum
2289 3677 2539 3723 illumina-

270 3751 398 3798 tione
422 3755 755 3819 perspicimus.
793 3758 1018 3804 Maximus
1053 3756 1329 3802 taurinensis
1355 3756 1403 3800 in
1439 3754 1630 3800 homilia
1656 3755 1733 3800 lX.
1760 3754 1819 3799 de
1850 3754 2115 3816 epiphania.
2155 3753 2390 3803 Audistis,
2417 3753 2538 3814 sra-

271 3839 392 3880 trcs,
431 3831 674 3879 lectionem
719 3834 958 3897 evangelii
996 3832 1238 3879 salutaria
1271 3831 1536 3896 praesentis
1569 3829 1671 3876 diei
1702 3843 2005 3877 sacramenta
2042 3831 2339 3882 recitantem.
2378 3833 2538 3876 Petrus
