2970 4420
503 271 597 319 552

501 378 732 436 ἆὶηλωσιν
767 394 813 426 n
827 372 1101 440 σαφῆνααν,
1133 391 1256 444 προς
1292 372 1389 425 canei
1396 376 1472 425 νᾶυ
1503 378 1582 426 αὖ-

501 449 577 503 τὸν
603 446 726 519 ἡμᾶς
749 453 1065 503 συνωθοῦντα
1082 449 1305 546 ἅρχιεςὲα
1329 449 1581 525 ω’)ἓθιπεμ-

498 528 740 599 ψάμεθα·
777 525 915 580 αὐτοι
950 529 977 596 {j
1015 550 1045 577 τ
1076 523 1340 596 uwpuurov
1376 535 1418 596 19
1454 527 1580 581 ἀκίν-

496 609 658 667 Δὶυνον
679 604 928 674 εἱλόμεθα
958 602 1163 655 σιωπήν·
1197 602 1317 672 ὁμοῦ
1355 605 1482 657 θεοῦ
1514 623 1580 669 φι-

495 680 798 755 λανθςωπὶα
826 679 1140 753 θαρῥοῦντες,
1170 678 1254 731 καὶ
1282 680 1386 736 ταῖς
1416 685 1579 748 εὐχαῖς

498 781 580 812 του
611 778 787 830 προτρε
791 756 1011 830 «tenuive,
1040 750 1083 805 ἀς
1117 754 1396 813 &meio-eug
1432 758 1579 830 ἅρχό-

495 838 640 904 μεθα
671 832 773 886 ὧδε.

588 909 657 969 ς’.
693 906 868 1005 Ἀςχην
895 907 976 978 μὲν
1008 905 1081 973 ἦ)
1112 909 1469 979 μυςικωτάτων
1500 910 1579 964 λ6-

494 1008 594 1057 ycov
627 990 669 1056 19
705 985 963 1040 θεοτάτων
998 986 1256 1055 συμβόλων
1291 984 1403 1062 (i),
1434 987 1579 1042 αότην

495 1065 676 1118 ὁκείνῖω
708 1064 729 1114 ὁ
761 1063 1087 1132 πνώματικὸς
1107 1062 1375 1117 ὑποτιθησι
1405 1066 1580 1134 λόγος,

494 1143 542 1194 ἣν
573 1142 665 1193 εἴτε
693 1139 981 1212 ἀνθρωπεία
1011 1141 1140 1208 φύσις
1170 1138 1271 1195 οῗάν
1293 1161 1579 1213 τινα-προσ-

491 1217 639 1289 φορὰν
670 1217 718 1289 ἐξ
749 1218 864 1269 ὅλου
899 1221 982 1269 τοῦ
1015 1215 1323 1290 ἅνθρωπινου
1358 1221 1579 1290 vac'cpow

491 1304 595 1362 r&-
628 1294 768 1368 κυξίῳ
802 1317 868 1362 τῳ
901 1294 1011 1361 θεῳ
1045 1292 1168 1365 κμῧξὸ
1200 1315 1506 1392 προσηγαΊε·
1541 1301 1579 1366 19

496 1394 518 1424 n
549 1390 815 1444 προφητικη
848 1372 982 1442 χαρις
1013 1377 1097 1424 τοῦ
1132 1369 1273 1426 θειου
1310 1392 1578 1441 πνευματος

488 1452 694 1506 πολλοῖς
726 1447 811 1501 καὶ
840 1448 1022 1501 wenni).
1027 1468 1090 1506 οις
1122 1447 1319 1517 ὀνόμασι
1352 1449 1580 1522 παξεόὶη-

488 1538 663 1588 λωσεν,
686 1526 1010 1583 καταλλήλας
1039 1548 1093 1583 τη
1123 1524 1339 1600 ὖπεςογια
1369 1545 1455 1577 του
1490 1548 1580 1595 μυ-

491 1602 682 1675 στηρὶου
719 1604 804 1660 τὰς
838 1599 1177 1675 προσηγορίας
1215 1600 1578 1672 ζῆιφκμισασα,

490 1679 656 1739 τόποις
688 1679 767 1757 (2)
798 1678 891 1731 τισὶ
921 1685 963 1752 19
999 1679 1262 1750 σαμβόλοις
1293 1683 1579 1757 προθεωρη-

491 1754 660 1815 Θείσας·
684 1760 817 1810 ἀλλὰ
840 1758 902 1809 τὰ
926 1757 1177 1832 πρόσφορα
1199 1761 1241 1827 19
1264 1776 1451 1826 συμφυῆ
1480 1756 1580 1810 ὄν6-

488 1855 630 1903 ματα
658 1857 712 1892 τη
752 1833 1004 1903 οἰκονομία
1032 1836 1164 1904 πρὸς
1197 1832 1352 1903 ,Aci-you
1354 1852 1580 1931 meepwvv-

487 1909 603 1981 μίας
635 1912 671 1963 ἃῗ
695 1909 1037 1981 συντελεμὲνων
1068 1909 1389 1981 συμβόλωντῖςι
1357 1934 1390 1963 rr
1419 1932 1576 1980 ptus-n-

490 1988 586 2063 gie,
618 1992 716 2046 τοῖς
746 1990 1036 2060 θεοκήρυξιν
1065 1987 1331 2045 ‹iosos-taoni
1363 1990 1404 2058 19
1436 1987 1578 2060 ἱεροῖς

489 2069 687 2162 vagum
720 2064 1059 2133 πεφύλακται,
1080 2063 1222 2137 ἄρτον
1251 2064 1394 2119 αὐτὸν
1418 2065 1578 2117 ἐπονο-

489 2143 729 2209 μάσασιν,
746 2140 997 2211 εὖλογιαν,
1013 2141 1312 2218 προσφορὰν
1329 2142 1576 2216 ἀπαρχήν·

490 2217 634 2293 ἄρτον
664 2218 745 2291 μὲν
771 2220 881 2295 (3),
906 2226 959 2277 ὣς
990 2243 1022 2272 τ
1054 2220 1258 2294 οὐράνιον
1290 2220 1466 2292 iterur,
1496 2221 1579 2271 αὗ-

1377 289 1599 321 TnEonom
1632 290 1889 323 ANDIDENSIS

1654 377 1785 424 licuit
1801 377 2175 440 praecedentium
2189 390 2375 443 patrum
2389 383 2593 445 aliquam
2608 396 2731 447 expo

1647 455 1867 501 -sitionem
1882 464 1958 502 aut
1977 455 2362 514 declarationem3
2382 461 2440 507 ad
2456 461 2574 508 hanc
2592 463 2749 523 potius
2792 467 2794 469 ’

1654 531 1941 579 hortatorem
1965 541 2178 579 nostrum
2202 536 2473 603 episcopum
2509 538 2742 601 ablegavirss
2764 555 2767 557 ·

1658 624 1789 655 mus:
1811 609 1926 655 dum
1951 625 2037 656 nos
2061 611 2248 656 interim
2271 613 2479 674 quietum
2504 623 2749 679 tutumque

1656 686 1891 734 silentium
1917 696 2074 735 tenere
2091 688 2359 742 maluimus.
2388 691 2477 736 Sed
2497 695 2642 754 agesis
2665 695 2748 740 Dei

1651 761 1925 825 benignitati
1962 773 2008 811 et
2049 766 2302 813 hortatoris
2343 768 2489 814 nostri
2526 769 2743 829 precibus

1654 840 1816 908 confisi
1827 850 2006 905 suscepi
2015 858 2091 889 um
2101 845 2393 905 propositum
2403 844 2746 906 adgrediamur.

1751 921 1796 964 6.
1836 920 2022 965 initium
2046 919 2285 967 doctrinae
2312 936 2532 975 arcanae,
2560 931 2607 969 et
2639 939 2746 971 san-

1653 996 1965 1043 ctissimorum
1985 996 2310 1058 symbolorum
2324 1032 2335 1051 ,
2355 998 2473 1045 illud
2491 999 2645 1061 ipsum
2664 1002 2750 1062 spi-

1651 1073 1799 1119 ritalis
1823 1089 1976 1121 sermo
1997 1076 2245 1137 proponit,
2268 1076 2397 1138 quod
2418 1085 2520 1123 tum
2544 1077 2749 1134 humana

1653 1159 1817 1197 natura
1851 1167 1931 1198 ceu
1964 1153 2199 1214 quandam
2234 1152 2522 1200 oblationem
2553 1170 2607 1200 ex
2647 1156 2749 1200 uni-

1636 1244 1784 1275 -versa
1818 1227 2019 1275 humana
2053 1244 2202 1277 massa
2228 1229 2423 1277 domino
2458 1232 2556 1279 Deo
2585 1240 2759 1280 nostro*

1652 1305 1818 1358 offert;
1846 1313 1947 1352 tum
1978 1306 2249 1368 prophetica
2282 1310 2429 1370 gratia
2462 1308 2609 1355 divini
2644 1311 2748 1372 Spi-

1653 1382 1769 1428 ritus
1803 1383 1960 1429 multis
1987 1383 2273 1446 diversisque
2303 1384 2544 1432 vocabulis
2567 1385 2745 1448 signifi-

1653 1461 1772 1507 cavit
1786 1495 1798 1514 ,
1820 1475 2050 1523 congruas
2073 1460 2269 1523 operato
2294 1464 2518 1523 mysterio
2541 1464 2749 1530 appella-

1652 1538 1801 1583 tiones
1821 1538 2088 1600 imponens,
2113 1541 2233 1601 typis
2249 1538 2533 1602 quibusdam
2550 1557 2602 1587 ac
2618 1556 2748 1602 sym·-

1651 1614 1774 1661 bolis
1792 1623 2200 1678 praemonstratas.
2229 1617 2318 1664 Sed
2339 1632 2562 1709 congrua
2569 1625 2614 1665 et
2631 1633 2747 1667 con-

1652 1693 1879 1739 naturalia
1914 1694 2113 1749 nomina
2138 1695 2205 1740 rei
2239 1702 2392 1756 gestae
2425 1674 2608 1742 modo·
2594 1711 2748 1759 impo-

1605 1820 1607 1822 ,
1651 1784 1786 1824 nere,
1809 1771 1871 1816 ita
1891 1779 1940 1816 ut
1957 1771 2110 1833 ipsum
2132 1770 2415 1818 vocabulum
2437 1780 2621 1834 peracta
2644 1789 2752 1835 my·-

1651 1848 1778 1895 sterii
1816 1847 2030 1915 symbola
2066 1850 2258 1910 proprie
2288 1848 2560 1903 denotaret,
2594 1850 2643 1896 id
2676 1852 2753 1898 in-

1651 1940 1794 1986 quam
1817 1925 1986 1971 divinis
2021 1925 2330 1987 praeconibus
2351 1927 2610 1988 apostolis,
2641 1943 2750 1975 san-

1653 2003 1829 2065 ctisque
1863 2001 2074 2065 patribus
2106 2018 2244 2051 curae
2269 2003 2372 2050 fuit.
2402 2006 2563 2066 Itaque
2586 2005 2752 2068 appel-

1652 2079 1809 2126 larunt
1851 2095 2019 2143 panem
2041 2115 2052 2135 ‚
2099 2079 2476 2128 benedictionem
2498 2117 2508 2136 ,
2550 2081 2776 2130 oblatioe‘

1652 2171 1786 2210 nem,
1810 2157 2052 2219 primitias.
2080 2157 2253 2204 Panem
2271 2158 2462 2220 quidem
2479 2194 2491 2214 ‚
2513 2167 2751 2221 tamquam

1651 2233 1896 2279 caelestem
1936 2230 2131 2295 panem,
2167 2235 2324 2296 ipsum
2360 2236 2578 2282 videlicet
2611 2237 2747 2295 Chri-

593 2361 643 2403 (1)
667 2358 926 2404 Sacramenta,
960 2363 996 2396 et
1022 2368 1081 2396 res
1111 2357 1224 2396 simul
1254 2362 1293 2396 et
1321 2357 1533 2406 symbolum
1564 2363 1664 2396 suut.
1698 2357 1808 2395 Verbi
1840 2358 1959 2404 gratia
1988 2358 2236 2403 eucharistia,
2263 2368 2322 2395 res
2352 2364 2408 2396 est
2438 2365 2588 2407 propter
2619 2370 2747 2399 veram

485 2417 622 2454 Christi
647 2417 911 2465 praesentiam,
938 2418 1145 2466 simulque,
1171 2423 1214 2455 ut
1237 2417 1290 2455 ait
1313 2417 1525 2464 Critopulus
1550 2417 1589 2457 in
1614 2416 1771 2454 confess.
1799 2417 1892 2454 eccl.
1920 2427 2002 2465 cap.
2023 2421 2059 2454 9.
2089 2416 2306 2466 symbolum
2332 2421 2392 2461 τῆς
2420 2420 2723 2468 συσσωματῶσεως
2737 2446 2751 2466 ,

490 2479 548 2514 καὶ
576 2479 655 2526 ἐγκε
659 2478 768 2526 ντρίεσ
771 2493 812 2520 ως
837 2479 928 2527 ημῶν
954 2480 1035 2527 πρός
1061 2480 1119 2514 τόν
1146 2477 1455 2525 ἕνανὸρωπήσαντα
1483 2478 1556 2514 υἱόν
1584 2480 1642 2513 καὶ
1669 2478 1774 2526 λόγον
1801 2492 1860 2513 του
1887 2476 1987 2514 θεοῦ.

594 2542 642 2582 (2)
668 2538 942 2576 Praecludeudo
972 2549 1101 2578 eorum
1125 2539 1182 2576 ori
1205 2539 1271 2586 qui
1302 2549 1436 2586 panem
1467 2538 1754 2575 eucharisticum
1786 2543 1919 2586 typum
1950 2543 2099 2576 tantum
2129 2548 2195 2575 seu
2220 2538 2380 2586 figuram
2412 2514 2575 2587 corporis
2602 2541 2748 2579 Christi

484 2597 762 2646 blasphemant,
789 2597 893 2636 adest
916 2599 1198 2646 antiquissimus
1222 2609 1370 2646 quoque
1395 2599 1499 2635 testis
1524 2594 1686 2647 Cyrillus
1711 2597 1885 2635 hierosol.
1907 2598 1949 2634 in
1973 2598 2282 2647 mystag.1V.3:
2312 2600 2344 2635 ἐν
2373 2602 2464 2647 τόπῳ
2488 2601 2589 2648 ἄρτου
2615 2602 2746 2639 δέδοταί

485 2671 540 2694 σοι
567 2659 605 2694 τό
633 2659 750 2706 coiux:
778 2659 819 2693 in
844 2659 934 2705 typo
959 2657 1022 2703 (id
1046 2662 1101 2695 est
1127 2657 1195 2694 sub
1218 2659 1366 2705 specie)
1393 2659 1511 2705 panis
1540 2657 1660 2694 datur
1687 2657 1756 2694 tibi
1780 2667 1930 2704 corpus.
1960 2657 2089 2705 ltaque
2118 2667 2194 2694 non
2225 2658 2388 2706 corporis
2421 2666 2475 2697 est
2507 2660 2649 2708 figura,
2678 2672 2746 2701 seu

482 2718 641 2767 species,
668 2718 775 2767 panis
798 2720 872 2764 est3
898 2717 962 2755 sed
988 2728 1122 2765 corpus
1147 2716 1218 2755 sub
1242 2717 1363 2765 specie
1388 2717 1512 2765 panis.
1539 2716 1664 2763 Pergit
1687 2715 1852 2765 Cyrillus
1878 2714 2020 2753 dicere:
2047 2719 2098 2765 μη·
2123 2719 2275 2767 πρόσεχε
2299 2720 2345 2760 ὥς,
2367 2720 2488 2767 ψιλοῖς
2515 2723 2561 2767 τῷ
2581 2722 2669 2769 ἄρτῳ
2690 2723 2751 2758 και·

483 2780 529 2825 τῷ
551 2777 640 2825 οἴνῳ·
668 2781 769 2826 σῶμα
794 2780 862 2826 ‘yde
887 2779 947 2814 καὶ
977 2777 1068 2826 αἷμα
1096 2780 1245 2826 Χριστοῦ
1271 2778 1361 2814 κατ-α’
1391 2779 1451 2817 τήν
1479 2778 1683 2822 δεσποτικήν
1712 2777 1879 2824 τυγχάνει
1904 2778 2097 2825 ἀπόφασιν.
2124 2777 2202 2814 Iam
2231 2778 2577 2827 ut.longinquioris
2604 2781 2752 2829 quoque

483 2837 644 2876 nationis
670 2838 883 2876 testimonia
908 2837 1051 2886 aliquot
1073 2836 1242 2875 inaudita
1265 2836 1374 2874 nobis
1404 2846 1657 2881 accersamus,
1685 2835 1792 2878 adest
1819 2836 1966 2884 sapiens
1998 2836 2063 2873 ille
2092 2837 2354 2874 Armeniorum
2383 2838 2577 2889 episcopus
2607 2840 2765 2879 Neues·

484 2892 779 2946 lamprunen'sis,
799 2899 862 2946 qui
887 2898 925 2934 in
950 2908 1074 2935 sacrae
1092 2898 1267 2945 liturgiae
1292 2896 1567 2945 explanatione,
1588 2897 1707 2944 patrio
1731 2906 1901 2934 sermone
1917 2897 2124 2944 conscripta
2143 2908 2180 2945 p.
2204 2901 2285 2944 161..
2304 2897 2442 2935 diserte
2466 2899 2535 2936 ait:
2559 2901 2677 2947 panis
2689 2901 2747 2948 fit

488 2951 626 3008 corpus
658 2958 821 2994 Christi.
853 2957 1030 2999 Similiter
1058 2968 1094 3005 p.
1123 2960 1204 2994 389.
1235 2958 1386 3006 Spiritu
1415 2959 1549 2994 sancto
1580 2959 1789 3004 operante,
1816 2956 1864 2993 de
1893 2966 1995 3002 pane
2015 2956 2070 3003 fit
2101 2967 2239 3004 corpus
2270 2957 2434 2994 Christi.
2462 2959 2557 2995 Item
2584 2970 2621 3007 p.
2650 2963 2720 2996 397
2735 2972 2744 2996 :

483 3019 652 3055 materia
677 3019 867 3054 exanimis
891 3018 1045 3065 (panis)
1071 3019 1193 3054 vitam
1216 3019 1403 3064 suscepit:
1428 3019 1647 3055 animatum
1679 3016 1723 3053 id
1742 3014 1849 3063 fuit,
1875 3018 1937 3053 cui
1968 3017 2108 3054 deerat
2136 3018 2321 3064 spiritus.-
2346 3018 2564 3066 symbolum
2595 3022 2637 3055 in
2667 3015 2772 3057 rem‘

483 3079 705 3115 conversum
735 3080 814 3114 est:
845 3066 987 3125 species
1018 3079 1191 3124 eorporis
1222 3077 1394 3123 Christi,
1425 3076 1736 3114 substantialiter
1766 3079 1919 3113 omnino
1951 3077 2102 3114 Christ-i
2131 3088 2269 3124 corpus
2298 3076 2437 3123 effect-a
2468 3081 2539 3115 est.
2576 3079 2747 3127 Denique

484 3149 520 3185 p.
545 3142 634 3175 468.
659 3149 733 3185 per
749 3138 968 3175 'sacerdotis
991 3140 1205 3174 orationem
1229 3136 1423 3174 descendit
1446 3138 1616 3183 Spiritus
1640 3136 1695 3173 ad
1717 3128 1879 3183 speciem
1904 3136 2060 3183 (panis)
2086 3137 2375 3185 vivificandam.
2403 3137 2553 3186 Quibus
2585 3138 2626 3175 in
2651 3138 2747 3178 loeis

483 3197 669 3245 quomodo
694 3209 778 3246 pars
802 3198 924 3246 aliqua
949 3197 1191 3235 dubitationis
1215 3197 1327 3243 resit,
1353 3207 1502 3245 prorsus
1533 3208 1610 3235 non
1635 3196 1752 3234 video.
1779 3198 1827 3234 Et
1850 3196 1984 3248 diserte
2010 3197 2122 3242 alibi,
2152 3203 2194 3235 ut
2226 3191 2391 3246 pergunt
2411 3198 2534 3236 dicere
2559 3200 2639 3235 RR.
2666 3194 2744 3249 PP.

481 3257 754 3296 Meehitaristae
778 3258 818 3294 in
839 3252 1011 3305 'apologia
1040 3268 1104 3304 pro
1129 3258 1299 3301 Nersete,
1327 3257 1532 3295 venerabile
1551 3256 1691 3304 *dogma
1718 3257 1892 3294 veraciter
1915 3257 2041 3295 tradit.
2071 3258 2258 3295 Nimirum
2284 3269 2320 3305 p.
2355 3262 2432 3295 158.
2461 3258 2636 3306 pluribus
2664 3255 2744 3294 ver-

482 3314 541 3352 bis
565 3315 701 3353 adserit
725 3327 802 3353 non
827 3316 985 3364 figuram
1009 3316 1145 3354 Christi
1170 3327 1248 3353 esse
1271 3316 1553 3362 eucharistiam,
1579 3315 1645 3355 sed
1668 3316 1792 3363 ipsum
1817 3316 1895 3353 eius
1921 3326 2055 3363 eorpus
2081 3321 2118 3353 et
2147 3317 2381 3365 sanguinem.
2409 3318 2455 3357 Et
2483 3327 2567 3354 mox
2591 3327 2629 3364 p.
2659 3319 2742 3352 160.

483 3379 594 3421 negat
618 3375 828 3424 symbolum
853 3377 920 3413 Dei
939 3386 1018 3414 esse
1039 3386 1171 3424 panem
1196 3375 1259 3420 (id
1281 3381 1336 3413 est
1356 3376 1516 3423 speciem
1537 3376 1665 3422 panis)
1690 3375 1756 3413 sed
1779 3375 1830 3413 ibi
1851 3376 2014 3423 corporis
2035 3376 2284 3414 substantiam
2308 3376 2491 3414 contineri
2516 3379 2741 3424 propugnat.

482 3433 576 3469 Rem
601 3436 802 3483 perspicuis
833 3436 951 3473 verbis
981 3435 1154 3472 adfirmat
1177 3435 1287 3473 etiam
1313 3446 1374 3483 pp.
1404 3439 1484 3472 130.
1516 3440 1595 3472 164.
1625 3439 1707 3473 351.
1734 3439 1816 3472 361.
1844 3438 1966 3483 Atque
1994 3441 2036 3472 ut
2059 3441 2184 3473 noster
2212 3435 2463 3484 Hieronymus
2490 3445 2547 3482 ep.
2578 3436 2659 3488 146.
2689 3431 2740 3470 ad

483 3493 714 3530 sacerdotum
742 3506 866 3542 preces
895 3496 948 3532 ait
973 3494 1109 3532 Christi
1136 3505 1269 3542 corpus
1295 3494 1589 3542 sanguinemque
1619 3493 1775 3540 confici,
1801 3494 1854 3530 sic
1882 3499 1919 3531 et
1941 3495 2075 3532 Nerses
2099 3503 2138 3541 p.
2162 3498 2224 3532 45.
2251 3493 2486 3531 sacerdotum
2512 3490 2743 3538 dignitatem

484 3549 658 3597 suspicit,
677 3551 860 3590 diribendi
878 3554 1058 3600 Spiritum
1082 3559 1274 3598 sanctum,
1294 3559 1330 3590 et
1355 3552 1547 3590 materiam
1571 3553 1613 3590 in
1629 3554 1749 3590 Deum
1774 3551 2027 3590 consecrandi.
2055 3553 2223 3600 Denique
2245 3552 2419 3590 Armenii
2443 3550 2483 3586 in
2510 3549 2653 3597 hymno
2676 3560 2747 3587 eu-

490 3609 688 3646 charistico
714 3618 873 3649 canunt:
901 3613 964 3649 liic
982 3614 1100 3660 panis
1125 3615 1182 3649 est
1206 3623 1343 3660 corpus
1360 3610 1451 3649 'Iesu
1477 3612 1639 3649 Christi.
1667 3613 1722 3648 De
1746 3611 1816 3649 hoc
1838 3617 2068 3649 sacramento
2094 3612 2278 3659 praeclare
2299 3611 2415 3649 etiam
2445 3608 2655 3656 Stephanus
2682 3607 2750 3646 Al-

491 3666 640 3705 doensis
667 3670 871 3724 patriarcha
898 3672 1169 3709 Maronitarum
1195 3672 1233 3709 in
1258 3663 1524 3709 commentario
1548 3670 1594 3708 de
1619 3670 1754 3716 missa,
1780 3681 1891 3718 quem
1916 3671 1991 3709 iam
2016 3675 2113 3708 retro
2141 3669 2387 3708 laudavimus.
2771 3715 2775 3719 .

599 3731 647 3772 (3)
671 3725 708 3765 S.
736 3730 865 3766 Petrus
890 3732 1063 3769 Damiani
1086 3742 1147 3781 op.
1168 3733 1231 3769 cit.
1252 3742 1290 3769 n.
1311 3736 1347 3768 2.
1374 3731 1463 3769 Ideo
1481 3741 1626 3779 panem
1654 3733 1692 3768 et
1713 3732 1846 3776 pinum
1870 3732 1912 3778 ἰη,
1935 3730 2169 3777 sacrificium
2194 3730 2366 3775 corporis
2398 3731 2437 3765 et
2460 3730 2663 3776 sanquinis
2689 3729 2749 3765 sui

488 3787 665 3825 Christus
696 3790 882 3834 instituit,
908 3791 1009 3836 quod
1034 3793 1135 3828 sieut
1159 3802 1258 3838 prae
1288 3793 1423 3828 ceteris
1450 3791 1543 3827 cibis
1570 3789 1836 3838 corporalibus
1858 3791 1977 3837 panis
2005 3792 2046 3826 et
2071 3790 2200 3825 vinum
2229 3787 2427 3834 reficiunt,
2454 3790 2510 3824 ita
2542 3798 2678 3835 corpus
2706 3788 2745 3824 et

486 3850 641 3895 sanquis
669 3848 819 3885 Christi
836 3860 938 3896 prae
965 3852 1100 3886 ceteris
1126 3851 1219 3887 cibis
1244 3854 1282 3887 et
1298 3851 1453 3899 potibus
1480 3850 1747 3899 spiritualibus
1775 3851 1996 3887 interiorem
2023 3849 2222 3885 hominem
2246 3847 2425 3895 reficiunt
2455 3850 2494 3884 et
2521 3849 2720 3894 supinant.
