<?xml version="1.0" encoding="UTF-8"?>
<!DOCTYPE html PUBLIC "-//W3C//DTD XHTML 1.0 Transitional//EN"
    "http://www.w3.org/TR/xhtml1/DTD/xhtml1-transitional.dtd">
<html xmlns="http://www.w3.org/1999/xhtml" xml:lang="en" lang="en">
 <head>
  <title>
</title>
<meta http-equiv="Content-Type" content="text/html;charset=utf-8" />
  <meta name='ocr-system' content='tesseract 3.04.00' />
  <meta name='ocr-capabilities' content='ocr_page ocr_carea ocr_par ocr_line ocrx_word'/>
</head>
<body>
  <div class='ocr_page' id='page_1' title='image "./novaepatrumbibli06maiauoft/novaepatrumbibli06maiauoft_0448.png"; bbox 0 0 2970 4420; ppageno 0'>
   <div class='ocr_carea' id='block_1_1' title="bbox 455 239 2774 2031">
    <p class='ocr_par' dir='ltr' id='par_1_1' title="bbox 463 239 1791 308">
     <span class='ocr_line' id='line_1_1' title="bbox 463 239 1791 308; baseline 0.001 -4"><span class='ocrx_word' id='word_1_1' title='bbox 463 259 558 304; x_wconf 79' lang='lat'><strong>210</strong></span> <span class='ocrx_word' id='word_1_2' title='bbox 949 239 955 247; x_wconf 44' lang='lat'>¹</span> <span class='ocrx_word' id='word_1_3' title='bbox 1395 272 1620 308; x_wconf 73' lang='lat' dir='ltr'><strong>Tflmnom</strong></span> <span class='ocrx_word' id='word_1_4' title='bbox 1652 273 1791 305; x_wconf 61' lang='lat' dir='ltr'><strong>Gazae</strong></span> 
     </span>
    </p>

    <p class='ocr_par' dir='ltr' id='par_1_2' title="bbox 459 345 2727 1132">
     <span class='ocr_line' id='line_1_2' title="bbox 464 345 2723 428; baseline 0.003 -23"><span class='ocrx_word' id='word_1_5' title='bbox 464 348 617 421; x_wconf 71' lang='grc' dir='ltr'><em>σπότῃ</em></span> <span class='ocrx_word' id='word_1_6' title='bbox 655 347 738 403; x_wconf 76' lang='grc' dir='ltr'><strong>καὶ</strong></span> <span class='ocrx_word' id='word_1_7' title='bbox 775 346 953 408; x_wconf 68' lang='grc' dir='ltr'><em>ἡδονὴν</em></span> <span class='ocrx_word' id='word_1_8' title='bbox 982 345 1244 422; x_wconf 82' lang='grc' dir='ltr'><em>παρέχειν·</em></span> <span class='ocrx_word' id='word_1_9' title='bbox 1275 348 1431 402; x_wconf 82' lang='grc' dir='ltr'><em>καλεῖ</em></span> <span class='ocrx_word' id='word_1_10' title='bbox 1463 347 1646 405; x_wconf 75' lang='grc' dir='ltr'><em>τοῦτον</em></span> <span class='ocrx_word' id='word_1_11' title='bbox 1681 347 2009 419; x_wconf 16' lang='grc' dir='ltr'><em>ὁκδεσπότνις,</em></span> <span class='ocrx_word' id='word_1_12' title='bbox 2045 350 2263 428; x_wconf 75' lang='grc' dir='ltr'><em>ἕρχεὙαι·</em></span> <span class='ocrx_word' id='word_1_13' title='bbox 2297 354 2535 419; x_wconf 73' lang='grc' dir='ltr'><em>ἀπειλεῖ,</em></span> <span class='ocrx_word' id='word_1_14' title='bbox 2568 353 2723 427; x_wconf 82' lang='grc' dir='ltr'><em>μάλα</em></span> 
     </span>
     <span class='ocr_line' id='line_1_3' title="bbox 459 434 2722 514; baseline 0.003 -20"><span class='ocrx_word' id='word_1_15' title='bbox 459 438 692 501; x_wconf 73' lang='grc' dir='ltr'><em>ταπεινὸς</em></span> <span class='ocrx_word' id='word_1_16' title='bbox 727 441 935 512; x_wconf 70' lang='grc' dir='ltr'><em>γίνέΤαι·</em></span> <span class='ocrx_word' id='word_1_17' title='bbox 963 438 1127 495; x_wconf 72' lang='grc' dir='ltr'><em>τύπὛει</em></span> <span class='ocrx_word' id='word_1_18' title='bbox 1148 481 1160 502; x_wconf 91' lang='grc'><em>,</em></span> <span class='ocrx_word' id='word_1_19' title='bbox 1190 437 1282 491; x_wconf 87' lang='grc' dir='ltr'><em>οὐκ</em></span> <span class='ocrx_word' id='word_1_20' title='bbox 1311 435 1595 511; x_wconf 67' lang='grc' dir='ltr'><em>ὐργίζὲῗαι.</em></span> <span class='ocrx_word' id='word_1_21' title='bbox 1615 434 1707 491; x_wconf 66' lang='grc' dir='ltr'><strong>ἐνΗι</strong></span> <span class='ocrx_word' id='word_1_22' title='bbox 1744 436 1835 493; x_wconf 68' lang='grc' dir='ltr'><strong>καῖ</strong></span> <span class='ocrx_word' id='word_1_23' title='bbox 1864 438 2137 514; x_wconf 75' lang='grc' dir='ltr'><em>χαριένΤως</em></span> <span class='ocrx_word' id='word_1_24' title='bbox 2166 444 2190 497; x_wconf 84' lang='grc' dir='ltr'>ὁ</span> <span class='ocrx_word' id='word_1_25' title='bbox 2229 442 2465 507; x_wconf 73' lang='grc' dir='ltr'><em>Αἴσωπος</em></span> <span class='ocrx_word' id='word_1_26' title='bbox 2497 443 2587 499; x_wconf 78' lang='grc' dir='ltr'><strong>ὑπὸ</strong></span> <span class='ocrx_word' id='word_1_27' title='bbox 2624 446 2722 500; x_wconf 76' lang='grc' dir='ltr'><em>τοό</em></span> 
     </span>
     <span class='ocr_line' id='line_1_4' title="bbox 463 523 2723 605; baseline 0.003 -23"><span class='ocrx_word' id='word_1_28' title='bbox 463 527 709 585; x_wconf 88' lang='grc' dir='ltr'><em>δεσπότου</em></span> <span class='ocrx_word' id='word_1_29' title='bbox 746 527 962 588; x_wconf 82' lang='grc' dir='ltr'><em>Ξάνθου</em></span> <span class='ocrx_word' id='word_1_30' title='bbox 996 523 1318 590; x_wconf 73' lang='grc' dir='ltr'><em>κελευσθεῖς,</em></span> <span class='ocrx_word' id='word_1_31' title='bbox 1350 524 1641 589; x_wconf 77' lang='grc' dir='ltr'><em>ἐπιλέκΤους</em></span> <span class='ocrx_word' id='word_1_32' title='bbox 1674 525 1816 590; x_wconf 73' lang='grc' dir='ltr'><em>τινοῖς</em></span> <span class='ocrx_word' id='word_1_33' title='bbox 1852 530 2006 602; x_wconf 68' lang='grc' dir='ltr'><em>κρεῶν</em></span> <span class='ocrx_word' id='word_1_34' title='bbox 2039 527 2253 605; x_wconf 80' lang='grc' dir='ltr'><em>μερίδας</em></span> <span class='ocrx_word' id='word_1_35' title='bbox 2279 534 2342 603; x_wconf 61' lang='lat' dir='ltr'><strong>‘rii</strong></span> <span class='ocrx_word' id='word_1_36' title='bbox 2379 532 2614 605; x_wconf 73' lang='grc' dir='ltr'><em>εὐνοούσῃ</em></span> <span class='ocrx_word' id='word_1_37' title='bbox 2649 531 2723 588; x_wconf 84' lang='grc' dir='ltr'><em>δι-</em></span> 
     </span>
     <span class='ocr_line' id='line_1_5' title="bbox 461 614 2727 699; baseline 0.003 -28"><span class='ocrx_word' id='word_1_38' title='bbox 461 617 605 675; x_wconf 88' lang='grc' dir='ltr'><em>δόναι</em></span> <span class='ocrx_word' id='word_1_39' title='bbox 628 661 640 682; x_wconf 92' lang='grc'><em>,</em></span> <span class='ocrx_word' id='word_1_40' title='bbox 680 618 736 671; x_wconf 89' lang='grc' dir='ltr'><strong>οὐ</strong></span> <span class='ocrx_word' id='word_1_41' title='bbox 773 619 836 688; x_wconf 66' lang='grc' dir='ltr'><em>τῇ</em></span> <span class='ocrx_word' id='word_1_42' title='bbox 869 616 1076 691; x_wconf 61' lang='grc' dir='ltr'><em>γυναικὶ</em></span> <span class='ocrx_word' id='word_1_43' title='bbox 1100 658 1111 679; x_wconf 90' lang='grc'><em>,</em></span> <span class='ocrx_word' id='word_1_44' title='bbox 1148 614 1299 670; x_wconf 81' lang='grc' dir='ltr'><em>οἷλλοὶ</em></span> <span class='ocrx_word' id='word_1_45' title='bbox 1333 615 1396 685; x_wconf 65' lang='grc' dir='ltr'><em>τῇ</em></span> <span class='ocrx_word' id='word_1_46' title='bbox 1430 614 1536 671; x_wconf 78' lang='grc' dir='ltr'><em>κυνὶ</em></span> <span class='ocrx_word' id='word_1_47' title='bbox 1580 614 1850 673; x_wconf 82' lang='grc' dir='ltr'><em>ἐπέδωκεν·</em></span> <span class='ocrx_word' id='word_1_48' title='bbox 1892 618 2283 684; x_wconf 81' lang='grc' dir='ltr'><em>ἐπανελθόντος</em></span> <span class='ocrx_word' id='word_1_49' title='bbox 2319 619 2376 675; x_wconf 72' lang='grc' dir='ltr'><strong>δε)</strong></span> <span class='ocrx_word' id='word_1_50' title='bbox 2417 620 2593 699; x_wconf 76' lang='grc' dir='ltr'><em>οἴκαδε</em></span> <span class='ocrx_word' id='word_1_51' title='bbox 2628 623 2727 677; x_wconf 73' lang='grc' dir='ltr'><em>τοῦ</em></span> 
     </span>
     <span class='ocr_line' id='line_1_6' title="bbox 462 701 2727 782; baseline 0.002 -20"><span class='ocrx_word' id='word_1_52' title='bbox 462 706 694 771; x_wconf 82' lang='grc' dir='ltr'><em>Ξάνθου,</em></span> <span class='ocrx_word' id='word_1_53' title='bbox 723 707 806 761; x_wconf 80' lang='grc' dir='ltr'><em>καὶ</em></span> <span class='ocrx_word' id='word_1_54' title='bbox 843 707 931 767; x_wconf 65' lang='grc' dir='ltr'><em>τῆς</em></span> <span class='ocrx_word' id='word_1_55' title='bbox 963 701 1205 773; x_wconf 75' lang='grc' dir='ltr'><em>’γυναικὸς</em></span> <span class='ocrx_word' id='word_1_56' title='bbox 1236 704 1304 758; x_wconf 77' lang='grc' dir='ltr'><em>’ἐπ’</em></span> <span class='ocrx_word' id='word_1_57' title='bbox 1335 705 1476 778; x_wconf 77' lang='grc' dir='ltr'><em>αὐτῷ</em></span> <span class='ocrx_word' id='word_1_58' title='bbox 1502 703 1670 779; x_wconf 78' lang='grc' dir='ltr'><em>,τούτῳ</em></span> <span class='ocrx_word' id='word_1_59' title='bbox 1709 703 1965 779; x_wconf 71' lang='grc' dir='ltr'><em>δυσμενῶς</em></span> <span class='ocrx_word' id='word_1_60' title='bbox 1995 708 2141 782; x_wconf 69' lang='grc' dir='ltr'><em>αὐτῷ’·</em></span> <span class='ocrx_word' id='word_1_61' title='bbox 2172 709 2416 779; x_wconf 74' lang='grc' dir='ltr'><em>ἐχούσης,</em></span> <span class='ocrx_word' id='word_1_62' title='bbox 2449 709 2536 765; x_wconf 65' lang='grc' dir='ltr'><strong>καὶ</strong></span> <span class='ocrx_word' id='word_1_63' title='bbox 2571 712 2628 766; x_wconf 88' lang='grc' dir='ltr'><strong>οὐ</strong></span> <span class='ocrx_word' id='word_1_64' title='bbox 2662 712 2727 782; x_wconf 66' lang='grc' dir='ltr'><em>τῇ</em></span> 
     </span>
     <span class='ocr_line' id='line_1_7' title="bbox 459 789 2720 873; baseline 0.003 -25"><span class='ocrx_word' id='word_1_65' title='bbox 459 795 705 850; x_wconf 74' lang='grc' dir='ltr'><em>Αἰσώπου</em></span> <span class='ocrx_word' id='word_1_66' title='bbox 735 799 1051 868; x_wconf 68' lang='grc' dir='ltr'><em>πανουργίᾳ,</em></span> <span class='ocrx_word' id='word_1_67' title='bbox 1078 794 1143 870; x_wconf 70' lang='grc' dir='ltr'><em>τῇ</em></span> <span class='ocrx_word' id='word_1_68' title='bbox 1177 791 1230 846; x_wconf 82' lang='grc' dir='ltr'><em>δὲ</em></span> <span class='ocrx_word' id='word_1_69' title='bbox 1267 794 1364 847; x_wconf 73' lang='grc' dir='ltr'><em>τοῦ</em></span> <span class='ocrx_word' id='word_1_70' title='bbox 1393 789 1609 852; x_wconf 78' lang='grc' dir='ltr'><em>Ξάνθου</em></span> <span class='ocrx_word' id='word_1_71' title='bbox 1649 794 1914 868; x_wconf 79' lang='grc' dir='ltr'><em>ἐφυβρίσει</em></span> <span class='ocrx_word' id='word_1_72' title='bbox 1951 797 2110 873; x_wconf 53' lang='grc' dir='ltr'><strong>τοῦτοο</strong></span> <span class='ocrx_word' id='word_1_73' title='bbox 2141 796 2528 871; x_wconf 76' lang='grc' dir='ltr'><em>οἶνοιτιθεμένκς,</em></span> <span class='ocrx_word' id='word_1_74' title='bbox 2565 798 2656 867; x_wconf 71' lang='grc' dir='ltr'><strong>ἔφη</strong></span> <span class='ocrx_word' id='word_1_75' title='bbox 2696 801 2720 854; x_wconf 86' lang='lat' dir='ltr'><strong>o‘</strong></span> 
     </span>
     <span class='ocr_line' id='line_1_8' title="bbox 460 879 2723 963; baseline 0.004 -25"><span class='ocrx_word' id='word_1_76' title='bbox 460 884 712 948; x_wconf 71' lang='grc' dir='ltr'><em>Αἴσωπος·</em></span> <span class='ocrx_word' id='word_1_77' title='bbox 750 881 826 960; x_wconf 71' lang='grc' dir='ltr'><strong>ἆρ’</strong></span> <span class='ocrx_word' id='word_1_78' title='bbox 866 885 955 937; x_wconf 89' lang='grc' dir='ltr'><em>οὐκ</em></span> <span class='ocrx_word' id='word_1_79' title='bbox 990 883 1164 956; x_wconf 71' lang='grc' dir='ltr'><em>ὀρθῶς</em></span> <span class='ocrx_word' id='word_1_80' title='bbox 1202 880 1360 959; x_wconf 65' lang='grc' dir='ltr'><em>δρῶν,</em></span> <span class='ocrx_word' id='word_1_81' title='bbox 1397 880 1438 937; x_wconf 69' lang='grc' dir='ltr'><strong>οἷ</strong></span> <span class='ocrx_word' id='word_1_82' title='bbox 1473 881 1723 948; x_wconf 89' lang='grc' dir='ltr'><em>δέσποτα,</em></span> <span class='ocrx_word' id='word_1_83' title='bbox 1757 885 1960 959; x_wconf 64' lang='grc' dir='ltr'><em>τῇκυνὶ</em></span> <span class='ocrx_word' id='word_1_84' title='bbox 2002 888 2066 948; x_wconf 80' lang='grc' dir='ltr'><strong>ὠς</strong></span> <span class='ocrx_word' id='word_1_85' title='bbox 2104 886 2339 959; x_wconf 72' lang='grc' dir='ltr'><em>εὐνοούσῃ</em></span> <span class='ocrx_word' id='word_1_86' title='bbox 2376 879 2723 963; x_wconf 70' lang='grc' dir='ltr'><em>προύβαλονς</em></span> 
     </span>
     <span class='ocr_line' id='line_1_9' title="bbox 463 969 2724 1053; baseline 0.002 -25"><span class='ocrx_word' id='word_1_87' title='bbox 463 974 649 1032; x_wconf 68' lang='grc' dir='ltr'><em>ταύτην</em></span> <span class='ocrx_word' id='word_1_88' title='bbox 685 971 786 1046; x_wconf 65' lang='grc' dir='ltr'><strong>’γάρ</strong></span> <span class='ocrx_word' id='word_1_89' title='bbox 826 971 915 1047; x_wconf 78' lang='grc' dir='ltr'><em>κᾷν</em></span> <span class='ocrx_word' id='word_1_90' title='bbox 949 972 1179 1043; x_wconf 72' lang='grc' dir='ltr'><em>τύπτῃς,</em></span> <span class='ocrx_word' id='word_1_91' title='bbox 1217 969 1306 1046; x_wconf 72' lang='grc' dir='ltr'><em>κᾷν</em></span> <span class='ocrx_word' id='word_1_92' title='bbox 1339 971 1699 1044; x_wconf 68' lang='grc' dir='ltr'><em>μαστιγώσῃς,</em></span> <span class='ocrx_word' id='word_1_93' title='bbox 1734 974 2026 1045; x_wconf 71' lang='grc' dir='ltr'><em>ἀμνημονεῖ·</em></span> <span class='ocrx_word' id='word_1_94' title='bbox 2064 975 2088 1032; x_wconf 68' lang='grc' dir='ltr'><strong><em>ἦ</em></strong></span> <span class='ocrx_word' id='word_1_95' title='bbox 2130 972 2188 1034; x_wconf 73' lang='grc' dir='ltr'><em>δὴ</em></span> <span class='ocrx_word' id='word_1_96' title='bbox 2224 975 2347 1045; x_wconf 71' lang='grc' dir='ltr'><em>γυνὴ</em></span> <span class='ocrx_word' id='word_1_97' title='bbox 2386 976 2544 1052; x_wconf 73' lang='grc' dir='ltr'><em>ἅπαξ</em></span> <span class='ocrx_word' id='word_1_98' title='bbox 2581 979 2724 1053; x_wconf 78' lang='grc' dir='ltr'><em>ὑβρι-</em></span> 
     </span>
     <span class='ocr_line' id='line_1_10' title="bbox 461 1058 1629 1132; baseline -0.003 -15"><span class='ocrx_word' id='word_1_99' title='bbox 461 1064 650 1120; x_wconf 69' lang='grc' dir='ltr'><em>σθῆναι</em></span> <span class='ocrx_word' id='word_1_100' title='bbox 689 1061 942 1124; x_wconf 73' lang='grc' dir='ltr'><em>δοκοῦσα,</em></span> <span class='ocrx_word' id='word_1_101' title='bbox 977 1058 1348 1123; x_wconf 67' lang='grc' dir='ltr'><strong>ἀδιαλλάκτως</strong></span> <span class='ocrx_word' id='word_1_102' title='bbox 1386 1058 1498 1131; x_wconf 71' lang='grc' dir='ltr'><em>ἔχει</em></span> <span class='ocrx_word' id='word_1_103' title='bbox 1541 1063 1629 1132; x_wconf 77' lang='lat'>(1).</span> 
     </span>
    </p>

    <p class='ocr_par' dir='ltr' id='par_1_3' title="bbox 455 1147 2774 2031">
     <span class='ocr_line' id='line_1_11' title="bbox 580 1147 2726 1226; baseline 0.004 -22"><span class='ocrx_word' id='word_1_104' title='bbox 580 1151 637 1210; x_wconf 67' lang='grc' dir='ltr'><strong>η’.</strong></span> <span class='ocrx_word' id='word_1_105' title='bbox 676 1156 885 1226; x_wconf 76' lang='grc' dir='ltr'><em>Μυρίων</em></span> <span class='ocrx_word' id='word_1_106' title='bbox 918 1147 970 1203; x_wconf 72' lang='grc' dir='ltr'><em>δὲ</em></span> <span class='ocrx_word' id='word_1_107' title='bbox 1001 1150 1090 1211; x_wconf 61' lang='grc' dir='ltr'><em>τῆς</em></span> <span class='ocrx_word' id='word_1_108' title='bbox 1125 1150 1220 1205; x_wconf 68' lang='grc' dir='ltr'><strong>τῶν</strong></span> <span class='ocrx_word' id='word_1_109' title='bbox 1254 1150 1408 1206; x_wconf 77' lang='grc' dir='ltr'><em>κυνῶν</em></span> <span class='ocrx_word' id='word_1_110' title='bbox 1438 1149 1560 1224; x_wconf 77' lang='grc' dir='ltr'><em>πρὸς</em></span> <span class='ocrx_word' id='word_1_111' title='bbox 1592 1150 1710 1213; x_wconf 78' lang='grc' dir='ltr'><em>τοὺς</em></span> <span class='ocrx_word' id='word_1_112' title='bbox 1745 1148 1994 1214; x_wconf 85' lang='grc' dir='ltr'><em>δεσπότας</em></span> <span class='ocrx_word' id='word_1_113' title='bbox 2026 1159 2205 1219; x_wconf 81' lang='grc' dir='ltr'><em>φιλίας</em></span> <span class='ocrx_word' id='word_1_114' title='bbox 2232 1154 2316 1208; x_wconf 79' lang='grc' dir='ltr'><strong>καὶ</strong></span> <span class='ocrx_word' id='word_1_115' title='bbox 2353 1155 2545 1218; x_wconf 76' lang='grc' dir='ltr'><em>εὐνοίας</em></span> <span class='ocrx_word' id='word_1_116' title='bbox 2580 1154 2726 1213; x_wconf 72' lang='grc' dir='ltr'><em>ἕν’Των</em></span> 
     </span>
     <span class='ocr_line' id='line_1_12' title="bbox 458 1238 2774 1318; baseline 0.002 -23"><span class='ocrx_word' id='word_1_117' title='bbox 458 1242 555 1296; x_wconf 66' lang='grc' dir='ltr'><strong>τῶν</strong></span> <span class='ocrx_word' id='word_1_118' title='bbox 591 1238 1073 1315; x_wconf 63' lang='grc' dir='ltr'><em>παραδειγμάτων,</em></span> <span class='ocrx_word' id='word_1_119' title='bbox 1112 1239 1292 1314; x_wconf 54' lang='grc' dir='ltr'><em>ὀλίγα)</em></span> <span class='ocrx_word' id='word_1_120' title='bbox 1314 1239 1410 1293; x_wconf 74' lang='grc' dir='ltr'><strong>ἀπὸ</strong></span> <span class='ocrx_word' id='word_1_121' title='bbox 1447 1241 1672 1295; x_wconf 67' lang='grc' dir='ltr'><em>πολλῶν</em></span> <span class='ocrx_word' id='word_1_122' title='bbox 1705 1240 1770 1294; x_wconf 72' lang='grc' dir='ltr'><em>τοὶ</em></span> <span class='ocrx_word' id='word_1_123' title='bbox 1810 1241 2176 1315; x_wconf 70' lang='grc' dir='ltr'><em>ἐπισημότατα</em></span> <span class='ocrx_word' id='word_1_124' title='bbox 2210 1243 2726 1318; x_wconf 73' lang='grc' dir='ltr'><em>ἀπομνημονεύωμεν.</em></span> <span class='ocrx_word' id='word_1_125' title='bbox 2771 1270 2774 1275; x_wconf 81' lang='grc'><strong>’</strong></span> 
     </span>
     <span class='ocr_line' id='line_1_13' title="bbox 459 1325 2724 1404; baseline 0.001 -20"><span class='ocrx_word' id='word_1_126' title='bbox 459 1328 751 1403; x_wconf 81' lang='grc' dir='ltr'><em>Λυσιμάχῳ</em></span> <span class='ocrx_word' id='word_1_127' title='bbox 787 1328 878 1400; x_wconf 75' lang='grc' dir='ltr'><strong>μὲν</strong></span> <span class='ocrx_word' id='word_1_128' title='bbox 909 1325 994 1384; x_wconf 73' lang='grc' dir='ltr'><em>οὐν</em></span> <span class='ocrx_word' id='word_1_129' title='bbox 1026 1329 1100 1402; x_wconf 73' lang='grc' dir='ltr'><em>τῷ</em></span> <span class='ocrx_word' id='word_1_130' title='bbox 1127 1329 1347 1396; x_wconf 77' lang='grc' dir='ltr'><em>βασιλεῖ</em></span> <span class='ocrx_word' id='word_1_131' title='bbox 1373 1329 1398 1382; x_wconf 77' lang='grc' dir='ltr'>ὁ</span> <span class='ocrx_word' id='word_1_132' title='bbox 1428 1327 1557 1384; x_wconf 88' lang='grc' dir='ltr'><em>κύων</em></span> <span class='ocrx_word' id='word_1_133' title='bbox 1588 1329 1834 1404; x_wconf 62' lang='grc' dir='ltr'><em>’Ῡρκανός</em></span> <span class='ocrx_word' id='word_1_134' title='bbox 1863 1329 2170 1387; x_wconf 75' lang='grc' dir='ltr'><em>συναπέθανε</em></span> <span class='ocrx_word' id='word_1_135' title='bbox 2204 1334 2291 1402; x_wconf 84' lang='lat'><strong>(2).</strong></span> <span class='ocrx_word' id='word_1_136' title='bbox 2321 1331 2724 1388; x_wconf 77' lang='grc' dir='ltr'><em>Συναπέθανεδέ</em></span> 
     </span>
     <span class='ocr_line' id='line_1_14' title="bbox 457 1416 2731 1493; baseline 0.001 -19"><span class='ocrx_word' id='word_1_137' title='bbox 457 1419 541 1474; x_wconf 77' lang='grc' dir='ltr'><strong>καὶ</strong></span> <span class='ocrx_word' id='word_1_138' title='bbox 585 1416 766 1490; x_wconf 69' lang='grc' dir='ltr'><em>ἷδιῶτῃ</em></span> <span class='ocrx_word' id='word_1_139' title='bbox 803 1418 901 1474; x_wconf 75' lang='grc' dir='ltr'><em>τινὶ</em></span> <span class='ocrx_word' id='word_1_140' title='bbox 942 1417 1130 1493; x_wconf 82' lang='grc' dir='ltr'><em>Πύῤῥω</em></span> <span class='ocrx_word' id='word_1_141' title='bbox 1160 1416 1387 1490; x_wconf 71' lang='grc' dir='ltr'><em>τοῦνομα</em></span> <span class='ocrx_word' id='word_1_142' title='bbox 1425 1419 1449 1472; x_wconf 80' lang='grc' dir='ltr'>ὁ</span> <span class='ocrx_word' id='word_1_143' title='bbox 1486 1417 1630 1473; x_wconf 85' lang='grc' dir='ltr'><em>κύων”</em></span> <span class='ocrx_word' id='word_1_144' title='bbox 1668 1417 1999 1482; x_wconf 74' lang='grc' dir='ltr'><em>ἀποθανόνὛος</em></span> <span class='ocrx_word' id='word_1_145' title='bbox 2033 1420 2139 1493; x_wconf 61' lang='grc' dir='ltr'><strong>γὰρ</strong></span> <span class='ocrx_word' id='word_1_146' title='bbox 2175 1422 2271 1476; x_wconf 74' lang='grc' dir='ltr'><em>τοῦ</em></span> <span class='ocrx_word' id='word_1_147' title='bbox 2307 1419 2582 1486; x_wconf 78' lang='grc' dir='ltr'><em>δεσπότου,</em></span> <span class='ocrx_word' id='word_1_148' title='bbox 2611 1422 2731 1477; x_wconf 78' lang='grc' dir='ltr'><em>ἀπο-</em></span> 
     </span>
     <span class='ocr_line' id='line_1_15' title="bbox 459 1503 2725 1582; baseline 0 -19"><span class='ocrx_word' id='word_1_149' title='bbox 459 1506 684 1563; x_wconf 80' lang='grc' dir='ltr'><em>σποῖσθαι</em></span> <span class='ocrx_word' id='word_1_150' title='bbox 716 1508 814 1562; x_wconf 73' lang='grc' dir='ltr'><em>τοῦ</em></span> <span class='ocrx_word' id='word_1_151' title='bbox 841 1508 1016 1582; x_wconf 72' lang='grc' dir='ltr'><em>νεκροῦ</em></span> <span class='ocrx_word' id='word_1_152' title='bbox 1051 1507 1142 1560; x_wconf 87' lang='grc' dir='ltr'><em>οὐκ</em></span> <span class='ocrx_word' id='word_1_153' title='bbox 1172 1503 1420 1571; x_wconf 69' lang='grc' dir='ltr'><em>ἦδυνῆθκ,</em></span> <span class='ocrx_word' id='word_1_154' title='bbox 1449 1504 1539 1561; x_wconf 63' lang='grc' dir='ltr'><strong>καὶ</strong></span> <span class='ocrx_word' id='word_1_155' title='bbox 1564 1507 1630 1578; x_wconf 73' lang='grc' dir='ltr'><em>τῇ</em></span> <span class='ocrx_word' id='word_1_156' title='bbox 1655 1509 1794 1582; x_wconf 72' lang='grc' dir='ltr'><em>πυρᾷ</em></span> <span class='ocrx_word' id='word_1_157' title='bbox 1823 1506 2129 1572; x_wconf 72' lang='grc' dir='ltr'><em>ε’πὶΤεθέντ-ος</em></span> <span class='ocrx_word' id='word_1_158' title='bbox 2167 1509 2235 1563; x_wconf 76' lang='grc' dir='ltr'><strong>ἐπ’</strong></span> <span class='ocrx_word' id='word_1_159' title='bbox 2266 1510 2417 1568; x_wconf 66' lang='grc' dir='ltr'><em>αὐτὴν</em></span> <span class='ocrx_word' id='word_1_160' title='bbox 2449 1508 2603 1568; x_wconf 65' lang='grc' dir='ltr'><em>ἥλαὙο</em></span> <span class='ocrx_word' id='word_1_161' title='bbox 2640 1510 2725 1565; x_wconf 72' lang='grc' dir='ltr'><em>καὶ</em></span> 
     </span>
     <span class='ocr_line' id='line_1_16' title="bbox 459 1593 2728 1673; baseline 0 -21"><span class='ocrx_word' id='word_1_162' title='bbox 459 1595 884 1666; x_wconf 68' lang='grc' dir='ltr'><em>συγκατκκαύθκ.</em></span> <span class='ocrx_word' id='word_1_163' title='bbox 922 1596 1034 1658; x_wconf 70' lang='grc' dir='ltr'><em>Τῶν</em></span> <span class='ocrx_word' id='word_1_164' title='bbox 1071 1593 1125 1649; x_wconf 82' lang='grc' dir='ltr'><em>δὲ</em></span> <span class='ocrx_word' id='word_1_165' title='bbox 1158 1597 1425 1668; x_wconf 87' lang='grc' dir='ltr'><em>Ῥωμαίων</em></span> <span class='ocrx_word' id='word_1_166' title='bbox 1459 1595 1596 1657; x_wconf 78' lang='grc' dir='ltr'><em>τινὸς</em></span> <span class='ocrx_word' id='word_1_167' title='bbox 1633 1595 1861 1650; x_wconf 84' lang='grc' dir='ltr'><em>Καιλίου</em></span> <span class='ocrx_word' id='word_1_168' title='bbox 1897 1595 2124 1670; x_wconf 73' lang='grc' dir='ltr'><em>τοῦνομα</em></span> <span class='ocrx_word' id='word_1_169' title='bbox 2162 1596 2500 1673; x_wconf 78' lang='grc' dir='ltr'><em>εὐπατρίδου,</em></span> <span class='ocrx_word' id='word_1_170' title='bbox 2537 1600 2560 1652; x_wconf 85' lang='grc' dir='ltr'>ὁ</span> <span class='ocrx_word' id='word_1_171' title='bbox 2599 1597 2728 1654; x_wconf 88' lang='grc' dir='ltr'><em>κύων</em></span> 
     </span>
     <span class='ocr_line' id='line_1_17' title="bbox 458 1683 2730 1762; baseline 0.001 -21"><span class='ocrx_word' id='word_1_172' title='bbox 458 1686 804 1762; x_wconf 74' lang='grc' dir='ltr'><em>ὑπερασπίζων</em></span> <span class='ocrx_word' id='word_1_173' title='bbox 839 1686 936 1740; x_wconf 73' lang='grc' dir='ltr'><em>τοῦ</em></span> <span class='ocrx_word' id='word_1_174' title='bbox 975 1683 1221 1740; x_wconf 79' lang='grc' dir='ltr'><em>δεσπότου</em></span> <span class='ocrx_word' id='word_1_175' title='bbox 1259 1684 1344 1740; x_wconf 77' lang='grc' dir='ltr'><strong>καὶ</strong></span> <span class='ocrx_word' id='word_1_176' title='bbox 1387 1683 1832 1759; x_wconf 74' lang='grc' dir='ltr'><strong>ιὑπερμαχόμενος,</strong></span> <span class='ocrx_word' id='word_1_177' title='bbox 1870 1686 1960 1743; x_wconf 88' lang='grc' dir='ltr'><em>οὐκ</em></span> <span class='ocrx_word' id='word_1_178' title='bbox 1996 1684 2135 1742; x_wconf 70' lang='grc' dir='ltr'><em>εἴασε</em></span> <span class='ocrx_word' id='word_1_179' title='bbox 2172 1685 2257 1745; x_wconf 65' lang='lat' dir='ltr'><strong>*viv</strong></span> <span class='ocrx_word' id='word_1_180' title='bbox 2292 1688 2518 1753; x_wconf 65' lang='grc' dir='ltr'><em>κεφαλὴν</em></span> <span class='ocrx_word' id='word_1_181' title='bbox 2554 1688 2730 1743; x_wconf 82' lang='grc' dir='ltr'><em>οἷποτε-</em></span> 
     </span>
     <span class='ocr_line' id='line_1_18' title="bbox 455 1774 2725 1851; baseline 0 -20"><span class='ocrx_word' id='word_1_182' title='bbox 455 1777 599 1850; x_wconf 78' lang='grc' dir='ltr'><em>μεῖν,</em></span> <span class='ocrx_word' id='word_1_183' title='bbox 634 1776 765 1851; x_wconf 79' lang='grc' dir='ltr'><em>πρὶν</em></span> <span class='ocrx_word' id='word_1_184' title='bbox 801 1776 885 1831; x_wconf 77' lang='grc' dir='ltr'><strong>καὶ</strong></span> <span class='ocrx_word' id='word_1_185' title='bbox 926 1776 1080 1839; x_wconf 77' lang='grc' dir='ltr'><em>αὐτὸς</em></span> <span class='ocrx_word' id='word_1_186' title='bbox 1106 1774 1365 1831; x_wconf 68' lang='grc' dir='ltr'><em>ὑπὸτῶν</em></span> <span class='ocrx_word' id='word_1_187' title='bbox 1401 1774 1588 1841; x_wconf 84' lang='grc' dir='ltr'><em>φονέων</em></span> <span class='ocrx_word' id='word_1_188' title='bbox 1622 1776 1958 1838; x_wconf 67' lang='grc' dir='ltr'><em>συναπέθανε.</em></span> <span class='ocrx_word' id='word_1_189' title='bbox 1995 1777 2107 1832; x_wconf 73' lang='grc' dir='ltr'><em>Τῶν</em></span> <span class='ocrx_word' id='word_1_190' title='bbox 2135 1777 2428 1834; x_wconf 77' lang='grc' dir='ltr'><em>Ἀθηναίων</em></span> <span class='ocrx_word' id='word_1_191' title='bbox 2463 1775 2725 1850; x_wconf 74' lang='grc' dir='ltr'><em>πανδημεὶ</em></span> 
     </span>
     <span class='ocr_line' id='line_1_19' title="bbox 459 1862 2729 1944; baseline 0 -24"><span class='ocrx_word' id='word_1_192' title='bbox 459 1867 531 1929; x_wconf 82' lang='grc' dir='ltr'><strong>εἷς</strong></span> <span class='ocrx_word' id='word_1_193' title='bbox 566 1865 661 1928; x_wconf 77' lang='grc' dir='ltr'><em>τάς</em></span> <span class='ocrx_word' id='word_1_194' title='bbox 699 1866 819 1927; x_wconf 72' lang='grc' dir='ltr'><em>ναῧς</em></span> <span class='ocrx_word' id='word_1_195' title='bbox 857 1864 1147 1939; x_wconf 79' lang='grc' dir='ltr'><em>ἐμβάντων,</em></span> <span class='ocrx_word' id='word_1_196' title='bbox 1186 1862 1355 1922; x_wconf 69' lang='grc' dir='ltr'><em>ἐπειδὴ</em></span> <span class='ocrx_word' id='word_1_197' title='bbox 1394 1865 1419 1918; x_wconf 79' lang='grc' dir='ltr'>ὅ</span> <span class='ocrx_word' id='word_1_198' title='bbox 1459 1864 1763 1941; x_wconf 76' lang='grc' dir='ltr'><em>Ξανθίππου</em></span> <span class='ocrx_word' id='word_1_199' title='bbox 1799 1866 1894 1919; x_wconf 72' lang='grc' dir='ltr'><em>τοῦ</em></span> <span class='ocrx_word' id='word_1_200' title='bbox 1924 1864 2244 1944; x_wconf 37' lang='grc' dir='ltr'><em>Περικλέους.</em></span> <span class='ocrx_word' id='word_1_201' title='bbox 2273 1866 2462 1942; x_wconf 73' lang='grc' dir='ltr'><em>πατρὸς</em></span> <span class='ocrx_word' id='word_1_202' title='bbox 2497 1865 2624 1923; x_wconf 87' lang='grc' dir='ltr'><em>κύων</em></span> <span class='ocrx_word' id='word_1_203' title='bbox 2656 1868 2729 1929; x_wconf 77' lang='grc' dir='ltr'><strong>εἷς</strong></span> 
     </span>
     <span class='ocr_line' id='line_1_20' title="bbox 460 1952 2727 2031; baseline -0 -21"><span class='ocrx_word' id='word_1_204' title='bbox 460 1956 578 2011; x_wconf 69' lang='grc' dir='ltr'><em>ναῦν</em></span> <span class='ocrx_word' id='word_1_205' title='bbox 616 1956 831 2027; x_wconf 60' lang='grc' dir='ltr'><em>ἐμβῆναι</em></span> <span class='ocrx_word' id='word_1_206' title='bbox 872 1956 966 2009; x_wconf 92' lang='grc' dir='ltr'><em>οὐκ</em></span> <span class='ocrx_word' id='word_1_207' title='bbox 1005 1952 1236 2013; x_wconf 63' lang='grc' dir='ltr'><em>ἠδυνήθη</em></span> <span class='ocrx_word' id='word_1_208' title='bbox 1260 1997 1271 2018; x_wconf 86' lang='grc'><em>,</em></span> <span class='ocrx_word' id='word_1_209' title='bbox 1309 1955 1383 2016; x_wconf 84' lang='grc' dir='ltr'><strong>εἷς</strong></span> <span class='ocrx_word' id='word_1_210' title='bbox 1425 1953 1708 2010; x_wconf 88' lang='grc' dir='ltr'><em>θάλασσαν</em></span> <span class='ocrx_word' id='word_1_211' title='bbox 1743 1952 1904 2012; x_wconf 63' lang='grc' dir='ltr'><em>ἥλατο</em></span> <span class='ocrx_word' id='word_1_212' title='bbox 1946 1954 2029 2008; x_wconf 78' lang='grc' dir='ltr'><strong>καὶ</strong></span> <span class='ocrx_word' id='word_1_213' title='bbox 2073 1955 2137 2026; x_wconf 63' lang='grc' dir='ltr'><em>τῇ</em></span> <span class='ocrx_word' id='word_1_214' title='bbox 2178 1952 2259 2031; x_wconf 70' lang='grc' dir='ltr'><em>νηὶ·</em></span> <span class='ocrx_word' id='word_1_215' title='bbox 2290 1954 2727 2027; x_wconf 67' lang='grc' dir='ltr'><em>παρανηχόμενος</em></span> 
     </span>
    </p>
   </div>
   <div class='ocr_carea' id='block_1_2' title="bbox 2138 2042 2327 2063">
    <p class='ocr_par' dir='ltr' id='par_1_4' title="bbox 2138 2042 2327 2063">
     <span class='ocr_line' id='line_1_21' title="bbox 2138 2042 2327 2063; baseline 0.011 -2"><span class='ocrx_word' id='word_1_216' title='bbox 2138 2042 2214 2063; x_wconf 59' lang='grc'><strong>18(</strong></span> <span class='ocrx_word' id='word_1_217' title='bbox 2314 2045 2327 2063; x_wconf 66' lang='lat' dir='ltr'>t</span> 
     </span>
    </p>
   </div>
   <div class='ocr_carea' id='block_1_3' title="bbox 459 2039 2730 2120">
    <p class='ocr_par' dir='ltr' id='par_1_5' title="bbox 459 2039 2730 2120">
     <span class='ocr_line' id='line_1_22' title="bbox 459 2039 2730 2120; baseline 0 -22"><span class='ocrx_word' id='word_1_218' title='bbox 459 2042 585 2120; x_wconf 70' lang='grc' dir='ltr'><em>ἄχρι</em></span> <span class='ocrx_word' id='word_1_219' title='bbox 618 2045 923 2118; x_wconf 77' lang='grc' dir='ltr'><em>Σαλαμῖνος</em></span> <span class='ocrx_word' id='word_1_220' title='bbox 956 2042 1306 2118; x_wconf 73' lang='grc' dir='ltr'><em>ἐκαρὛέρκσεν,</em></span> <span class='ocrx_word' id='word_1_221' title='bbox 1336 2039 1392 2106; x_wconf 66' lang='grc' dir='ltr'><strong>ἧς</strong></span> <span class='ocrx_word' id='word_1_222' title='bbox 1425 2040 1608 2111; x_wconf 69' lang='grc' dir='ltr'><em>ἐπιβάς</em></span> <span class='ocrx_word' id='word_1_223' title='bbox 1639 2041 2037 2114; x_wconf 59' lang='grc' dir='ltr'><em>ε’λειποψύχκσε.</em></span> <span class='ocrx_word' id='word_1_224' title='bbox 2070 2049 2273 2118; x_wconf 87' lang='grc' dir='ltr'><em>Πυρρος</em></span> <span class='ocrx_word' id='word_1_225' title='bbox 2303 2067 2326 2097; x_wconf 92' lang='grc' dir='ltr'><em>ο</em></span> <span class='ocrx_word' id='word_1_226' title='bbox 2359 2044 2611 2110; x_wconf 75' lang='grc' dir='ltr'><em>βασιλεὺς</em></span> <span class='ocrx_word' id='word_1_227' title='bbox 2644 2067 2730 2099; x_wconf 89' lang='grc' dir='ltr'><em>πο-</em></span> 
     </span>
    </p>
   </div>
   <div class='ocr_carea' id='block_1_4' title="bbox 436 2190 2738 2419">
    <p class='ocr_par' dir='ltr' id='par_1_6' title="bbox 436 2190 2738 2419">
     <span class='ocr_line' id='line_1_23' title="bbox 436 2190 2730 2264; baseline 0.001 -16"><span class='ocrx_word' id='word_1_228' title='bbox 436 2199 585 2257; x_wconf 80' lang='lat' dir='ltr'><strong>¹tans‚</strong></span> <span class='ocrx_word' id='word_1_229' title='bbox 612 2211 749 2264; x_wconf 89' lang='lat' dir='ltr'><strong>atque</strong></span> <span class='ocrx_word' id='word_1_230' title='bbox 772 2203 835 2249; x_wconf 91' lang='lat' dir='ltr'><strong>ita</strong></span> <span class='ocrx_word' id='word_1_231' title='bbox 859 2218 907 2248; x_wconf 88' lang='lat' dir='ltr'><strong>se</strong></span> <span class='ocrx_word' id='word_1_232' title='bbox 932 2202 1129 2248; x_wconf 90' lang='lat' dir='ltr'><strong>omnino</strong></span> <span class='ocrx_word' id='word_1_233' title='bbox 1152 2216 1317 2263; x_wconf 86' lang='lat' dir='ltr'><strong>gerens</strong></span> <span class='ocrx_word' id='word_1_234' title='bbox 1338 2209 1391 2248; x_wconf 89' lang='lat' dir='ltr'><strong>ut</strong></span> <span class='ocrx_word' id='word_1_235' title='bbox 1415 2199 1716 2248; x_wconf 88' lang='lat' dir='ltr'><strong>oblectationi</strong></span> <span class='ocrx_word' id='word_1_236' title='bbox 1739 2215 1791 2247; x_wconf 90' lang='lat' dir='ltr'><strong>ac</strong></span> <span class='ocrx_word' id='word_1_237' title='bbox 1814 2200 2090 2247; x_wconf 87' lang='lat' dir='ltr'><strong>iucunditati</strong></span> <span class='ocrx_word' id='word_1_238' title='bbox 2114 2190 2309 2248; x_wconf 88' lang='lat' dir='ltr'><strong>domino</strong></span> <span class='ocrx_word' id='word_1_239' title='bbox 2331 2202 2404 2247; x_wconf 91' lang='lat' dir='ltr'><strong>sit.</strong></span> <span class='ocrx_word' id='word_1_240' title='bbox 2432 2202 2578 2249; x_wconf 86' lang='lat' dir='ltr'><strong>Vocat</strong></span> <span class='ocrx_word' id='word_1_241' title='bbox 2603 2201 2730 2250; x_wconf 89' lang='lat' dir='ltr'><strong>hune</strong></span> 
     </span>
     <span class='ocr_line' id='line_1_24' title="bbox 458 2277 2728 2338; baseline 0 -12"><span class='ocrx_word' id='word_1_242' title='bbox 458 2279 708 2327; x_wconf 72' lang='lat' dir='ltr'><strong>dominus?</strong></span> <span class='ocrx_word' id='word_1_243' title='bbox 742 2280 887 2335; x_wconf 80' lang='lat' dir='ltr'><strong>venit.</strong></span> <span class='ocrx_word' id='word_1_244' title='bbox 926 2281 1128 2326; x_wconf 85' lang='lat' dir='ltr'><strong>Minatur</strong></span> <span class='ocrx_word' id='word_1_245' title='bbox 1161 2279 1417 2326; x_wconf 74' lang='lat' dir='ltr'><strong>dominus?</strong></span> <span class='ocrx_word' id='word_1_246' title='bbox 1451 2277 1506 2324; x_wconf 84' lang='lat' dir='ltr'><strong>fit</strong></span> <span class='ocrx_word' id='word_1_247' title='bbox 1539 2278 1792 2324; x_wconf 89' lang='lat' dir='ltr'>admodum</span> <span class='ocrx_word' id='word_1_248' title='bbox 1828 2278 2036 2324; x_wconf 89' lang='lat' dir='ltr'><strong>humilis.</strong></span> <span class='ocrx_word' id='word_1_249' title='bbox 2073 2277 2330 2328; x_wconf 74' lang='lat' dir='ltr'><strong>Verberat?</strong></span> <span class='ocrx_word' id='word_1_250' title='bbox 2364 2294 2472 2338; x_wconf 75' lang='lat' dir='ltr'><strong>non=</strong></span> <span class='ocrx_word' id='word_1_251' title='bbox 2494 2280 2728 2326; x_wconf 79' lang='lat' dir='ltr'><strong>irascitur.</strong></span> 
     </span>
     <span class='ocr_line' id='line_1_25' title="bbox 457 2355 2738 2419; baseline -0 -15"><span class='ocrx_word' id='word_1_252' title='bbox 457 2359 638 2404; x_wconf 78' lang='lat' dir='ltr'><strong>Festive</strong></span> <span class='ocrx_word' id='word_1_253' title='bbox 665 2366 803 2411; x_wconf 83' lang='lat' dir='ltr'><strong>certe</strong></span> <span class='ocrx_word' id='word_1_254' title='bbox 828 2358 1040 2419; x_wconf 88' lang='lat' dir='ltr'><strong>Aesopus</strong></span> <span class='ocrx_word' id='word_1_255' title='bbox 1070 2371 1096 2402; x_wconf 89' lang='lat' dir='ltr'><strong>a</strong></span> <span class='ocrx_word' id='word_1_256' title='bbox 1127 2357 1323 2403; x_wconf 90' lang='lat' dir='ltr'><strong>domino</strong></span> <span class='ocrx_word' id='word_1_257' title='bbox 1347 2355 1535 2402; x_wconf 86' lang='lat' dir='ltr'>Xantho</span> <span class='ocrx_word' id='word_1_258' title='bbox 1565 2357 1716 2402; x_wconf 89' lang='lat' dir='ltr'><strong>iussus</strong></span> <span class='ocrx_word' id='word_1_259' title='bbox 1745 2355 1913 2401; x_wconf 86' lang='lat' dir='ltr'><strong>selecta</strong></span> <span class='ocrx_word' id='word_1_260' title='bbox 1941 2355 2172 2417; x_wconf 84' lang='lat' dir='ltr'><strong>quaedam</strong></span> <span class='ocrx_word' id='word_1_261' title='bbox 2197 2357 2347 2402; x_wconf 87' lang='lat' dir='ltr'><strong>carnis</strong></span> <span class='ocrx_word' id='word_1_262' title='bbox 2370 2356 2570 2402; x_wconf 83' lang='lat' dir='ltr'><strong>frustilla</strong></span> <span class='ocrx_word' id='word_1_263' title='bbox 2600 2355 2738 2403; x_wconf 78' lang='lat' dir='ltr'><strong>beni-&#39;</strong></span> 
     </span>
    </p>
   </div>
   <div class='ocr_carea' id='block_1_5' title="bbox 2927 0 2970 2117">
    <p class='ocr_par' dir='ltr' id='par_1_7' title="bbox 2927 0 2970 2117">
     <span class='ocr_line' id='line_1_26' title="bbox 2927 0 2970 2117; baseline 0 0"><span class='ocrx_word' id='word_1_264' title='bbox 2927 0 2970 2117; x_wconf 95' lang='lat' dir='ltr'><strong> </strong></span> 
     </span>
    </p>
   </div>
   <div class='ocr_carea' id='block_1_6' title="bbox 433 2432 2815 2488">
    <p class='ocr_par' dir='ltr' id='par_1_8' title="bbox 433 2432 2815 2488">
     <span class='ocr_line' id='line_1_27' title="bbox 433 2432 2815 2488; baseline -0 -7"><span class='ocrx_word' id='word_1_265' title='bbox 433 2434 597 2482; x_wconf 66' lang='lat' dir='ltr'><strong>volae</strong></span> <span class='ocrx_word' id='word_1_266' title='bbox 628 2435 767 2488; x_wconf 88' lang='lat' dir='ltr'><strong>dare,</strong></span> <span class='ocrx_word' id='word_1_267' title='bbox 794 2435 876 2481; x_wconf 90' lang='lat' dir='ltr'><strong>ille</strong></span> <span class='ocrx_word' id='word_1_268' title='bbox 907 2434 1035 2481; x_wconf 89' lang='lat' dir='ltr'><strong>haud</strong></span> <span class='ocrx_word' id='word_1_269' title='bbox 1064 2435 1225 2486; x_wconf 84' lang='lat' dir='ltr'><strong>uxori,</strong></span> <span class='ocrx_word' id='word_1_270' title='bbox 1254 2434 1336 2481; x_wconf 87' lang='lat' dir='ltr'><strong>sed</strong></span> <span class='ocrx_word' id='word_1_271' title='bbox 1360 2433 1595 2480; x_wconf 87' lang='lat' dir='ltr'><strong>caniculae</strong></span> <span class='ocrx_word' id='word_1_272' title='bbox 1618 2432 1766 2479; x_wconf 86' lang='lat' dir='ltr'><strong>dedit.</strong></span> <span class='ocrx_word' id='word_1_273' title='bbox 1803 2434 2005 2479; x_wconf 88' lang='lat' dir='ltr'><strong>Reverso</strong></span> <span class='ocrx_word' id='word_1_274' title='bbox 2030 2440 2189 2479; x_wconf 90' lang='lat' dir='ltr'><strong>autem</strong></span> <span class='ocrx_word' id='word_1_275' title='bbox 2218 2432 2414 2479; x_wconf 92' lang='lat' dir='ltr'><strong>domum</strong></span> <span class='ocrx_word' id='word_1_276' title='bbox 2436 2433 2655 2487; x_wconf 88' lang='lat' dir='ltr'><strong>domino,</strong></span> <span class='ocrx_word' id='word_1_277' title='bbox 2685 2442 2733 2480; x_wconf 90' lang='lat' dir='ltr'><strong>et</strong></span> <span class='ocrx_word' id='word_1_278' title='bbox 2776 2479 2779 2481; x_wconf 71' lang='grc'><em>,</em></span> <span class='ocrx_word' id='word_1_279' title='bbox 2811 2453 2815 2457; x_wconf 93' lang='grc'><strong><em>·</em></strong></span> 
     </span>
    </p>
   </div>
   <div class='ocr_carea' id='block_1_7' title="bbox 399 2508 2761 3577">
    <p class='ocr_par' dir='ltr' id='par_1_9' title="bbox 399 2508 2761 3577">
     <span class='ocr_line' id='line_1_28' title="bbox 460 2508 2754 2573; baseline -0.001 -14"><span class='ocrx_word' id='word_1_280' title='bbox 460 2528 607 2559; x_wconf 84' lang='lat' dir='ltr'><strong>uxore</strong></span> <span class='ocrx_word' id='word_1_281' title='bbox 638 2511 703 2558; x_wconf 93' lang='lat' dir='ltr'><strong>ob</strong></span> <span class='ocrx_word' id='word_1_282' title='bbox 729 2512 779 2558; x_wconf 91' lang='lat' dir='ltr'><strong>id</strong></span> <span class='ocrx_word' id='word_1_283' title='bbox 811 2512 1153 2564; x_wconf 83' lang='lat' dir='ltr'><strong>stomachante,</strong></span> <span class='ocrx_word' id='word_1_284' title='bbox 1180 2525 1334 2573; x_wconf 89' lang='lat' dir='ltr'><strong>neque</strong></span> <span class='ocrx_word' id='word_1_285' title='bbox 1356 2511 1528 2572; x_wconf 88' lang='lat' dir='ltr'><strong>Aesopi</strong></span> <span class='ocrx_word' id='word_1_286' title='bbox 1557 2509 1796 2558; x_wconf 90' lang='lat' dir='ltr'><strong>calliditati</strong></span> <span class='ocrx_word' id='word_1_287' title='bbox 1829 2525 1931 2556; x_wconf 91' lang='lat' dir='ltr'><strong>rem</strong></span> <span class='ocrx_word' id='word_1_288' title='bbox 1962 2508 2220 2564; x_wconf 86' lang='lat' dir='ltr'><strong>tribuente,</strong></span> <span class='ocrx_word' id='word_1_289' title='bbox 2247 2509 2329 2556; x_wconf 92' lang='lat' dir='ltr'><strong>sed</strong></span> <span class='ocrx_word' id='word_1_290' title='bbox 2360 2524 2385 2555; x_wconf 92' lang='lat' dir='ltr'><strong>a</strong></span> <span class='ocrx_word' id='word_1_291' title='bbox 2407 2509 2594 2556; x_wconf 89' lang='lat' dir='ltr'><strong>Xantho</strong></span> <span class='ocrx_word' id='word_1_292' title='bbox 2619 2523 2754 2573; x_wconf 54' lang='lat' dir='ltr'><strong>con—3</strong></span> 
     </span>
     <span class='ocr_line' id='line_1_29' title="bbox 399 2586 2742 2651; baseline 0.001 -18"><span class='ocrx_word' id='word_1_293' title='bbox 399 2601 401 2605; x_wconf 59' lang='lat'><strong>⁴</strong></span> <span class='ocrx_word' id='word_1_294' title='bbox 464 2589 704 2636; x_wconf 87' lang='lat' dir='ltr'><strong>tumeliam</strong></span> <span class='ocrx_word' id='word_1_295' title='bbox 729 2588 817 2635; x_wconf 91' lang='lat' dir='ltr'><strong>sibi</strong></span> <span class='ocrx_word' id='word_1_296' title='bbox 841 2589 1018 2635; x_wconf 89' lang='lat' dir='ltr'><strong>illatam</strong></span> <span class='ocrx_word' id='word_1_297' title='bbox 1044 2588 1262 2635; x_wconf 87' lang='lat' dir='ltr'><strong>credente</strong></span> <span class='ocrx_word' id='word_1_298' title='bbox 1277 2623 1288 2641; x_wconf 93' lang='lat'>‚</span> <span class='ocrx_word' id='word_1_299' title='bbox 1317 2589 1380 2634; x_wconf 90' lang='lat' dir='ltr'><strong>ait</strong></span> <span class='ocrx_word' id='word_1_300' title='bbox 1403 2589 1636 2651; x_wconf 84' lang='lat' dir='ltr'><strong>Aesopus:</strong></span> <span class='ocrx_word' id='word_1_301' title='bbox 1664 2601 1821 2633; x_wconf 91' lang='lat' dir='ltr'><strong>nonne</strong></span> <span class='ocrx_word' id='word_1_302' title='bbox 1846 2602 1934 2647; x_wconf 83' lang='lat' dir='ltr'><strong>ego</strong></span> <span class='ocrx_word' id='word_1_303' title='bbox 1959 2594 2085 2632; x_wconf 89' lang='lat' dir='ltr'><strong>recte</strong></span> <span class='ocrx_word' id='word_1_304' title='bbox 2108 2587 2207 2649; x_wconf 81' lang='lat' dir='ltr'><strong>egi,</strong></span> <span class='ocrx_word' id='word_1_305' title='bbox 2235 2602 2265 2633; x_wconf 95' lang='lat' dir='ltr'><strong>o</strong></span> <span class='ocrx_word' id='word_1_306' title='bbox 2287 2586 2508 2640; x_wconf 72' lang='lat' dir='ltr'><strong>domine,</strong></span> <span class='ocrx_word' id='word_1_307' title='bbox 2530 2587 2612 2649; x_wconf 90' lang='lat' dir='ltr'><strong>qui</strong></span> <span class='ocrx_word' id='word_1_308' title='bbox 2636 2602 2742 2635; x_wconf 78' lang='lat' dir='ltr'><strong>car-³</strong></span> 
     </span>
     <span class='ocr_line' id='line_1_30' title="bbox 445 2662 2731 2730; baseline -0 -18"><span class='ocrx_word' id='word_1_309' title='bbox 445 2682 571 2730; x_wconf 12' lang='lat' dir='ltr'><strong>*nem</strong></span> <span class='ocrx_word' id='word_1_310' title='bbox 605 2665 842 2712; x_wconf 88' lang='lat' dir='ltr'><strong>caniculae</strong></span> <span class='ocrx_word' id='word_1_311' title='bbox 876 2674 929 2712; x_wconf 86' lang='lat' dir='ltr'><strong>ut</strong></span> <span class='ocrx_word' id='word_1_312' title='bbox 961 2664 1207 2712; x_wconf 92' lang='lat' dir='ltr'><strong>benivolae</strong></span> <span class='ocrx_word' id='word_1_313' title='bbox 1245 2663 1430 2712; x_wconf 73' lang='lat' dir='ltr'><strong>obieci?</strong></span> <span class='ocrx_word' id='word_1_314' title='bbox 1463 2665 1588 2711; x_wconf 88' lang='lat' dir='ltr'><strong>Haec</strong></span> <span class='ocrx_word' id='word_1_315' title='bbox 1625 2665 1751 2711; x_wconf 89' lang='lat' dir='ltr'><strong>enim</strong></span> <span class='ocrx_word' id='word_1_316' title='bbox 1783 2664 1960 2709; x_wconf 87' lang='lat' dir='ltr'><strong>etiamsi</strong></span> <span class='ocrx_word' id='word_1_317' title='bbox 1995 2662 2240 2718; x_wconf 89' lang='lat' dir='ltr'><strong>verberes,</strong></span> <span class='ocrx_word' id='word_1_318' title='bbox 2277 2664 2457 2710; x_wconf 88' lang='lat' dir='ltr'><strong>etiamsi</strong></span> <span class='ocrx_word' id='word_1_319' title='bbox 2494 2662 2731 2726; x_wconf 87' lang='lat' dir='ltr'><strong>flagelles,</strong></span> 
     </span>
     <span class='ocr_line' id='line_1_31' title="bbox 461 2724 2743 2803; baseline -0.002 -12"><span class='ocrx_word' id='word_1_320' title='bbox 461 2754 616 2791; x_wconf 86' lang='lat' dir='ltr'><strong>tamen</strong></span> <span class='ocrx_word' id='word_1_321' title='bbox 651 2744 959 2790; x_wconf 87' lang='lat' dir='ltr'><strong>obliviscitur.</strong></span> <span class='ocrx_word' id='word_1_322' title='bbox 997 2744 1057 2789; x_wconf 91' lang='lat' dir='ltr'><strong>At</strong></span> <span class='ocrx_word' id='word_1_323' title='bbox 1089 2758 1209 2790; x_wconf 90' lang='lat' dir='ltr'><strong>uxor</strong></span> <span class='ocrx_word' id='word_1_324' title='bbox 1240 2744 1278 2790; x_wconf 90' lang='lat' dir='ltr'><strong>si</strong></span> <span class='ocrx_word' id='word_1_325' title='bbox 1312 2742 1452 2789; x_wconf 90' lang='lat' dir='ltr'><strong>semel</strong></span> <span class='ocrx_word' id='word_1_326' title='bbox 1486 2757 1534 2789; x_wconf 91' lang='lat' dir='ltr'><strong>se</strong></span> <span class='ocrx_word' id='word_1_327' title='bbox 1568 2743 1740 2789; x_wconf 88' lang='lat' dir='ltr'><strong>iniuria</strong></span> <span class='ocrx_word' id='word_1_328' title='bbox 1773 2741 1987 2788; x_wconf 86' lang='lat' dir='ltr'><strong>affectam</strong></span> <span class='ocrx_word' id='word_1_329' title='bbox 2019 2742 2276 2794; x_wconf 87' lang='lat' dir='ltr'><strong>existimet,</strong></span> <span class='ocrx_word' id='word_1_330' title='bbox 2314 2724 2625 2803; x_wconf 79' lang='lat' dir='ltr'><strong>implacabilis</strong></span> <span class='ocrx_word' id='word_1_331' title='bbox 2658 2741 2743 2788; x_wconf 58' lang='lat' dir='ltr'><strong>fit.⁴</strong></span> 
     </span>
     <span class='ocr_line' id='line_1_32' title="bbox 597 2817 2731 2881; baseline -0.001 -14"><span class='ocrx_word' id='word_1_332' title='bbox 597 2823 644 2868; x_wconf 88' lang='lat'><strong>8.</strong></span> <span class='ocrx_word' id='word_1_333' title='bbox 683 2822 798 2867; x_wconf 89' lang='lat' dir='ltr'><strong>Cum</strong></span> <span class='ocrx_word' id='word_1_334' title='bbox 820 2822 1067 2867; x_wconf 89' lang='lat' dir='ltr'><strong>innumera</strong></span> <span class='ocrx_word' id='word_1_335' title='bbox 1092 2821 1182 2867; x_wconf 89' lang='lat' dir='ltr'><strong>sint</strong></span> <span class='ocrx_word' id='word_1_336' title='bbox 1206 2835 1374 2866; x_wconf 90' lang='lat' dir='ltr'><strong>canum</strong></span> <span class='ocrx_word' id='word_1_337' title='bbox 1396 2834 1506 2881; x_wconf 85' lang='lat' dir='ltr'><strong>erga</strong></span> <span class='ocrx_word' id='word_1_338' title='bbox 1539 2819 1758 2866; x_wconf 86' lang='lat' dir='ltr'><strong>dominos</strong></span> <span class='ocrx_word' id='word_1_339' title='bbox 1783 2819 2009 2865; x_wconf 86' lang='lat' dir='ltr'><strong>amicitiae</strong></span> <span class='ocrx_word' id='word_1_340' title='bbox 2029 2817 2466 2879; x_wconf 90' lang='lat' dir='ltr'><strong>benivolentiaeque</strong></span> <span class='ocrx_word' id='word_1_341' title='bbox 2492 2817 2731 2880; x_wconf 72' lang='lat' dir='ltr'><strong>exempla,</strong></span> 
     </span>
     <span class='ocr_line' id='line_1_33' title="bbox 465 2894 2761 2962; baseline -0.001 -16"><span class='ocrx_word' id='word_1_342' title='bbox 465 2913 613 2962; x_wconf 89' lang='lat' dir='ltr'><strong>pauca</strong></span> <span class='ocrx_word' id='word_1_343' title='bbox 635 2914 661 2945; x_wconf 93' lang='lat' dir='ltr'><strong>e</strong></span> <span class='ocrx_word' id='word_1_344' title='bbox 686 2899 846 2944; x_wconf 89' lang='lat' dir='ltr'><strong>multis</strong></span> <span class='ocrx_word' id='word_1_345' title='bbox 867 2899 1120 2959; x_wconf 86' lang='lat' dir='ltr'><strong>insigniora</strong></span> <span class='ocrx_word' id='word_1_346' title='bbox 1150 2895 1534 2944; x_wconf 87' lang='lat' dir='ltr'><strong>memorabimus.</strong></span> <span class='ocrx_word' id='word_1_347' title='bbox 1566 2897 1844 2958; x_wconf 89' lang='lat' dir='ltr'><strong>Lysimacho</strong></span> <span class='ocrx_word' id='word_1_348' title='bbox 1880 2897 2005 2961; x_wconf 81' lang='lat' dir='ltr'><strong>canis</strong></span> <span class='ocrx_word' id='word_1_349' title='bbox 2028 2894 2218 2942; x_wconf 88' lang='lat' dir='ltr'><strong>nomine</strong></span> <span class='ocrx_word' id='word_1_350' title='bbox 2242 2896 2488 2956; x_wconf 88' lang='lat' dir='ltr'><strong>Hyrcanus</strong></span> <span class='ocrx_word' id='word_1_351' title='bbox 2515 2894 2626 2949; x_wconf 87' lang='lat' dir='ltr'><strong>fuit,</strong></span> <span class='ocrx_word' id='word_1_352' title='bbox 2651 2897 2735 2958; x_wconf 92' lang='lat' dir='ltr'><strong>qui</strong></span> <span class='ocrx_word' id='word_1_353' title='bbox 2758 2942 2761 2945; x_wconf 32' lang='lat' dir='ltr'><em>s</em></span> 
     </span>
     <span class='ocr_line' id='line_1_34' title="bbox 450 2968 2735 3038; baseline -0.002 -15"><span class='ocrx_word' id='word_1_354' title='bbox 450 2968 574 3023; x_wconf 34' lang='lat' dir='ltr'><strong>⁸cum</strong></span> <span class='ocrx_word' id='word_1_355' title='bbox 600 2991 657 3022; x_wconf 92' lang='lat' dir='ltr'><strong>eo</strong></span> <span class='ocrx_word' id='word_1_356' title='bbox 685 2977 860 3038; x_wconf 88' lang='lat' dir='ltr'><strong>pariter</strong></span> <span class='ocrx_word' id='word_1_357' title='bbox 884 2975 1018 3022; x_wconf 89' lang='lat' dir='ltr'><strong>obiit.</strong></span> <span class='ocrx_word' id='word_1_358' title='bbox 1057 2976 1190 3022; x_wconf 88' lang='lat' dir='ltr'><strong>Canis</strong></span> <span class='ocrx_word' id='word_1_359' title='bbox 1223 2975 1340 3022; x_wconf 90' lang='lat' dir='ltr'><strong>alius</strong></span> <span class='ocrx_word' id='word_1_360' title='bbox 1370 2989 1479 3021; x_wconf 89' lang='lat' dir='ltr'><strong>cum</strong></span> <span class='ocrx_word' id='word_1_361' title='bbox 1514 2973 1661 3021; x_wconf 89' lang='lat' dir='ltr'><strong>idiota</strong></span> <span class='ocrx_word' id='word_1_362' title='bbox 1695 2974 1908 3027; x_wconf 91' lang='lat' dir='ltr'><strong>homine,</strong></span> <span class='ocrx_word' id='word_1_363' title='bbox 1936 2973 2011 3018; x_wconf 87' lang='lat' dir='ltr'><strong>cui</strong></span> <span class='ocrx_word' id='word_1_364' title='bbox 2041 2987 2215 3019; x_wconf 89' lang='lat' dir='ltr'><strong>nomen</strong></span> <span class='ocrx_word' id='word_1_365' title='bbox 2246 2972 2474 3034; x_wconf 86' lang='lat' dir='ltr'><strong>Pyrrhus,</strong></span> <span class='ocrx_word' id='word_1_366' title='bbox 2501 2986 2735 3019; x_wconf 87' lang='lat' dir='ltr'><strong>commor-</strong></span> 
     </span>
     <span class='ocr_line' id='line_1_35' title="bbox 455 3049 2732 3112; baseline -0.002 -13"><span class='ocrx_word' id='word_1_367' title='bbox 455 3063 573 3100; x_wconf 83' lang='lat' dir='ltr'><strong>tuus</strong></span> <span class='ocrx_word' id='word_1_368' title='bbox 593 3061 698 3099; x_wconf 65' lang='lat' dir='ltr'><strong>⁴est:</strong></span> <span class='ocrx_word' id='word_1_369' title='bbox 736 3054 910 3099; x_wconf 88' lang='lat' dir='ltr'><strong>etenim</strong></span> <span class='ocrx_word' id='word_1_370' title='bbox 940 3054 1144 3099; x_wconf 88' lang='lat' dir='ltr'><strong>extincto</strong></span> <span class='ocrx_word' id='word_1_371' title='bbox 1179 3053 1398 3106; x_wconf 90' lang='lat' dir='ltr'><strong>domino,</strong></span> <span class='ocrx_word' id='word_1_372' title='bbox 1432 3051 1491 3098; x_wconf 94' lang='lat' dir='ltr'><strong>ab</strong></span> <span class='ocrx_word' id='word_1_373' title='bbox 1523 3053 1633 3098; x_wconf 47' lang='lat' dir='ltr'><strong>eius*</strong></span> <span class='ocrx_word' id='word_1_374' title='bbox 1655 3050 1879 3097; x_wconf 92' lang='lat' dir='ltr'><strong>cadavere</strong></span> <span class='ocrx_word' id='word_1_375' title='bbox 1911 3049 2116 3096; x_wconf 90' lang='lat' dir='ltr'><strong>abstrahi</strong></span> <span class='ocrx_word' id='word_1_376' title='bbox 2151 3064 2249 3095; x_wconf 92' lang='lat' dir='ltr'><strong>non</strong></span> <span class='ocrx_word' id='word_1_377' title='bbox 2283 3050 2463 3112; x_wconf 87' lang='lat' dir='ltr'><strong>potuit;</strong></span> <span class='ocrx_word' id='word_1_378' title='bbox 2490 3057 2534 3094; x_wconf 91' lang='lat' dir='ltr'><strong>et</strong></span> <span class='ocrx_word' id='word_1_379' title='bbox 2565 3049 2650 3095; x_wconf 87' lang='lat' dir='ltr'><strong>illo</strong></span> <span class='ocrx_word' id='word_1_380' title='bbox 2684 3051 2732 3095; x_wconf 79' lang='lat' dir='ltr'><strong>in</strong></span> 
     </span>
     <span class='ocr_line' id='line_1_36' title="bbox 464 3126 2736 3197; baseline -0.002 -19"><span class='ocrx_word' id='word_1_381' title='bbox 464 3147 632 3193; x_wconf 88' lang='lat' dir='ltr'><strong>rogum</strong></span> <span class='ocrx_word' id='word_1_382' title='bbox 664 3132 912 3194; x_wconf 88' lang='lat' dir='ltr'><strong>imposito,</strong></span> <span class='ocrx_word' id='word_1_383' title='bbox 941 3132 1065 3178; x_wconf 89' lang='lat' dir='ltr'><strong>canis</strong></span> <span class='ocrx_word' id='word_1_384' title='bbox 1093 3132 1142 3177; x_wconf 91' lang='lat' dir='ltr'><strong>in</strong></span> <span class='ocrx_word' id='word_1_385' title='bbox 1174 3131 1376 3177; x_wconf 91' lang='lat' dir='ltr'><strong>eundem</strong></span> <span class='ocrx_word' id='word_1_386' title='bbox 1407 3130 1610 3184; x_wconf 91' lang='lat' dir='ltr'><strong>insiluit,</strong></span> <span class='ocrx_word' id='word_1_387' title='bbox 1639 3144 1890 3191; x_wconf 90' lang='lat' dir='ltr'><strong>secumque</strong></span> <span class='ocrx_word' id='word_1_388' title='bbox 1923 3126 2193 3197; x_wconf 82' lang='lat' dir='ltr'><strong>combustus</strong></span> <span class='ocrx_word' id='word_1_389' title='bbox 2226 3136 2312 3173; x_wconf 88' lang='lat' dir='ltr'><strong>est.</strong></span> <span class='ocrx_word' id='word_1_390' title='bbox 2350 3126 2505 3174; x_wconf 87' lang='lat' dir='ltr'><strong>Caelio</strong></span> <span class='ocrx_word' id='word_1_391' title='bbox 2538 3141 2736 3174; x_wconf 83' lang='lat' dir='ltr'><strong>romano</strong></span> 
     </span>
     <span class='ocr_line' id='line_1_37' title="bbox 466 3204 2737 3277; baseline -0.002 -22"><span class='ocrx_word' id='word_1_392' title='bbox 466 3210 678 3277; x_wconf 83' lang='lat' dir='ltr'><strong>patricio&#39;</strong></span> <span class='ocrx_word' id='word_1_393' title='bbox 699 3210 824 3255; x_wconf 85' lang='lat' dir='ltr'><strong>canis</strong></span> <span class='ocrx_word' id='word_1_394' title='bbox 858 3224 939 3255; x_wconf 89' lang='lat' dir='ltr'><strong>ceu</strong></span> <span class='ocrx_word' id='word_1_395' title='bbox 976 3209 1172 3255; x_wconf 90' lang='lat' dir='ltr'><strong>domino</strong></span> <span class='ocrx_word' id='word_1_396' title='bbox 1204 3223 1290 3254; x_wconf 91' lang='lat' dir='ltr'><strong>suo</strong></span> <span class='ocrx_word' id='word_1_397' title='bbox 1323 3207 1619 3255; x_wconf 89' lang='lat' dir='ltr'><strong>defensorem</strong></span> <span class='ocrx_word' id='word_1_398' title='bbox 1651 3223 1699 3255; x_wconf 90' lang='lat' dir='ltr'><strong>se</strong></span> <span class='ocrx_word' id='word_1_399' title='bbox 1734 3205 1973 3269; x_wconf 89' lang='lat' dir='ltr'><strong>praebuit,</strong></span> <span class='ocrx_word' id='word_1_400' title='bbox 2000 3219 2304 3276; x_wconf 71' lang='lat' dir='ltr'><strong>pugnansque</strong></span> <span class='ocrx_word' id='word_1_401' title='bbox 2338 3211 2478 3265; x_wconf 86' lang='lat' dir='ltr'><strong>caput</strong></span> <span class='ocrx_word' id='word_1_402' title='bbox 2507 3204 2606 3249; x_wconf 91' lang='lat' dir='ltr'><strong>eius</strong></span> <span class='ocrx_word' id='word_1_403' title='bbox 2636 3218 2737 3251; x_wconf 90' lang='lat' dir='ltr'><strong>am-</strong></span> 
     </span>
     <span class='ocr_line' id='line_1_38' title="bbox 468 3279 2736 3347; baseline -0.002 -16"><span class='ocrx_word' id='word_1_404' title='bbox 468 3287 622 3347; x_wconf 92' lang='lat' dir='ltr'><strong>putari</strong></span> <span class='ocrx_word' id='word_1_405' title='bbox 654 3302 750 3332; x_wconf 91' lang='lat' dir='ltr'><strong>non</strong></span> <span class='ocrx_word' id='word_1_406' title='bbox 786 3287 915 3338; x_wconf 88' lang='lat' dir='ltr'><strong>sivit,</strong></span> <span class='ocrx_word' id='word_1_407' title='bbox 943 3285 1094 3332; x_wconf 90' lang='lat' dir='ltr'><strong>donec</strong></span> <span class='ocrx_word' id='word_1_408' title='bbox 1119 3287 1286 3347; x_wconf 88' lang='lat' dir='ltr'><strong>etipse</strong></span> <span class='ocrx_word' id='word_1_409' title='bbox 1312 3284 1371 3331; x_wconf 92' lang='lat' dir='ltr'><strong>ab</strong></span> <span class='ocrx_word' id='word_1_410' title='bbox 1398 3283 1775 3331; x_wconf 81' lang='lat' dir='ltr'><strong>interfectoribus</strong></span> <span class='ocrx_word' id='word_1_411' title='bbox 1795 3284 1913 3329; x_wconf 90' lang='lat' dir='ltr'><strong>ictus</strong></span> <span class='ocrx_word' id='word_1_412' title='bbox 1938 3282 2075 3328; x_wconf 84' lang='lat' dir='ltr'><strong>simul</strong></span> <span class='ocrx_word' id='word_1_413' title='bbox 2109 3279 2343 3328; x_wconf 88' lang='lat' dir='ltr'><strong>occubuit.</strong></span> <span class='ocrx_word' id='word_1_414' title='bbox 2382 3279 2736 3327; x_wconf 90' lang='lat' dir='ltr'><strong>Atheniensium</strong></span> 
     </span>
     <span class='ocr_line' id='line_1_39' title="bbox 470 3357 2737 3426; baseline -0.001 -20"><span class='ocrx_word' id='word_1_415' title='bbox 470 3363 689 3409; x_wconf 86' lang='lat' dir='ltr'><strong>universo</strong></span> <span class='ocrx_word' id='word_1_416' title='bbox 716 3363 895 3426; x_wconf 90' lang='lat' dir='ltr'><strong>populo</strong></span> <span class='ocrx_word' id='word_1_417' title='bbox 919 3363 967 3407; x_wconf 87' lang='lat' dir='ltr'><strong>in</strong></span> <span class='ocrx_word' id='word_1_418' title='bbox 994 3378 1135 3409; x_wconf 89' lang='lat' dir='ltr'><strong>naves</strong></span> <span class='ocrx_word' id='word_1_419' title='bbox 1163 3362 1526 3415; x_wconf 88' lang='lat' dir='ltr'><strong>conscendente,</strong></span> <span class='ocrx_word' id='word_1_420' title='bbox 1552 3376 1699 3423; x_wconf 92' lang='lat' dir='ltr'><strong>quum</strong></span> <span class='ocrx_word' id='word_1_421' title='bbox 1724 3360 1972 3422; x_wconf 86' lang='lat' dir='ltr'><strong>Xantippi,</strong></span> <span class='ocrx_word' id='word_1_422' title='bbox 1997 3360 2078 3420; x_wconf 92' lang='lat' dir='ltr'><strong>qui</strong></span> <span class='ocrx_word' id='word_1_423' title='bbox 2102 3366 2233 3422; x_wconf 89' lang='lat' dir='ltr'><strong>pater</strong></span> <span class='ocrx_word' id='word_1_424' title='bbox 2260 3357 2346 3403; x_wconf 82' lang='lat' dir='ltr'><strong>fuit</strong></span> <span class='ocrx_word' id='word_1_425' title='bbox 2375 3357 2584 3410; x_wconf 87' lang='lat' dir='ltr'><strong>Periclis,</strong></span> <span class='ocrx_word' id='word_1_426' title='bbox 2613 3358 2737 3404; x_wconf 90' lang='lat' dir='ltr'><strong>canis</strong></span> 
     </span>
     <span class='ocr_line' id='line_1_40' title="bbox 470 3433 2737 3501; baseline -0.001 -18"><span class='ocrx_word' id='word_1_427' title='bbox 470 3439 520 3483; x_wconf 92' lang='lat' dir='ltr'><strong>in</strong></span> <span class='ocrx_word' id='word_1_428' title='bbox 546 3440 702 3484; x_wconf 89' lang='lat' dir='ltr'><strong>navim</strong></span> <span class='ocrx_word' id='word_1_429' title='bbox 730 3439 1001 3485; x_wconf 83' lang='lat' dir='ltr'><strong>inscendere</strong></span> <span class='ocrx_word' id='word_1_430' title='bbox 1035 3440 1159 3486; x_wconf 91' lang='lat' dir='ltr'><strong>haud</strong></span> <span class='ocrx_word' id='word_1_431' title='bbox 1198 3440 1446 3501; x_wconf 82' lang='lat' dir='ltr'><strong>potuisset,</strong></span> <span class='ocrx_word' id='word_1_432' title='bbox 1473 3440 1522 3485; x_wconf 93' lang='lat' dir='ltr'><strong>in</strong></span> <span class='ocrx_word' id='word_1_433' title='bbox 1548 3453 1679 3484; x_wconf 89' lang='lat' dir='ltr'><strong>mare</strong></span> <span class='ocrx_word' id='word_1_434' title='bbox 1713 3453 1760 3483; x_wconf 93' lang='lat' dir='ltr'><strong>se</strong></span> <span class='ocrx_word' id='word_1_435' title='bbox 1788 3437 1978 3490; x_wconf 85' lang='lat' dir='ltr'><strong>deiecit,</strong></span> <span class='ocrx_word' id='word_1_436' title='bbox 2005 3444 2050 3482; x_wconf 91' lang='lat' dir='ltr'><strong>et</strong></span> <span class='ocrx_word' id='word_1_437' title='bbox 2074 3435 2180 3483; x_wconf 87' lang='lat' dir='ltr'><strong>navi</strong></span> <span class='ocrx_word' id='word_1_438' title='bbox 2212 3434 2435 3480; x_wconf 90' lang='lat' dir='ltr'><strong>adnatans</strong></span> <span class='ocrx_word' id='word_1_439' title='bbox 2457 3433 2737 3481; x_wconf 88' lang='lat' dir='ltr'><strong>Salaminam</strong></span> 
     </span>
     <span class='ocr_line' id='line_1_41' title="bbox 472 3507 2737 3577; baseline -0.001 -17"><span class='ocrx_word' id='word_1_440' title='bbox 472 3530 620 3576; x_wconf 85' lang='lat' dir='ltr'><strong>usque</strong></span> <span class='ocrx_word' id='word_1_441' title='bbox 644 3515 806 3563; x_wconf 87' lang='lat' dir='ltr'><strong>labore</strong></span> <span class='ocrx_word' id='word_1_442' title='bbox 833 3517 1033 3564; x_wconf 87' lang='lat' dir='ltr'><strong>tolerato</strong></span> <span class='ocrx_word' id='word_1_443' title='bbox 1050 3551 1060 3571; x_wconf 96' lang='lat'>‚</span> <span class='ocrx_word' id='word_1_444' title='bbox 1089 3518 1244 3563; x_wconf 88' lang='lat' dir='ltr'><strong>statim</strong></span> <span class='ocrx_word' id='word_1_445' title='bbox 1267 3517 1316 3562; x_wconf 86' lang='lat' dir='ltr'><strong>in</strong></span> <span class='ocrx_word' id='word_1_446' title='bbox 1346 3516 1503 3563; x_wconf 89' lang='lat' dir='ltr'><strong>littore</strong></span> <span class='ocrx_word' id='word_1_447' title='bbox 1525 3515 1768 3577; x_wconf 85' lang='lat' dir='ltr'><strong>expiravit.</strong></span> <span class='ocrx_word' id='word_1_448' title='bbox 1807 3513 2015 3576; x_wconf 86' lang='lat' dir='ltr'><strong>Pyrrhus</strong></span> <span class='ocrx_word' id='word_1_449' title='bbox 2043 3528 2124 3559; x_wconf 85' lang='lat' dir='ltr'><strong>rex</strong></span> <span class='ocrx_word' id='word_1_450' title='bbox 2147 3512 2195 3558; x_wconf 92' lang='lat' dir='ltr'><strong>in</strong></span> <span class='ocrx_word' id='word_1_451' title='bbox 2220 3507 2384 3557; x_wconf 86' lang='lat' dir='ltr'><strong>itinere</strong></span> <span class='ocrx_word' id='word_1_452' title='bbox 2408 3512 2609 3557; x_wconf 84' lang='lat' dir='ltr'><strong>occurrit</strong></span> <span class='ocrx_word' id='word_1_453' title='bbox 2634 3513 2737 3558; x_wconf 91' lang='lat' dir='ltr'><strong>cani</strong></span> 
     </span>
    </p>
   </div>
   <div class='ocr_carea' id='block_1_8' title="bbox 431 3685 2735 3917">
    <p class='ocr_par' dir='ltr' id='par_1_10' title="bbox 560 3685 2291 3740">
     <span class='ocr_line' id='line_1_42' title="bbox 560 3685 2291 3740; baseline -0.001 -14"><span class='ocrx_word' id='word_1_454' title='bbox 560 3693 608 3733; x_wconf 86' lang='lat'><strong>(1)</strong></span> <span class='ocrx_word' id='word_1_455' title='bbox 634 3691 802 3728; x_wconf 86' lang='lat' dir='ltr'><strong>Sumitur</strong></span> <span class='ocrx_word' id='word_1_456' title='bbox 826 3692 916 3728; x_wconf 77' lang='lat' dir='ltr'><strong>haec</strong></span> <span class='ocrx_word' id='word_1_457' title='bbox 940 3692 1063 3739; x_wconf 86' lang='lat' dir='ltr'><strong>lepida</strong></span> <span class='ocrx_word' id='word_1_458' title='bbox 1089 3693 1370 3730; x_wconf 83' lang='lat' dir='ltr'><strong>narratiuncula</strong></span> <span class='ocrx_word' id='word_1_459' title='bbox 1394 3703 1437 3730; x_wconf 88' lang='lat' dir='ltr'><strong>ex</strong></span> <span class='ocrx_word' id='word_1_460' title='bbox 1461 3693 1536 3730; x_wconf 87' lang='lat' dir='ltr'><strong>vita</strong></span> <span class='ocrx_word' id='word_1_461' title='bbox 1559 3692 1695 3740; x_wconf 89' lang='lat' dir='ltr'><strong>Aesopi</strong></span> <span class='ocrx_word' id='word_1_462' title='bbox 1721 3703 1742 3729; x_wconf 93' lang='lat' dir='ltr'><strong>a</strong></span> <span class='ocrx_word' id='word_1_463' title='bbox 1765 3692 1928 3729; x_wconf 86' lang='lat' dir='ltr'><strong>Maximo</strong></span> <span class='ocrx_word' id='word_1_464' title='bbox 1952 3688 2117 3727; x_wconf 84' lang='lat' dir='ltr'><strong>Planude</strong></span> <span class='ocrx_word' id='word_1_465' title='bbox 2139 3685 2291 3735; x_wconf 73' lang='lat' dir='ltr'><strong>Scripta.</strong></span> 
     </span>
    </p>

    <p class='ocr_par' dir='ltr' id='par_1_11' title="bbox 431 3744 2735 3917">
     <span class='ocr_line' id='line_1_43' title="bbox 561 3744 2735 3799; baseline -0.001 -15"><span class='ocrx_word' id='word_1_466' title='bbox 561 3750 717 3792; x_wconf 81' lang='lat' dir='ltr'><strong>(2).Hoc</strong></span> <span class='ocrx_word' id='word_1_467' title='bbox 741 3754 778 3785; x_wconf 86' lang='lat' dir='ltr'><strong>et</strong></span> <span class='ocrx_word' id='word_1_468' title='bbox 802 3751 993 3797; x_wconf 87' lang='lat' dir='ltr'><strong>sequentia</strong></span> <span class='ocrx_word' id='word_1_469' title='bbox 1013 3752 1186 3799; x_wconf 85' lang='lat' dir='ltr'><strong>pleraque</strong></span> <span class='ocrx_word' id='word_1_470' title='bbox 1207 3753 1372 3799; x_wconf 87' lang='lat' dir='ltr'><strong>exempla</strong></span> <span class='ocrx_word' id='word_1_471' title='bbox 1391 3756 1595 3789; x_wconf 85' lang='lat' dir='ltr'><strong>sumuntur</strong></span> <span class='ocrx_word' id='word_1_472' title='bbox 1619 3762 1660 3788; x_wconf 86' lang='lat' dir='ltr'><strong>ex</strong></span> <span class='ocrx_word' id='word_1_473' title='bbox 1685 3750 1875 3788; x_wconf 89' lang='lat' dir='ltr'><strong>Plutarchi</strong></span> <span class='ocrx_word' id='word_1_474' title='bbox 1894 3749 1991 3786; x_wconf 88' lang='lat' dir='ltr'><strong>libro</strong></span> <span class='ocrx_word' id='word_1_475' title='bbox 2014 3747 2060 3784; x_wconf 90' lang='lat' dir='ltr'><strong>de</strong></span> <span class='ocrx_word' id='word_1_476' title='bbox 2084 3746 2303 3784; x_wconf 90' lang='lat' dir='ltr'><strong>animalium</strong></span> <span class='ocrx_word' id='word_1_477' title='bbox 2328 3744 2509 3792; x_wconf 82' lang='lat' dir='ltr'><strong>sollertia,</strong></span> <span class='ocrx_word' id='word_1_478' title='bbox 2531 3751 2568 3783; x_wconf 87' lang='lat' dir='ltr'><strong>et</strong></span> <span class='ocrx_word' id='word_1_479' title='bbox 2590 3756 2632 3783; x_wconf 89' lang='lat' dir='ltr'><strong>ex</strong></span> <span class='ocrx_word' id='word_1_480' title='bbox 2656 3744 2735 3783; x_wconf 92' lang='lat' dir='ltr'><strong>Pli-</strong></span> 
     </span>
     <span class='ocr_line' id='line_1_44' title="bbox 476 3803 2733 3857; baseline -0.002 -11"><span class='ocrx_word' id='word_1_481' title='bbox 476 3809 539 3846; x_wconf 89' lang='lat' dir='ltr'><strong>nio</strong></span> <span class='ocrx_word' id='word_1_482' title='bbox 564 3808 631 3845; x_wconf 87' lang='lat' dir='ltr'><strong>lib.</strong></span> <span class='ocrx_word' id='word_1_483' title='bbox 651 3809 752 3845; x_wconf 84' lang='lat' dir='ltr'><strong>Vttl.</strong></span> <span class='ocrx_word' id='word_1_484' title='bbox 774 3812 833 3845; x_wconf 75' lang='lat'><strong>61.</strong></span> <span class='ocrx_word' id='word_1_485' title='bbox 861 3810 1067 3847; x_wconf 87' lang='lat' dir='ltr'><strong>Narrantur</strong></span> <span class='ocrx_word' id='word_1_486' title='bbox 1091 3822 1226 3848; x_wconf 87' lang='lat' dir='ltr'><strong>canum</strong></span> <span class='ocrx_word' id='word_1_487' title='bbox 1253 3811 1396 3857; x_wconf 84' lang='lat' dir='ltr'><strong>aliquot</strong></span> <span class='ocrx_word' id='word_1_488' title='bbox 1420 3810 1607 3848; x_wconf 86' lang='lat' dir='ltr'><strong>mirabilia</strong></span> <span class='ocrx_word' id='word_1_489' title='bbox 1631 3810 1727 3847; x_wconf 86' lang='lat' dir='ltr'><strong>facta</strong></span> <span class='ocrx_word' id='word_1_490' title='bbox 1747 3809 1859 3847; x_wconf 87' lang='lat' dir='ltr'><strong>etiam</strong></span> <span class='ocrx_word' id='word_1_491' title='bbox 1878 3806 1976 3856; x_wconf 87' lang='lat' dir='ltr'><strong>apud</strong></span> <span class='ocrx_word' id='word_1_492' title='bbox 1993 3807 2030 3844; x_wconf 93' lang='lat' dir='ltr'><strong>S.</strong></span> <span class='ocrx_word' id='word_1_493' title='bbox 2052 3806 2302 3855; x_wconf 78' lang='lat' dir='ltr'><strong>Augusti-num</strong></span> <span class='ocrx_word' id='word_1_494' title='bbox 2322 3805 2362 3843; x_wconf 87' lang='lat' dir='ltr'><strong>in</strong></span> <span class='ocrx_word' id='word_1_495' title='bbox 2383 3815 2553 3843; x_wconf 83' lang='lat' dir='ltr'><strong>sermone</strong></span> <span class='ocrx_word' id='word_1_496' title='bbox 2577 3803 2622 3842; x_wconf 86' lang='lat' dir='ltr'><strong>de</strong></span> <span class='ocrx_word' id='word_1_497' title='bbox 2648 3814 2733 3842; x_wconf 87' lang='lat' dir='ltr'><strong>san-</strong></span> 
     </span>
     <span class='ocr_line' id='line_1_45' title="bbox 431 3867 1866 3917; baseline 0.001 -14"><span class='ocrx_word' id='word_1_498' title='bbox 431 3888 438 3903; x_wconf 70' lang='grc'><strong><em>,</em></strong></span> <span class='ocrx_word' id='word_1_499' title='bbox 476 3874 534 3906; x_wconf 85' lang='lat' dir='ltr'><strong>cto</strong></span> <span class='ocrx_word' id='word_1_500' title='bbox 560 3867 726 3915; x_wconf 89' lang='lat' dir='ltr'><strong>apostolo</strong></span> <span class='ocrx_word' id='word_1_501' title='bbox 751 3868 912 3914; x_wconf 84' lang='lat' dir='ltr'><strong>Thoma,</strong></span> <span class='ocrx_word' id='word_1_502' title='bbox 940 3879 1050 3917; x_wconf 91' lang='lat' dir='ltr'><strong>quem</strong></span> <span class='ocrx_word' id='word_1_503' title='bbox 1076 3880 1146 3907; x_wconf 88' lang='lat' dir='ltr'><strong>nos</strong></span> <span class='ocrx_word' id='word_1_504' title='bbox 1170 3870 1211 3906; x_wconf 90' lang='lat' dir='ltr'><strong>in</strong></span> <span class='ocrx_word' id='word_1_505' title='bbox 1239 3870 1407 3907; x_wconf 85' lang='lat' dir='ltr'><strong>vaticano</strong></span> <span class='ocrx_word' id='word_1_506' title='bbox 1433 3869 1558 3908; x_wconf 85' lang='lat' dir='ltr'><strong>codice</strong></span> <span class='ocrx_word' id='word_1_507' title='bbox 1582 3869 1866 3916; x_wconf 83' lang='lat' dir='ltr'><strong>observavimus.</strong></span> 
     </span>
    </p>
   </div>
   <div class='ocr_carea' id='block_1_9' title="bbox 2939 2377 2970 4229">
    <p class='ocr_par' dir='ltr' id='par_1_12' title="bbox 2939 2377 2970 4229">
     <span class='ocr_line' id='line_1_46' title="bbox 2939 2377 2970 4229; baseline 0 0"><span class='ocrx_word' id='word_1_508' title='bbox 2939 2377 2970 4229; x_wconf 95' lang='lat' dir='ltr'><strong> </strong></span> 
     </span>
    </p>
   </div>
  </div>
 </body>
</html>
