<?xml version="1.0" encoding="UTF-8"?>
<!DOCTYPE html PUBLIC "-//W3C//DTD XHTML 1.0 Transitional//EN"
    "http://www.w3.org/TR/xhtml1/DTD/xhtml1-transitional.dtd">
<html xmlns="http://www.w3.org/1999/xhtml" xml:lang="en" lang="en">
 <head>
  <title>
</title>
<meta http-equiv="Content-Type" content="text/html;charset=utf-8" />
  <meta name='ocr-system' content='tesseract 3.04.00' />
  <meta name='ocr-capabilities' content='ocr_page ocr_carea ocr_par ocr_line ocrx_word'/>
</head>
<body>
  <div class='ocr_page' id='page_1' title='image "./novaepatrumbibli06maiauoft/novaepatrumbibli06maiauoft_0256.png"; bbox 0 0 2970 4420; ppageno 0'>
   <div class='ocr_carea' id='block_1_1' title="bbox 462 265 1756 312">
    <p class='ocr_par' dir='ltr' id='par_1_1' title="bbox 462 265 1756 312">
     <span class='ocr_line' id='line_1_1' title="bbox 462 265 1756 312; baseline 0.001 -3"><span class='ocrx_word' id='word_1_1' title='bbox 462 265 519 309; x_wconf 91' lang='lat'>18</span> <span class='ocrx_word' id='word_1_2' title='bbox 775 294 781 298; x_wconf 93' lang='lat'>-</span> <span class='ocrx_word' id='word_1_3' title='bbox 1397 281 1546 312; x_wconf 61' lang='lat' dir='ltr'>Leonis</span> <span class='ocrx_word' id='word_1_4' title='bbox 1579 280 1756 311; x_wconf 72' lang='lat' dir='ltr'>ALLA&#39;rn</span> 
     </span>
    </p>
   </div>
   <div class='ocr_carea' id='block_1_2' title="bbox 414 363 2816 3891">
    <p class='ocr_par' dir='ltr' id='par_1_2' title="bbox 414 363 2816 3891">
     <span class='ocr_line' id='line_1_2' title="bbox 448 363 2703 428; baseline 0.001 -19"><span class='ocrx_word' id='word_1_5' title='bbox 448 363 580 425; x_wconf 88' lang='lat' dir='ltr'>quod</span> <span class='ocrx_word' id='word_1_6' title='bbox 614 373 799 411; x_wconf 83' lang='lat' dir='ltr'>catenae</span> <span class='ocrx_word' id='word_1_7' title='bbox 835 375 995 413; x_wconf 78' lang='lat' dir='ltr'>auctor</span> <span class='ocrx_word' id='word_1_8' title='bbox 1030 368 1077 414; x_wconf 94' lang='lat' dir='ltr'>in</span> <span class='ocrx_word' id='word_1_9' title='bbox 1111 376 1315 413; x_wconf 81' lang='lat' dir='ltr'>extrema</span> <span class='ocrx_word' id='word_1_10' title='bbox 1347 364 1658 428; x_wconf 80' lang='lat' dir='ltr'>praefatione,</span> <span class='ocrx_word' id='word_1_11' title='bbox 1688 379 1792 410; x_wconf 91' lang='lat' dir='ltr'>cum</span> <span class='ocrx_word' id='word_1_12' title='bbox 1826 364 2141 427; x_wconf 88' lang='lat' dir='ltr'>Chrysostomi</span> <span class='ocrx_word' id='word_1_13' title='bbox 2179 367 2391 412; x_wconf 88' lang='lat' dir='ltr'>oratione</span> <span class='ocrx_word' id='word_1_14' title='bbox 2428 380 2556 411; x_wconf 90' lang='lat' dir='ltr'>snam</span> <span class='ocrx_word' id='word_1_15' title='bbox 2588 380 2703 412; x_wconf 91' lang='lat' dir='ltr'>con-</span> 
     </span>
     <span class='ocr_line' id='line_1_3' title="bbox 458 440 2703 506; baseline 0 -19"><span class='ocrx_word' id='word_1_16' title='bbox 458 450 667 495; x_wconf 84' lang='lat' dir='ltr'>nectens,</span> <span class='ocrx_word' id='word_1_17' title='bbox 703 459 828 488; x_wconf 84' lang='lat' dir='ltr'>nunc</span> <span class='ocrx_word' id='word_1_18' title='bbox 862 443 930 488; x_wconf 88' lang='lat' dir='ltr'>ad</span> <span class='ocrx_word' id='word_1_19' title='bbox 960 443 1114 506; x_wconf 79' lang='lat' dir='ltr'>ipsam</span> <span class='ocrx_word' id='word_1_20' title='bbox 1147 443 1410 492; x_wconf 73' lang='lat' dir='ltr'>verborum,</span> <span class='ocrx_word' id='word_1_21' title='bbox 1440 441 1613 502; x_wconf 85' lang='lat' dir='ltr'>inquit,</span> <span class='ocrx_word' id='word_1_22' title='bbox 1652 440 2086 504; x_wconf 81' lang='lat' dir='ltr'>interpretationem</span> <span class='ocrx_word' id='word_1_23' title='bbox 2121 442 2397 488; x_wconf 78' lang='lat' dir='ltr'>veniendum</span> <span class='ocrx_word' id='word_1_24' title='bbox 2431 453 2522 494; x_wconf 85' lang='lat' dir='ltr'>est;</span> <span class='ocrx_word' id='word_1_25' title='bbox 2556 459 2703 504; x_wconf 82' lang='lat' dir='ltr'>quae-</span> 
     </span>
     <span class='ocr_line' id='line_1_4' title="bbox 454 516 2704 582; baseline 0.001 -20"><span class='ocrx_word' id='word_1_26' title='bbox 454 535 650 581; x_wconf 78' lang='lat' dir='ltr'>cumque</span> <span class='ocrx_word' id='word_1_27' title='bbox 685 535 788 565; x_wconf 71' lang='lat' dir='ltr'>vero</span> <span class='ocrx_word' id='word_1_28' title='bbox 823 518 1053 565; x_wconf 72' lang='lat' dir='ltr'>historiae</span> <span class='ocrx_word' id='word_1_29' title='bbox 1085 530 1375 582; x_wconf 78' lang='lat' dir='ltr'>congruunt,</span> <span class='ocrx_word' id='word_1_30' title='bbox 1414 529 1556 579; x_wconf 81' lang='lat' dir='ltr'>atque</span> <span class='ocrx_word' id='word_1_31' title='bbox 1592 516 1854 580; x_wconf 80' lang='lat' dir='ltr'>allegoriae</span> <span class='ocrx_word' id='word_1_32' title='bbox 1887 528 1973 563; x_wconf 85' lang='lat' dir='ltr'>ete.</span> <span class='ocrx_word' id='word_1_33' title='bbox 2012 519 2150 580; x_wconf 83' lang='lat' dir='ltr'>Atqui</span> <span class='ocrx_word' id='word_1_34' title='bbox 2187 518 2328 565; x_wconf 86' lang='lat' dir='ltr'>verba</span> <span class='ocrx_word' id='word_1_35' title='bbox 2362 520 2476 565; x_wconf 88' lang='lat' dir='ltr'>haec</span> <span class='ocrx_word' id='word_1_36' title='bbox 2509 534 2704 581; x_wconf 83' lang='lat' dir='ltr'>prorsus</span> 
     </span>
     <span class='ocr_line' id='line_1_5' title="bbox 446 594 2699 658; baseline 0 -17"><span class='ocrx_word' id='word_1_37' title='bbox 446 598 748 657; x_wconf 87' lang='lat' dir='ltr'>consequitur</span> <span class='ocrx_word' id='word_1_38' title='bbox 773 612 943 642; x_wconf 90' lang='lat' dir='ltr'>nomen</span> <span class='ocrx_word' id='word_1_39' title='bbox 976 595 1326 658; x_wconf 85' lang='lat' dir='ltr'>Olympiodori,</span> <span class='ocrx_word' id='word_1_40' title='bbox 1359 596 1549 655; x_wconf 86' lang='lat' dir='ltr'>eiusque</span> <span class='ocrx_word' id='word_1_41' title='bbox 1583 594 1870 656; x_wconf 87' lang='lat' dir='ltr'>protheoria.</span> <span class='ocrx_word' id='word_1_42' title='bbox 1908 594 1957 639; x_wconf 55' lang='lat' dir='ltr'>Si*</span> <span class='ocrx_word' id='word_1_43' title='bbox 1985 596 2198 657; x_wconf 90' lang='lat' dir='ltr'>superior</span> <span class='ocrx_word' id='word_1_44' title='bbox 2227 597 2377 642; x_wconf 89' lang='lat' dir='ltr'>oratio</span> <span class='ocrx_word' id='word_1_45' title='bbox 2412 605 2480 642; x_wconf 90' lang='lat' dir='ltr'>est</span> <span class='ocrx_word' id='word_1_46' title='bbox 2513 605 2699 642; x_wconf 83' lang='lat' dir='ltr'>catenae</span> 
     </span>
     <span class='ocr_line' id='line_1_6' title="bbox 447 669 2700 734; baseline -0 -16"><span class='ocrx_word' id='word_1_47' title='bbox 447 674 677 726; x_wconf 87' lang='lat' dir='ltr'>auctoris,</span> <span class='ocrx_word' id='word_1_48' title='bbox 707 682 807 719; x_wconf 89' lang='lat' dir='ltr'>tum</span> <span class='ocrx_word' id='word_1_49' title='bbox 840 675 1104 727; x_wconf 79' lang='lat' dir='ltr'>historiam,</span> <span class='ocrx_word' id='word_1_50' title='bbox 1134 681 1232 718; x_wconf 87' lang='lat' dir='ltr'>tum</span> <span class='ocrx_word' id='word_1_51' title='bbox 1266 671 1518 724; x_wconf 87' lang='lat' dir='ltr'>theoriam,</span> <span class='ocrx_word' id='word_1_52' title='bbox 1548 686 1653 717; x_wconf 90' lang='lat' dir='ltr'>cum</span> <span class='ocrx_word' id='word_1_53' title='bbox 1689 686 1763 717; x_wconf 88' lang='lat' dir='ltr'>res</span> <span class='ocrx_word' id='word_1_54' title='bbox 1792 669 1934 724; x_wconf 85' lang='lat' dir='ltr'>feret,</span> <span class='ocrx_word' id='word_1_55' title='bbox 1963 672 2009 717; x_wconf 90' lang='lat' dir='ltr'>in</span> <span class='ocrx_word' id='word_1_56' title='bbox 2033 672 2209 733; x_wconf 87' lang='lat' dir='ltr'>singula</span> <span class='ocrx_word' id='word_1_57' title='bbox 2236 673 2382 734; x_wconf 87' lang='lat' dir='ltr'>capita</span> <span class='ocrx_word' id='word_1_58' title='bbox 2413 671 2700 734; x_wconf 85' lang='lat' dir='ltr'>pollicentis;</span> 
     </span>
     <span class='ocr_line' id='line_1_7' title="bbox 443 738 2704 810; baseline -0.001 -14"><span class='ocrx_word' id='word_1_59' title='bbox 443 766 556 796; x_wconf 90' lang='lat' dir='ltr'>cum</span> <span class='ocrx_word' id='word_1_60' title='bbox 591 751 639 795; x_wconf 90' lang='lat' dir='ltr'>in</span> <span class='ocrx_word' id='word_1_61' title='bbox 668 752 906 810; x_wconf 90' lang='lat' dir='ltr'>utriusque</span> <span class='ocrx_word' id='word_1_62' title='bbox 940 765 1098 795; x_wconf 79' lang='lat' dir='ltr'>sensus</span> <span class='ocrx_word' id='word_1_63' title='bbox 1131 757 1174 794; x_wconf 93' lang='lat' dir='ltr'>et</span> <span class='ocrx_word' id='word_1_64' title='bbox 1209 748 1415 793; x_wconf 84' lang='lat' dir='ltr'>historici</span> <span class='ocrx_word' id='word_1_65' title='bbox 1442 738 1496 792; x_wconf 67' lang='lat' dir='ltr'>vet</span> <span class='ocrx_word' id='word_1_66' title='bbox 1530 747 1720 793; x_wconf 84' lang='lat' dir='ltr'>theorici</span> <span class='ocrx_word' id='word_1_67' title='bbox 1752 748 2136 809; x_wconf 86' lang='lat' dir='ltr'>pervestigatione</span> <span class='ocrx_word' id='word_1_68' title='bbox 2166 749 2305 795; x_wconf 84' lang='lat' dir='ltr'>fuerit</span> <span class='ocrx_word' id='word_1_69' title='bbox 2337 748 2704 810; x_wconf 86' lang='lat' dir='ltr'>Olympiodorus</span> 
     </span>
     <span class='ocr_line' id='line_1_8' title="bbox 444 824 2706 889; baseline -0.001 -17"><span class='ocrx_word' id='word_1_70' title='bbox 444 826 782 889; x_wconf 78' lang='lat' dir='ltr'>perdiligenter</span> <span class='ocrx_word' id='word_1_71' title='bbox 814 833 1048 874; x_wconf 83' lang='lat' dir='ltr'>versatus:</span> <span class='ocrx_word' id='word_1_72' title='bbox 1075 841 1179 871; x_wconf 88' lang='lat' dir='ltr'>cum</span> <span class='ocrx_word' id='word_1_73' title='bbox 1205 824 1330 870; x_wconf 90' lang='lat' dir='ltr'>illius</span> <span class='ocrx_word' id='word_1_74' title='bbox 1354 824 1594 870; x_wconf 87' lang='lat' dir='ltr'>dumtaxat</span> <span class='ocrx_word' id='word_1_75' title='bbox 1607 825 1708 870; x_wconf 50' lang='lat' dir='ltr'>»sint</span> <span class='ocrx_word' id='word_1_76' title='bbox 1731 839 1894 871; x_wconf 90' lang='lat' dir='ltr'>omnes</span> <span class='ocrx_word' id='word_1_77' title='bbox 1917 824 2024 871; x_wconf 86' lang='lat' dir='ltr'>illae</span> <span class='ocrx_word' id='word_1_78' title='bbox 2049 826 2365 886; x_wconf 81' lang='lat' dir='ltr'>protheoriae3</span> <span class='ocrx_word' id='word_1_79' title='bbox 2392 827 2495 887; x_wconf 81' lang='lat' dir='ltr'>quis</span> <span class='ocrx_word' id='word_1_80' title='bbox 2519 824 2706 871; x_wconf 84' lang='lat' dir='ltr'>vocabit</span> 
     </span>
     <span class='ocr_line' id='line_1_9' title="bbox 443 901 2706 965; baseline -0 -16"><span class='ocrx_word' id='word_1_81' title='bbox 443 905 497 950; x_wconf 91' lang='lat' dir='ltr'>in</span> <span class='ocrx_word' id='word_1_82' title='bbox 532 903 897 965; x_wconf 72' lang='lat' dir='ltr'>dubiurn,quin</span> <span class='ocrx_word' id='word_1_83' title='bbox 931 903 1054 948; x_wconf 89' lang='lat' dir='ltr'>idem</span> <span class='ocrx_word' id='word_1_84' title='bbox 1089 902 1146 948; x_wconf 91' lang='lat' dir='ltr'>sit</span> <span class='ocrx_word' id='word_1_85' title='bbox 1178 902 1437 963; x_wconf 80' lang='lat' dir='ltr'>interpres?</span> <span class='ocrx_word' id='word_1_86' title='bbox 1471 901 1799 964; x_wconf 90' lang='lat' dir='ltr'>Olympiodori</span> <span class='ocrx_word' id='word_1_87' title='bbox 1822 902 2144 964; x_wconf 85' lang='lat' dir='ltr'>interpretatio</span> <span class='ocrx_word' id='word_1_88' title='bbox 2167 918 2270 949; x_wconf 89' lang='lat' dir='ltr'>cum</span> <span class='ocrx_word' id='word_1_89' title='bbox 2297 903 2584 964; x_wconf 90' lang='lat' dir='ltr'>reliquorum</span> <span class='ocrx_word' id='word_1_90' title='bbox 2616 902 2706 948; x_wconf 87' lang='lat' dir='ltr'>do—</span> 
     </span>
     <span class='ocr_line' id='line_1_10' title="bbox 444 977 2706 1042; baseline -0.001 -15"><span class='ocrx_word' id='word_1_91' title='bbox 444 990 635 1027; x_wconf 89' lang='lat' dir='ltr'>ctorum</span> <span class='ocrx_word' id='word_1_92' title='bbox 670 979 1069 1042; x_wconf 82' lang='lat' dir='ltr'>explanationibus</span> <span class='ocrx_word' id='word_1_93' title='bbox 1101 981 1163 1024; x_wconf 87' lang='lat' dir='ltr'>ita</span> <span class='ocrx_word' id='word_1_94' title='bbox 1190 977 1431 1028; x_wconf 84' lang='lat' dir='ltr'>cohaeret,</span> <span class='ocrx_word' id='word_1_95' title='bbox 1460 987 1509 1024; x_wconf 88' lang='lat' dir='ltr'>ut</span> <span class='ocrx_word' id='word_1_96' title='bbox 1536 994 1633 1025; x_wconf 89' lang='lat' dir='ltr'>non</span> <span class='ocrx_word' id='word_1_97' title='bbox 1660 979 1916 1025; x_wconf 89' lang='lat' dir='ltr'>multorum</span> <span class='ocrx_word' id='word_1_98' title='bbox 1949 981 2198 1041; x_wconf 83' lang='lat' dir='ltr'>expositio,</span> <span class='ocrx_word' id='word_1_99' title='bbox 2226 981 2306 1026; x_wconf 87' lang='lat' dir='ltr'>sed</span> <span class='ocrx_word' id='word_1_100' title='bbox 2338 981 2475 1026; x_wconf 88' lang='lat' dir='ltr'>unius</span> <span class='ocrx_word' id='word_1_101' title='bbox 2501 988 2706 1025; x_wconf 88' lang='lat' dir='ltr'>tantum-</span> 
     </span>
     <span class='ocr_line' id='line_1_11' title="bbox 445 1054 2704 1110; baseline -0 -6"><span class='ocrx_word' id='word_1_102' title='bbox 445 1058 596 1104; x_wconf 87' lang='lat' dir='ltr'>modo</span> <span class='ocrx_word' id='word_1_103' title='bbox 629 1058 838 1103; x_wconf 87' lang='lat' dir='ltr'>videatur</span> <span class='ocrx_word' id='word_1_104' title='bbox 872 1073 969 1103; x_wconf 85' lang='lat' dir='ltr'>esse</span> <span class='ocrx_word' id='word_1_105' title='bbox 998 1057 1298 1102; x_wconf 89' lang='lat' dir='ltr'>continuatio.</span> <span class='ocrx_word' id='word_1_106' title='bbox 1337 1057 1594 1103; x_wconf 82' lang='lat' dir='ltr'>Sententiae</span> <span class='ocrx_word' id='word_1_107' title='bbox 1623 1057 1753 1103; x_wconf 64' lang='lat' dir='ltr'>&gt;illius</span> <span class='ocrx_word' id='word_1_108' title='bbox 1786 1072 1842 1103; x_wconf 87' lang='lat' dir='ltr'>ex</span> <span class='ocrx_word' id='word_1_109' title='bbox 1874 1054 2074 1103; x_wconf 88' lang='lat' dir='ltr'>aliorum</span> <span class='ocrx_word' id='word_1_110' title='bbox 2108 1058 2344 1104; x_wconf 88' lang='lat' dir='ltr'>sententiis</span> <span class='ocrx_word' id='word_1_111' title='bbox 2378 1057 2704 1110; x_wconf 83' lang='lat' dir='ltr'>efflorescunt,</span> 
     </span>
     <span class='ocr_line' id='line_1_12' title="bbox 445 1132 2705 1196; baseline -0 -16"><span class='ocrx_word' id='word_1_112' title='bbox 445 1143 490 1180; x_wconf 89' lang='lat' dir='ltr'>et</span> <span class='ocrx_word' id='word_1_113' title='bbox 529 1134 786 1196; x_wconf 79' lang='lat' dir='ltr'>pleraeque</span> <span class='ocrx_word' id='word_1_114' title='bbox 819 1134 943 1179; x_wconf 90' lang='lat' dir='ltr'>illius</span> <span class='ocrx_word' id='word_1_115' title='bbox 978 1133 1391 1179; x_wconf 87' lang='lat' dir='ltr'>commentationes</span> <span class='ocrx_word' id='word_1_116' title='bbox 1423 1134 1472 1178; x_wconf 91' lang='lat' dir='ltr'>in</span> <span class='ocrx_word' id='word_1_117' title='bbox 1508 1133 1653 1180; x_wconf 89' lang='lat' dir='ltr'>aliena</span> <span class='ocrx_word' id='word_1_118' title='bbox 1697 1134 1931 1180; x_wconf 88' lang='lat' dir='ltr'>iunctione</span> <span class='ocrx_word' id='word_1_119' title='bbox 1965 1132 2221 1180; x_wconf 85' lang='lat' dir='ltr'>verborum</span> <span class='ocrx_word' id='word_1_120' title='bbox 2254 1146 2389 1196; x_wconf 87' lang='lat' dir='ltr'>saepe</span> <span class='ocrx_word' id='word_1_121' title='bbox 2429 1133 2705 1185; x_wconf 91' lang='lat' dir='ltr'>considunt,</span> 
     </span>
     <span class='ocr_line' id='line_1_13' title="bbox 445 1209 2708 1273; baseline 0 -17"><span class='ocrx_word' id='word_1_122' title='bbox 445 1211 650 1257; x_wconf 89' lang='lat' dir='ltr'>aliorum</span> <span class='ocrx_word' id='word_1_123' title='bbox 689 1209 830 1257; x_wconf 87' lang='lat' dir='ltr'>verba</span> <span class='ocrx_word' id='word_1_124' title='bbox 860 1218 905 1255; x_wconf 90' lang='lat' dir='ltr'>et</span> <span class='ocrx_word' id='word_1_125' title='bbox 934 1210 1185 1255; x_wconf 86' lang='lat' dir='ltr'>sententiae</span> <span class='ocrx_word' id='word_1_126' title='bbox 1219 1210 1545 1271; x_wconf 84' lang='lat' dir='ltr'>Olympiodori</span> <span class='ocrx_word' id='word_1_127' title='bbox 1576 1209 2071 1273; x_wconf 86' lang='lat' dir='ltr'>comprehensionibus</span> <span class='ocrx_word' id='word_1_128' title='bbox 2105 1210 2481 1272; x_wconf 83' lang='lat' dir='ltr'>adstringuntur:</span> <span class='ocrx_word' id='word_1_129' title='bbox 2508 1210 2708 1256; x_wconf 87' lang='lat' dir='ltr'>aliorum</span> 
     </span>
     <span class='ocr_line' id='line_1_14' title="bbox 448 1285 2709 1350; baseline -0.001 -16"><span class='ocrx_word' id='word_1_130' title='bbox 448 1291 757 1350; x_wconf 83' lang='lat' dir='ltr'>interpretum</span> <span class='ocrx_word' id='word_1_131' title='bbox 786 1287 979 1332; x_wconf 88' lang='lat' dir='ltr'>infracta</span> <span class='ocrx_word' id='word_1_132' title='bbox 1014 1285 1072 1332; x_wconf 91' lang='lat' dir='ltr'>ab</span> <span class='ocrx_word' id='word_1_133' title='bbox 1105 1287 1447 1349; x_wconf 87' lang='lat' dir='ltr'>Olympiodoro</span> <span class='ocrx_word' id='word_1_134' title='bbox 1471 1296 1717 1341; x_wconf 88' lang='lat' dir='ltr'>sanantur,</span> <span class='ocrx_word' id='word_1_135' title='bbox 1745 1296 1790 1334; x_wconf 91' lang='lat' dir='ltr'>et</span> <span class='ocrx_word' id='word_1_136' title='bbox 1815 1289 1980 1334; x_wconf 87' lang='lat' dir='ltr'>vitiosa</span> <span class='ocrx_word' id='word_1_137' title='bbox 2007 1302 2219 1349; x_wconf 87' lang='lat' dir='ltr'>quaeque</span> <span class='ocrx_word' id='word_1_138' title='bbox 2242 1287 2559 1349; x_wconf 87' lang='lat' dir='ltr'>complentur:</span> <span class='ocrx_word' id='word_1_139' title='bbox 2589 1302 2709 1348; x_wconf 89' lang='lat' dir='ltr'>quae</span> 
     </span>
     <span class='ocr_line' id='line_1_15' title="bbox 444 1363 2708 1427; baseline -0.001 -16"><span class='ocrx_word' id='word_1_140' title='bbox 444 1366 589 1411; x_wconf 87' lang='lat' dir='ltr'>variis</span> <span class='ocrx_word' id='word_1_141' title='bbox 619 1380 675 1410; x_wconf 79' lang='lat' dir='ltr'>ex</span> <span class='ocrx_word' id='word_1_142' title='bbox 705 1364 865 1410; x_wconf 88' lang='lat' dir='ltr'>eadem</span> <span class='ocrx_word' id='word_1_143' title='bbox 899 1372 1058 1410; x_wconf 84' lang='lat' dir='ltr'>catena</span> <span class='ocrx_word' id='word_1_144' title='bbox 1082 1363 1292 1410; x_wconf 87' lang='lat' dir='ltr'>adductis</span> <span class='ocrx_word' id='word_1_145' title='bbox 1318 1365 1541 1427; x_wconf 88' lang='lat' dir='ltr'>exemplis</span> <span class='ocrx_word' id='word_1_146' title='bbox 1567 1365 1823 1411; x_wconf 90' lang='lat' dir='ltr'>Comitolus</span> <span class='ocrx_word' id='word_1_147' title='bbox 1850 1364 2113 1411; x_wconf 87' lang='lat' dir='ltr'>confirmat.</span> <span class='ocrx_word' id='word_1_148' title='bbox 2144 1364 2437 1426; x_wconf 77' lang='lat' dir='ltr'>Tandemque</span> <span class='ocrx_word' id='word_1_149' title='bbox 2461 1363 2708 1410; x_wconf 83' lang='lat' dir='ltr'>cardinalis</span> 
     </span>
     <span class='ocr_line' id='line_1_16' title="bbox 445 1441 2705 1504; baseline -0 -17"><span class='ocrx_word' id='word_1_150' title='bbox 445 1443 663 1488; x_wconf 91' lang='lat' dir='ltr'>Gulielmi</span> <span class='ocrx_word' id='word_1_151' title='bbox 690 1442 841 1488; x_wconf 86' lang='lat' dir='ltr'>Sirleti</span> <span class='ocrx_word' id='word_1_152' title='bbox 857 1477 868 1493; x_wconf 96' lang='lat'>,</span> <span class='ocrx_word' id='word_1_153' title='bbox 890 1442 1119 1487; x_wconf 90' lang='lat' dir='ltr'>Francisci</span> <span class='ocrx_word' id='word_1_154' title='bbox 1143 1443 1351 1488; x_wconf 88' lang='lat' dir='ltr'>Turriani</span> <span class='ocrx_word' id='word_1_155' title='bbox 1368 1477 1380 1494; x_wconf 89' lang='lat'>‚</span> <span class='ocrx_word' id='word_1_156' title='bbox 1402 1451 1447 1489; x_wconf 90' lang='lat' dir='ltr'>et</span> <span class='ocrx_word' id='word_1_157' title='bbox 1469 1444 1591 1488; x_wconf 90' lang='lat' dir='ltr'>Petri</span> <span class='ocrx_word' id='word_1_158' title='bbox 1614 1442 1811 1489; x_wconf 87' lang='lat' dir='ltr'>Galesini</span> <span class='ocrx_word' id='word_1_159' title='bbox 1838 1443 2145 1504; x_wconf 87' lang='lat' dir='ltr'>protonotarii</span> <span class='ocrx_word' id='word_1_160' title='bbox 2173 1442 2412 1504; x_wconf 86' lang='lat' dir='ltr'>apostolici</span> <span class='ocrx_word' id='word_1_161' title='bbox 2433 1441 2705 1493; x_wconf 87' lang='lat' dir='ltr'>sententias,</span> 
     </span>
     <span class='ocr_line' id='line_1_17' title="bbox 446 1519 2710 1588; baseline -0.001 -23"><span class='ocrx_word' id='word_1_162' title='bbox 446 1536 555 1566; x_wconf 90' lang='lat' dir='ltr'>suae</span> <span class='ocrx_word' id='word_1_163' title='bbox 590 1521 786 1566; x_wconf 88' lang='lat' dir='ltr'>comites</span> <span class='ocrx_word' id='word_1_164' title='bbox 820 1520 1009 1581; x_wconf 86' lang='lat' dir='ltr'>allegat,</span> <span class='ocrx_word' id='word_1_165' title='bbox 1038 1529 1083 1566; x_wconf 89' lang='lat' dir='ltr'>et</span> <span class='ocrx_word' id='word_1_166' title='bbox 1112 1522 1335 1566; x_wconf 90' lang='lat' dir='ltr'>Vincentii</span> <span class='ocrx_word' id='word_1_167' title='bbox 1360 1522 1523 1567; x_wconf 87' lang='lat' dir='ltr'>Pinelli</span> <span class='ocrx_word' id='word_1_168' title='bbox 1549 1521 1757 1568; x_wconf 88' lang='lat' dir='ltr'>codicem</span> <span class='ocrx_word' id='word_1_169' title='bbox 1791 1530 2136 1588; x_wconf 81' lang='lat' dir='ltr'>pervetustum,</span> <span class='ocrx_word' id='word_1_170' title='bbox 2163 1522 2210 1566; x_wconf 92' lang='lat' dir='ltr'>in</span> <span class='ocrx_word' id='word_1_171' title='bbox 2236 1521 2366 1566; x_wconf 91' lang='lat' dir='ltr'>cuius</span> <span class='ocrx_word' id='word_1_172' title='bbox 2390 1520 2551 1582; x_wconf 88' lang='lat' dir='ltr'>primis</span> <span class='ocrx_word' id='word_1_173' title='bbox 2577 1519 2710 1580; x_wconf 84' lang='lat' dir='ltr'>pagi-</span> 
     </span>
     <span class='ocr_line' id='line_1_18' title="bbox 414 1592 2706 1660; baseline -0.001 -18"><span class='ocrx_word' id='word_1_174' title='bbox 414 1608 416 1610; x_wconf 83' lang='grc'><em>·</em></span> <span class='ocrx_word' id='word_1_175' title='bbox 451 1598 521 1643; x_wconf 87' lang='lat' dir='ltr'>nis</span> <span class='ocrx_word' id='word_1_176' title='bbox 556 1605 622 1643; x_wconf 89' lang='lat' dir='ltr'>est</span> <span class='ocrx_word' id='word_1_177' title='bbox 657 1597 1014 1658; x_wconf 86' lang='lat' dir='ltr'>Olympiodori,</span> <span class='ocrx_word' id='word_1_178' title='bbox 1043 1605 1278 1659; x_wconf 89' lang='lat' dir='ltr'>tamquam</span> <span class='ocrx_word' id='word_1_179' title='bbox 1313 1592 1506 1660; x_wconf 64' lang='lat' dir='ltr'>le&#39;gitimi</span> <span class='ocrx_word' id='word_1_180' title='bbox 1544 1598 1768 1652; x_wconf 89' lang='lat' dir='ltr'>auctoris,</span> <span class='ocrx_word' id='word_1_181' title='bbox 1806 1599 1972 1645; x_wconf 88' lang='lat' dir='ltr'>litteris</span> <span class='ocrx_word' id='word_1_182' title='bbox 2007 1599 2161 1644; x_wconf 89' lang='lat' dir='ltr'>latinis</span> <span class='ocrx_word' id='word_1_183' title='bbox 2197 1613 2367 1644; x_wconf 90' lang='lat' dir='ltr'>nomen</span> <span class='ocrx_word' id='word_1_184' title='bbox 2405 1596 2706 1657; x_wconf 86' lang='lat' dir='ltr'>adscriptum.</span> 
     </span>
     <span class='ocr_line' id='line_1_19' title="bbox 443 1673 2708 1737; baseline -0.001 -18"><span class='ocrx_word' id='word_1_185' title='bbox 443 1674 737 1735; x_wconf 86' lang='lat' dir='ltr'>Tandemque</span> <span class='ocrx_word' id='word_1_186' title='bbox 772 1675 1090 1736; x_wconf 87' lang='lat' dir='ltr'>parisiensium</span> <span class='ocrx_word' id='word_1_187' title='bbox 1126 1676 1312 1736; x_wconf 79' lang='lat' dir='ltr'>patrum</span> <span class='ocrx_word' id='word_1_188' title='bbox 1339 1683 1384 1721; x_wconf 89' lang='lat' dir='ltr'>et</span> <span class='ocrx_word' id='word_1_189' title='bbox 1406 1675 1637 1721; x_wconf 83' lang='lat' dir='ltr'>sodalium</span> <span class='ocrx_word' id='word_1_190' title='bbox 1671 1691 1863 1722; x_wconf 89' lang='lat' dir='ltr'>suorum</span> <span class='ocrx_word' id='word_1_191' title='bbox 1888 1676 2197 1737; x_wconf 87' lang='lat' dir='ltr'>patrocinium</span> <span class='ocrx_word' id='word_1_192' title='bbox 2232 1674 2459 1725; x_wconf 88' lang='lat' dir='ltr'>adnectit,</span> <span class='ocrx_word' id='word_1_193' title='bbox 2487 1673 2567 1734; x_wconf 87' lang='lat' dir='ltr'>qui</span> <span class='ocrx_word' id='word_1_194' title='bbox 2600 1686 2708 1717; x_wconf 89' lang='lat' dir='ltr'>cum</span> 
     </span>
     <span class='ocr_line' id='line_1_20' title="bbox 447 1739 2705 1814; baseline -0 -17"><span class='ocrx_word' id='word_1_195' title='bbox 447 1767 528 1798; x_wconf 89' lang='lat' dir='ltr'>sua</span> <span class='ocrx_word' id='word_1_196' title='bbox 553 1766 688 1796; x_wconf 84' lang='lat' dir='ltr'>causa</span> <span class='ocrx_word' id='word_1_197' title='bbox 723 1751 845 1812; x_wconf 81' lang='lat' dir='ltr'>regis</span> <span class='ocrx_word' id='word_1_198' title='bbox 872 1752 1151 1813; x_wconf 79' lang='lat' dir='ltr'>reginaeque</span> <span class='ocrx_word' id='word_1_199' title='bbox 1174 1750 1481 1798; x_wconf 87' lang='lat' dir='ltr'>bibliothecas</span> <span class='ocrx_word' id='word_1_200' title='bbox 1515 1754 1608 1797; x_wconf 88' lang='lat' dir='ltr'>acri</span> <span class='ocrx_word' id='word_1_201' title='bbox 1643 1752 1798 1798; x_wconf 89' lang='lat' dir='ltr'>studio</span> <span class='ocrx_word' id='word_1_202' title='bbox 1828 1752 2211 1814; x_wconf 87' lang='lat' dir='ltr'>perlustrassent,</span> <span class='ocrx_word' id='word_1_203' title='bbox 2239 1751 2537 1812; x_wconf 85' lang='lat' dir='ltr'>singulosque</span> <span class='ocrx_word' id='word_1_204' title='bbox 2558 1739 2705 1796; x_wconf 87' lang='lat' dir='ltr'>libros</span> 
     </span>
     <span class='ocr_line' id='line_1_21' title="bbox 446 1827 2706 1890; baseline -0.001 -16"><span class='ocrx_word' id='word_1_205' title='bbox 446 1844 497 1875; x_wconf 88' lang='lat' dir='ltr'>ac</span> <span class='ocrx_word' id='word_1_206' title='bbox 530 1828 760 1874; x_wconf 89' lang='lat' dir='ltr'>librorum</span> <span class='ocrx_word' id='word_1_207' title='bbox 790 1827 964 1873; x_wconf 88' lang='lat' dir='ltr'>indices</span> <span class='ocrx_word' id='word_1_208' title='bbox 989 1827 1256 1889; x_wconf 86' lang='lat' dir='ltr'>diligentius</span> <span class='ocrx_word' id='word_1_209' title='bbox 1280 1829 1610 1890; x_wconf 82' lang='lat' dir='ltr'>inspexissent,</span> <span class='ocrx_word' id='word_1_210' title='bbox 1638 1828 2000 1890; x_wconf 87' lang='lat' dir='ltr'>responderunt.</span> <span class='ocrx_word' id='word_1_211' title='bbox 2037 1827 2144 1873; x_wconf 87' lang='lat' dir='ltr'>Non</span> <span class='ocrx_word' id='word_1_212' title='bbox 2169 1838 2237 1873; x_wconf 87' lang='lat' dir='ltr'>est</span> <span class='ocrx_word' id='word_1_213' title='bbox 2270 1839 2435 1873; x_wconf 88' lang='lat' dir='ltr'>autem</span> <span class='ocrx_word' id='word_1_214' title='bbox 2460 1827 2590 1890; x_wconf 87' lang='lat' dir='ltr'>quod</span> <span class='ocrx_word' id='word_1_215' title='bbox 2612 1843 2706 1873; x_wconf 73' lang='lat' dir='ltr'>rev.</span> 
     </span>
     <span class='ocr_line' id='line_1_22' title="bbox 440 1904 2698 1969; baseline 0 -19"><span class='ocrx_word' id='word_1_216' title='bbox 440 1917 630 1969; x_wconf 81' lang='lat' dir='ltr'>patrem</span> <span class='ocrx_word' id='word_1_217' title='bbox 658 1905 936 1951; x_wconf 87' lang='lat' dir='ltr'>Comitolum</span> <span class='ocrx_word' id='word_1_218' title='bbox 957 1904 1128 1967; x_wconf 80' lang='lat' dir='ltr'>pigeat</span> <span class='ocrx_word' id='word_1_219' title='bbox 1150 1904 1469 1956; x_wconf 80' lang='lat' dir='ltr'>coniecturae,</span> <span class='ocrx_word' id='word_1_220' title='bbox 1499 1916 1720 1951; x_wconf 83' lang='lat' dir='ltr'>catenam</span> <span class='ocrx_word' id='word_1_221' title='bbox 1745 1905 1888 1951; x_wconf 86' lang='lat' dir='ltr'>istam</span> <span class='ocrx_word' id='word_1_222' title='bbox 1914 1904 2250 1968; x_wconf 79' lang='lat' dir='ltr'>Olympiodoro</span> <span class='ocrx_word' id='word_1_223' title='bbox 2274 1905 2540 1951; x_wconf 87' lang='lat' dir='ltr'>tribuentis.</span> <span class='ocrx_word' id='word_1_224' title='bbox 2570 1906 2698 1951; x_wconf 87' lang='lat' dir='ltr'>Nam</span> 
     </span>
     <span class='ocr_line' id='line_1_23' title="bbox 444 1981 2710 2047; baseline -0.001 -16"><span class='ocrx_word' id='word_1_225' title='bbox 444 1997 490 2031; x_wconf 89' lang='lat' dir='ltr'>et</span> <span class='ocrx_word' id='word_1_226' title='bbox 526 1983 574 2029; x_wconf 89' lang='lat' dir='ltr'>in</span> <span class='ocrx_word' id='word_1_227' title='bbox 609 1982 810 2047; x_wconf 84' lang='lat' dir='ltr'>epitome</span> <span class='ocrx_word' id='word_1_228' title='bbox 844 1981 1156 2027; x_wconf 74' lang='lat' dir='ltr'>bibliothecae</span> <span class='ocrx_word' id='word_1_229' title='bbox 1192 1981 1402 2033; x_wconf 86' lang='lat' dir='ltr'>Gesneri,</span> <span class='ocrx_word' id='word_1_230' title='bbox 1432 1993 1478 2027; x_wconf 87' lang='lat' dir='ltr'>et</span> <span class='ocrx_word' id='word_1_231' title='bbox 1512 1982 1563 2028; x_wconf 87' lang='lat' dir='ltr'>in</span> <span class='ocrx_word' id='word_1_232' title='bbox 1595 1982 1818 2045; x_wconf 80' lang='lat' dir='ltr'>catalogo</span> <span class='ocrx_word' id='word_1_233' title='bbox 1852 1981 2080 2028; x_wconf 88' lang='lat' dir='ltr'>librorum</span> <span class='ocrx_word' id='word_1_234' title='bbox 2115 1981 2243 2027; x_wconf 89' lang='lat' dir='ltr'>edito</span> <span class='ocrx_word' id='word_1_235' title='bbox 2277 1998 2308 2027; x_wconf 90' lang='lat' dir='ltr'>a</span> <span class='ocrx_word' id='word_1_236' title='bbox 2342 1982 2543 2029; x_wconf 86' lang='lat' dir='ltr'>Simlero</span> <span class='ocrx_word' id='word_1_237' title='bbox 2581 1999 2710 2029; x_wconf 86' lang='lat' dir='ltr'>anno</span> 
     </span>
     <span class='ocr_line' id='line_1_24' title="bbox 452 2058 2710 2122; baseline -0.001 -15"><span class='ocrx_word' id='word_1_238' title='bbox 452 2062 592 2108; x_wconf 85' lang='lat'><strong>1586.</strong></span> <span class='ocrx_word' id='word_1_239' title='bbox 629 2071 802 2106; x_wconf 81' lang='lat' dir='ltr'>catena</span> <span class='ocrx_word' id='word_1_240' title='bbox 838 2058 888 2103; x_wconf 89' lang='lat' dir='ltr'>in</span> <span class='ocrx_word' id='word_1_241' title='bbox 921 2058 1007 2104; x_wconf 87' lang='lat' dir='ltr'>Iob</span> <span class='ocrx_word' id='word_1_242' title='bbox 1043 2058 1380 2122; x_wconf 79' lang='lat' dir='ltr'>Olympiodoro</span> <span class='ocrx_word' id='word_1_243' title='bbox 1413 2058 1644 2104; x_wconf 81' lang='lat' dir='ltr'>tribuitur</span> <span class='ocrx_word' id='word_1_244' title='bbox 1676 2058 1940 2121; x_wconf 81' lang='lat' dir='ltr'>quaedam,</span> <span class='ocrx_word' id='word_1_245' title='bbox 1970 2074 2093 2122; x_wconf 87' lang='lat' dir='ltr'>quae</span> <span class='ocrx_word' id='word_1_246' title='bbox 2127 2058 2308 2104; x_wconf 84' lang='lat' dir='ltr'>dieitur</span> <span class='ocrx_word' id='word_1_247' title='bbox 2341 2058 2392 2103; x_wconf 88' lang='lat' dir='ltr'>in</span> <span class='ocrx_word' id='word_1_248' title='bbox 2426 2058 2710 2104; x_wconf 77' lang='lat' dir='ltr'>bibliothec-a</span> 
     </span>
     <span class='ocr_line' id='line_1_25' title="bbox 451 2134 2711 2199; baseline -0.001 -15"><span class='ocrx_word' id='word_1_249' title='bbox 451 2137 678 2184; x_wconf 83' lang='lat' dir='ltr'>Sambuei</span> <span class='ocrx_word' id='word_1_250' title='bbox 701 2135 906 2182; x_wconf 75' lang='lat' dir='ltr'>servari:</span> <span class='ocrx_word' id='word_1_251' title='bbox 936 2136 1137 2197; x_wconf 85' lang='lat' dir='ltr'>itemque</span> <span class='ocrx_word' id='word_1_252' title='bbox 1170 2135 1378 2181; x_wconf 86' lang='lat' dir='ltr'>eiusdem</span> <span class='ocrx_word' id='word_1_253' title='bbox 1404 2135 1736 2199; x_wconf 85' lang='lat' dir='ltr'>Olympiodori</span> <span class='ocrx_word' id='word_1_254' title='bbox 1762 2135 1957 2181; x_wconf 84' lang='lat' dir='ltr'>diaconi</span> <span class='ocrx_word' id='word_1_255' title='bbox 1977 2134 2256 2199; x_wconf 78' lang='lat' dir='ltr'>hypotheses</span> <span class='ocrx_word' id='word_1_256' title='bbox 2282 2135 2332 2181; x_wconf 87' lang='lat' dir='ltr'>in</span> <span class='ocrx_word' id='word_1_257' title='bbox 2356 2136 2458 2182; x_wconf 84' lang='lat' dir='ltr'>Iob.</span> <span class='ocrx_word' id='word_1_258' title='bbox 2495 2137 2577 2182; x_wconf 85' lang='lat' dir='ltr'>His</span> <span class='ocrx_word' id='word_1_259' title='bbox 2599 2152 2711 2183; x_wconf 86' lang='lat' dir='ltr'>con·</span> 
     </span>
     <span class='ocr_line' id='line_1_26' title="bbox 450 2212 2712 2275; baseline 0 -15"><span class='ocrx_word' id='word_1_260' title='bbox 450 2215 596 2260; x_wconf 89' lang='lat' dir='ltr'>cludit</span> <span class='ocrx_word' id='word_1_261' title='bbox 620 2229 717 2260; x_wconf 90' lang='lat' dir='ltr'>esse</span> <span class='ocrx_word' id='word_1_262' title='bbox 742 2228 855 2259; x_wconf 90' lang='lat' dir='ltr'>vero</span> <span class='ocrx_word' id='word_1_263' title='bbox 879 2227 1020 2274; x_wconf 87' lang='lat' dir='ltr'>quam</span> <span class='ocrx_word' id='word_1_264' title='bbox 1046 2212 1331 2258; x_wconf 90' lang='lat' dir='ltr'>simillimum</span> <span class='ocrx_word' id='word_1_265' title='bbox 1357 2213 1493 2258; x_wconf 89' lang='lat' dir='ltr'>huius</span> <span class='ocrx_word' id='word_1_266' title='bbox 1517 2221 1703 2259; x_wconf 89' lang='lat' dir='ltr'>catenae</span> <span class='ocrx_word' id='word_1_267' title='bbox 1727 2214 2002 2274; x_wconf 89' lang='lat' dir='ltr'>scriptorem</span> <span class='ocrx_word' id='word_1_268' title='bbox 2021 2213 2438 2275; x_wconf 67' lang='lat' dir='ltr'>Olympiodorum,</span> <span class='ocrx_word' id='word_1_269' title='bbox 2459 2213 2712 2260; x_wconf 84' lang='lat' dir='ltr'>alexandri-</span> 
     </span>
     <span class='ocr_line' id='line_1_27' title="bbox 450 2288 2705 2352; baseline 0 -15"><span class='ocrx_word' id='word_1_270' title='bbox 450 2307 536 2337; x_wconf 88' lang='lat' dir='ltr'>nae</span> <span class='ocrx_word' id='word_1_271' title='bbox 574 2290 791 2336; x_wconf 89' lang='lat' dir='ltr'>ecclesiae</span> <span class='ocrx_word' id='word_1_272' title='bbox 825 2289 1096 2343; x_wconf 86' lang='lat' dir='ltr'>diaconum,</span> <span class='ocrx_word' id='word_1_273' title='bbox 1133 2291 1348 2335; x_wconf 82' lang='lat' dir='ltr'>extitisse.</span> <span class='ocrx_word' id='word_1_274' title='bbox 1385 2291 1475 2336; x_wconf 89' lang='lat' dir='ltr'>Pro</span> <span class='ocrx_word' id='word_1_275' title='bbox 1514 2305 1606 2351; x_wconf 88' lang='lat' dir='ltr'>qua</span> <span class='ocrx_word' id='word_1_276' title='bbox 1640 2290 1864 2336; x_wconf 88' lang='lat' dir='ltr'>sententia</span> <span class='ocrx_word' id='word_1_277' title='bbox 1898 2288 2216 2344; x_wconf 89' lang='lat' dir='ltr'>defendenda,</span> <span class='ocrx_word' id='word_1_278' title='bbox 2252 2291 2459 2352; x_wconf 86' lang='lat' dir='ltr'>ingentes</span> <span class='ocrx_word' id='word_1_279' title='bbox 2493 2291 2705 2337; x_wconf 87' lang='lat' dir='ltr'>Comitoli</span> 
     </span>
     <span class='ocr_line' id='line_1_28' title="bbox 453 2366 2710 2429; baseline 0 -16"><span class='ocrx_word' id='word_1_280' title='bbox 453 2376 668 2418; x_wconf 83' lang='lat' dir='ltr'>conatus,</span> <span class='ocrx_word' id='word_1_281' title='bbox 695 2375 741 2412; x_wconf 89' lang='lat' dir='ltr'>et</span> <span class='ocrx_word' id='word_1_282' title='bbox 775 2367 1054 2412; x_wconf 88' lang='lat' dir='ltr'>concitatum</span> <span class='ocrx_word' id='word_1_283' title='bbox 1090 2367 1229 2411; x_wconf 89' lang='lat' dir='ltr'>animi</span> <span class='ocrx_word' id='word_1_284' title='bbox 1264 2366 1480 2412; x_wconf 89' lang='lat' dir='ltr'>ardorem</span> <span class='ocrx_word' id='word_1_285' title='bbox 1514 2367 1824 2428; x_wconf 80' lang='lat' dir='ltr'>conspexeris.</span> <span class='ocrx_word' id='word_1_286' title='bbox 1865 2366 1936 2412; x_wconf 87' lang='lat' dir='ltr'>Ad</span> <span class='ocrx_word' id='word_1_287' title='bbox 1971 2366 2187 2413; x_wconf 89' lang='lat' dir='ltr'>Comitoli</span> <span class='ocrx_word' id='word_1_288' title='bbox 2219 2382 2406 2429; x_wconf 89' lang='lat' dir='ltr'>quoque</span> <span class='ocrx_word' id='word_1_289' title='bbox 2436 2370 2710 2414; x_wconf 89' lang='lat' dir='ltr'>sententiam</span> 
     </span>
     <span class='ocr_line' id='line_1_29' title="bbox 452 2435 2711 2506; baseline -0 -15"><span class='ocrx_word' id='word_1_290' title='bbox 452 2444 625 2491; x_wconf 85' lang='lat' dir='ltr'>accedit</span> <span class='ocrx_word' id='word_1_291' title='bbox 650 2445 929 2489; x_wconf 81' lang='lat' dir='ltr'>Possevinus&#39;</span> <span class='ocrx_word' id='word_1_292' title='bbox 956 2445 1003 2488; x_wconf 91' lang='lat' dir='ltr'>in</span> <span class='ocrx_word' id='word_1_293' title='bbox 1039 2452 1286 2505; x_wconf 87' lang='lat' dir='ltr'>apparatu,</span> <span class='ocrx_word' id='word_1_294' title='bbox 1314 2435 1360 2488; x_wconf 82' lang='lat' dir='ltr'>in</span> <span class='ocrx_word' id='word_1_295' title='bbox 1386 2443 1744 2506; x_wconf 90' lang='lat' dir='ltr'>Olympiodoro.</span> <span class='ocrx_word' id='word_1_296' title='bbox 1783 2443 1964 2490; x_wconf 77' lang='lat' dir='ltr'>Accedo</span> <span class='ocrx_word' id='word_1_297' title='bbox 1989 2443 2116 2489; x_wconf 86' lang='lat' dir='ltr'>enim</span> <span class='ocrx_word' id='word_1_298' title='bbox 2141 2443 2303 2489; x_wconf 79' lang='lat' dir='ltr'>lubens</span> <span class='ocrx_word' id='word_1_299' title='bbox 2327 2444 2396 2490; x_wconf 88' lang='lat' dir='ltr'>ad</span> <span class='ocrx_word' id='word_1_300' title='bbox 2426 2444 2711 2491; x_wconf 81' lang='lat' dir='ltr'>sententiam</span> 
     </span>
     <span class='ocr_line' id='line_1_30' title="bbox 450 2519 2711 2583; baseline -0 -16"><span class='ocrx_word' id='word_1_301' title='bbox 450 2520 597 2567; x_wconf 88' lang='lat' dir='ltr'>Pauli</span> <span class='ocrx_word' id='word_1_302' title='bbox 622 2519 858 2570; x_wconf 86' lang='lat' dir='ltr'>Comitoli,</span> <span class='ocrx_word' id='word_1_303' title='bbox 889 2519 974 2582; x_wconf 83' lang='lat' dir='ltr'>qui</span> <span class='ocrx_word' id='word_1_304' title='bbox 996 2519 1194 2564; x_wconf 86' lang='lat' dir='ltr'>&#39;eandem</span> <span class='ocrx_word' id='word_1_305' title='bbox 1220 2531 1463 2571; x_wconf 83' lang='lat' dir='ltr'>catenam,</span> <span class='ocrx_word' id='word_1_306' title='bbox 1493 2532 1545 2566; x_wconf 88' lang='lat' dir='ltr'>ut</span> <span class='ocrx_word' id='word_1_307' title='bbox 1570 2520 1692 2566; x_wconf 85' lang='lat' dir='ltr'>alibi</span> <span class='ocrx_word' id='word_1_308' title='bbox 1714 2520 1956 2570; x_wconf 77' lang='lat' dir='ltr'>diximus,</span> <span class='ocrx_word' id='word_1_309' title='bbox 1986 2537 2010 2565; x_wconf 90' lang='lat' dir='ltr'>e</span> <span class='ocrx_word' id='word_1_310' title='bbox 2039 2535 2218 2583; x_wconf 82' lang='lat' dir='ltr'>graeca</span> <span class='ocrx_word' id='word_1_311' title='bbox 2244 2520 2450 2566; x_wconf 88' lang='lat' dir='ltr'>latinam</span> <span class='ocrx_word' id='word_1_312' title='bbox 2472 2520 2600 2582; x_wconf 81' lang='lat' dir='ltr'>feeit</span> <span class='ocrx_word' id='word_1_313' title='bbox 2622 2523 2711 2567; x_wconf 91' lang='lat' dir='ltr'>ele-</span> 
     </span>
     <span class='ocr_line' id='line_1_31' title="bbox 451 2596 2716 2661; baseline 0 -18"><span class='ocrx_word' id='word_1_314' title='bbox 451 2610 640 2661; x_wconf 81' lang='lat' dir='ltr'>ganter.</span> <span class='ocrx_word' id='word_1_315' title='bbox 671 2597 764 2652; x_wconf 81' lang='lat' dir='ltr'>Qui</span> <span class='ocrx_word' id='word_1_316' title='bbox 788 2597 900 2642; x_wconf 85' lang='lat' dir='ltr'>item</span> <span class='ocrx_word' id='word_1_317' title='bbox 926 2596 1090 2643; x_wconf 83' lang='lat' dir='ltr'>solidis</span> <span class='ocrx_word' id='word_1_318' title='bbox 1116 2596 1384 2642; x_wconf 85' lang='lat' dir='ltr'>rationibus</span> <span class='ocrx_word' id='word_1_319' title='bbox 1410 2596 1459 2642; x_wconf 86' lang='lat' dir='ltr'>in</span> <span class='ocrx_word' id='word_1_320' title='bbox 1483 2596 1688 2642; x_wconf 86' lang='lat' dir='ltr'>editione</span> <span class='ocrx_word' id='word_1_321' title='bbox 1712 2609 1900 2648; x_wconf 71' lang='lat' dir='ltr'>veneta,</span> <span class='ocrx_word' id='word_1_322' title='bbox 1924 2612 2047 2659; x_wconf 87' lang='lat' dir='ltr'>quae</span> <span class='ocrx_word' id='word_1_323' title='bbox 2067 2596 2251 2660; x_wconf 78' lang='lat' dir='ltr'>‘prodiit</span> <span class='ocrx_word' id='word_1_324' title='bbox 2275 2598 2409 2660; x_wconf 82' lang='lat' dir='ltr'>apud</span> <span class='ocrx_word' id='word_1_325' title='bbox 2433 2598 2598 2645; x_wconf 86' lang='lat' dir='ltr'>Iolitos</span> <span class='ocrx_word' id='word_1_326' title='bbox 2623 2614 2716 2644; x_wconf 82' lang='lat' dir='ltr'>an—</span> 
     </span>
     <span class='ocr_line' id='line_1_32' title="bbox 452 2660 2816 2739; baseline 0 -19"><span class='ocrx_word' id='word_1_327' title='bbox 452 2692 511 2720; x_wconf 87' lang='lat' dir='ltr'>no</span> <span class='ocrx_word' id='word_1_328' title='bbox 541 2675 685 2727; x_wconf 82' lang='grc'>1587,</span> <span class='ocrx_word' id='word_1_329' title='bbox 714 2673 885 2721; x_wconf 69' lang='lat' dir='ltr'>evincit</span> <span class='ocrx_word' id='word_1_330' title='bbox 906 2690 1012 2719; x_wconf 85' lang='lat' dir='ltr'>eam</span> <span class='ocrx_word' id='word_1_331' title='bbox 1035 2690 1130 2719; x_wconf 84' lang='lat' dir='ltr'>esse</span> <span class='ocrx_word' id='word_1_332' title='bbox 1152 2691 1245 2719; x_wconf 88' lang='lat' dir='ltr'>non</span> <span class='ocrx_word' id='word_1_333' title='bbox 1267 2674 1464 2720; x_wconf 75' lang='lat' dir='ltr'>Nicetae</span> <span class='ocrx_word' id='word_1_334' title='bbox 1488 2673 1800 2720; x_wconf 75' lang='lat' dir='ltr'>heracleensis</span> <span class='ocrx_word' id='word_1_335' title='bbox 1825 2660 2053 2738; x_wconf 81' lang='lat' dir='ltr'>episcopi,</span> <span class='ocrx_word' id='word_1_336' title='bbox 2082 2673 2166 2719; x_wconf 87' lang='lat' dir='ltr'>sed</span> <span class='ocrx_word' id='word_1_337' title='bbox 2188 2673 2335 2738; x_wconf 82' lang='lat' dir='ltr'>ipsius</span> <span class='ocrx_word' id='word_1_338' title='bbox 2361 2675 2709 2739; x_wconf 72' lang='lat' dir='ltr'>Olympiodori.</span> <span class='ocrx_word' id='word_1_339' title='bbox 2793 2661 2816 2706; x_wconf 25' lang='grc' dir='ltr'>Ν·</span> 
     </span>
     <span class='ocr_line' id='line_1_33' title="bbox 580 2751 2712 2813; baseline 0.001 -17"><span class='ocrx_word' id='word_1_340' title='bbox 580 2751 702 2806; x_wconf 87' lang='lat' dir='ltr'>Quid</span> <span class='ocrx_word' id='word_1_341' title='bbox 737 2753 922 2797; x_wconf 87' lang='lat' dir='ltr'>interim</span> <span class='ocrx_word' id='word_1_342' title='bbox 957 2752 1074 2797; x_wconf 77' lang='lat' dir='ltr'>nos?</span> <span class='ocrx_word' id='word_1_343' title='bbox 1110 2753 1161 2797; x_wconf 90' lang='lat' dir='ltr'>In</span> <span class='ocrx_word' id='word_1_344' title='bbox 1197 2759 1320 2797; x_wconf 88' lang='lat' dir='ltr'>tanta</span> <span class='ocrx_word' id='word_1_345' title='bbox 1355 2752 1726 2797; x_wconf 89' lang='lat' dir='ltr'>coniecturarum</span> <span class='ocrx_word' id='word_1_346' title='bbox 1754 2753 1910 2813; x_wconf 89' lang='lat' dir='ltr'>copia,</span> <span class='ocrx_word' id='word_1_347' title='bbox 1939 2760 1984 2797; x_wconf 92' lang='lat' dir='ltr'>et</span> <span class='ocrx_word' id='word_1_348' title='bbox 2017 2752 2294 2798; x_wconf 86' lang='lat' dir='ltr'>eximiorum</span> <span class='ocrx_word' id='word_1_349' title='bbox 2328 2752 2572 2798; x_wconf 88' lang='lat' dir='ltr'>hominum</span> <span class='ocrx_word' id='word_1_350' title='bbox 2599 2768 2712 2799; x_wconf 87' lang='lat' dir='ltr'>con-</span> 
     </span>
     <span class='ocr_line' id='line_1_34' title="bbox 452 2827 2708 2892; baseline 0 -18"><span class='ocrx_word' id='word_1_351' title='bbox 452 2844 589 2874; x_wconf 91' lang='lat' dir='ltr'>sensu</span> <span class='ocrx_word' id='word_1_352' title='bbox 624 2828 1005 2889; x_wconf 76' lang='lat' dir='ltr'>adquiescemus‘?</span> <span class='ocrx_word' id='word_1_353' title='bbox 1041 2829 1189 2874; x_wconf 87' lang='lat' dir='ltr'>Etiam</span> <span class='ocrx_word' id='word_1_354' title='bbox 1224 2830 1262 2874; x_wconf 92' lang='lat' dir='ltr'>si</span> <span class='ocrx_word' id='word_1_355' title='bbox 1297 2828 1523 2892; x_wconf 81' lang='lat' dir='ltr'>producta</span> <span class='ocrx_word' id='word_1_356' title='bbox 1557 2830 1781 2874; x_wconf 88' lang='lat' dir='ltr'>sententia</span> <span class='ocrx_word' id='word_1_357' title='bbox 1814 2844 1955 2890; x_wconf 89' lang='lat' dir='ltr'>quam</span> <span class='ocrx_word' id='word_1_358' title='bbox 1989 2828 2257 2890; x_wconf 83' lang='lat' dir='ltr'>longissime</span> <span class='ocrx_word' id='word_1_359' title='bbox 2291 2827 2468 2874; x_wconf 88' lang='lat' dir='ltr'>abesset</span> <span class='ocrx_word' id='word_1_360' title='bbox 2502 2844 2675 2875; x_wconf 82' lang='lat' dir='ltr'>avero</span> <span class='ocrx_word' id='word_1_361' title='bbox 2696 2865 2708 2881; x_wconf 90' lang='lat'>,</span> 
     </span>
     <span class='ocr_line' id='line_1_35' title="bbox 451 2905 2710 2968; baseline 0.001 -18"><span class='ocrx_word' id='word_1_362' title='bbox 451 2913 576 2951; x_wconf 89' lang='lat' dir='ltr'>tanta</span> <span class='ocrx_word' id='word_1_363' title='bbox 610 2906 795 2951; x_wconf 86' lang='lat' dir='ltr'>dicendi</span> <span class='ocrx_word' id='word_1_364' title='bbox 829 2906 961 2967; x_wconf 89' lang='lat' dir='ltr'>copia</span> <span class='ocrx_word' id='word_1_365' title='bbox 996 2914 1303 2968; x_wconf 85' lang='lat' dir='ltr'>praestructa,</span> <span class='ocrx_word' id='word_1_366' title='bbox 1330 2921 1417 2952; x_wconf 90' lang='lat' dir='ltr'>nos</span> <span class='ocrx_word' id='word_1_367' title='bbox 1449 2921 1639 2967; x_wconf 87' lang='lat' dir='ltr'>quoque</span> <span class='ocrx_word' id='word_1_368' title='bbox 1673 2907 1809 2952; x_wconf 88' lang='lat' dir='ltr'>etiam</span> <span class='ocrx_word' id='word_1_369' title='bbox 1845 2906 2015 2951; x_wconf 88' lang='lat' dir='ltr'>invitos</span> <span class='ocrx_word' id='word_1_370' title='bbox 2038 2906 2097 2952; x_wconf 89' lang='lat' dir='ltr'>ad</span> <span class='ocrx_word' id='word_1_371' title='bbox 2121 2921 2169 2952; x_wconf 86' lang='lat' dir='ltr'>se</span> <span class='ocrx_word' id='word_1_372' title='bbox 2199 2905 2492 2967; x_wconf 90' lang='lat' dir='ltr'>pellexisset.·</span> <span class='ocrx_word' id='word_1_373' title='bbox 2517 2905 2604 2952; x_wconf 89' lang='lat' dir='ltr'>Sed</span> <span class='ocrx_word' id='word_1_374' title='bbox 2630 2920 2710 2952; x_wconf 84' lang='lat' dir='ltr'>ve·-</span> 
     </span>
     <span class='ocr_line' id='line_1_36' title="bbox 450 2983 2710 3045; baseline 0 -17"><span class='ocrx_word' id='word_1_375' title='bbox 450 2984 597 3029; x_wconf 88' lang='lat' dir='ltr'>ritatis</span> <span class='ocrx_word' id='word_1_376' title='bbox 631 2983 861 3035; x_wconf 89' lang='lat' dir='ltr'>studium,</span> <span class='ocrx_word' id='word_1_377' title='bbox 889 2999 984 3044; x_wconf 88' lang='lat' dir='ltr'>quo</span> <span class='ocrx_word' id='word_1_378' title='bbox 1011 2999 1194 3045; x_wconf 89' lang='lat' dir='ltr'>semper</span> <span class='ocrx_word' id='word_1_379' title='bbox 1228 2985 1566 3030; x_wconf 76' lang='lat' dir='ltr'>incontinenter</span> <span class='ocrx_word' id='word_1_380' title='bbox 1591 2985 1842 3030; x_wconf 84' lang='lat' dir='ltr'>exarsimus</span> <span class='ocrx_word' id='word_1_381' title='bbox 1868 2983 2135 3045; x_wconf 90' lang='lat' dir='ltr'>compellit,</span> <span class='ocrx_word' id='word_1_382' title='bbox 2166 2992 2216 3029; x_wconf 92' lang='lat' dir='ltr'>ut</span> <span class='ocrx_word' id='word_1_383' title='bbox 2249 2983 2393 3029; x_wconf 88' lang='lat' dir='ltr'>dictas</span> <span class='ocrx_word' id='word_1_384' title='bbox 2422 2984 2710 3030; x_wconf 88' lang='lat' dir='ltr'>coniecturas</span> 
     </span>
     <span class='ocr_line' id='line_1_37' title="bbox 452 3059 2706 3122; baseline -0 -16"><span class='ocrx_word' id='word_1_385' title='bbox 452 3061 726 3106; x_wconf 89' lang='lat' dir='ltr'>coniecturis</span> <span class='ocrx_word' id='word_1_386' title='bbox 760 3061 859 3107; x_wconf 91' lang='lat' dir='ltr'>aliis</span> <span class='ocrx_word' id='word_1_387' title='bbox 895 3061 1043 3122; x_wconf 86' lang='lat' dir='ltr'>(quae</span> <span class='ocrx_word' id='word_1_388' title='bbox 1077 3063 1201 3107; x_wconf 89' lang='lat' dir='ltr'>enim</span> <span class='ocrx_word' id='word_1_389' title='bbox 1235 3063 1283 3107; x_wconf 94' lang='lat' dir='ltr'>in</span> <span class='ocrx_word' id='word_1_390' title='bbox 1317 3060 1458 3107; x_wconf 90' lang='lat' dir='ltr'>rebus</span> <span class='ocrx_word' id='word_1_391' title='bbox 1488 3061 1756 3107; x_wconf 90' lang='lat' dir='ltr'>huiusmodi</span> <span class='ocrx_word' id='word_1_392' title='bbox 1791 3061 2126 3107; x_wconf 87' lang='lat' dir='ltr'>demonstratio</span> <span class='ocrx_word' id='word_1_393' title='bbox 2160 3059 2365 3122; x_wconf 75' lang='lat' dir='ltr'>fuerit?)</span> <span class='ocrx_word' id='word_1_394' title='bbox 2400 3060 2706 3121; x_wconf 84' lang='lat' dir='ltr'>ponderatas,</span> 
     </span>
     <span class='ocr_line' id='line_1_38' title="bbox 452 3135 2705 3200; baseline 0 -18"><span class='ocrx_word' id='word_1_395' title='bbox 452 3138 783 3198; x_wconf 85' lang='lat' dir='ltr'>sapientiorum</span> <span class='ocrx_word' id='word_1_396' title='bbox 817 3138 1014 3184; x_wconf 89' lang='lat' dir='ltr'>examini</span> <span class='ocrx_word' id='word_1_397' title='bbox 1048 3139 1409 3185; x_wconf 76' lang='lat' dir='ltr'>committamus·</span> <span class='ocrx_word' id='word_1_398' title='bbox 1447 3139 1535 3193; x_wconf 86' lang='lat' dir='ltr'>Qui</span> <span class='ocrx_word' id='word_1_399' title='bbox 1570 3138 1711 3184; x_wconf 90' lang='lat' dir='ltr'>semel</span> <span class='ocrx_word' id='word_1_400' title='bbox 1746 3139 2017 3200; x_wconf 89' lang='lat' dir='ltr'>oppositum</span> <span class='ocrx_word' id='word_1_401' title='bbox 2050 3137 2301 3189; x_wconf 87' lang='lat' dir='ltr'>sentiebat,</span> <span class='ocrx_word' id='word_1_402' title='bbox 2329 3135 2585 3182; x_wconf 88' lang='lat' dir='ltr'>rationibus</span> <span class='ocrx_word' id='word_1_403' title='bbox 2617 3138 2705 3183; x_wconf 89' lang='lat' dir='ltr'>Co—</span> 
     </span>
     <span class='ocr_line' id='line_1_39' title="bbox 453 3213 2707 3276; baseline 0.001 -19"><span class='ocrx_word' id='word_1_404' title='bbox 453 3213 601 3258; x_wconf 85' lang='lat' dir='ltr'>mitoli</span> <span class='ocrx_word' id='word_1_405' title='bbox 633 3228 901 3275; x_wconf 87' lang='lat' dir='ltr'>persuasus,</span> <span class='ocrx_word' id='word_1_406' title='bbox 930 3215 978 3259; x_wconf 91' lang='lat' dir='ltr'>in</span> <span class='ocrx_word' id='word_1_407' title='bbox 1012 3216 1285 3260; x_wconf 85' lang='lat' dir='ltr'>sententiam</span> <span class='ocrx_word' id='word_1_408' title='bbox 1319 3215 1534 3261; x_wconf 90' lang='lat' dir='ltr'>Comitoli</span> <span class='ocrx_word' id='word_1_409' title='bbox 1567 3216 1708 3261; x_wconf 89' lang='lat' dir='ltr'>venit.</span> <span class='ocrx_word' id='word_1_410' title='bbox 1747 3215 1931 3276; x_wconf 91' lang='lat' dir='ltr'>Optime</span> <span class='ocrx_word' id='word_1_411' title='bbox 1965 3213 2162 3267; x_wconf 86' lang='lat' dir='ltr'>factum,</span> <span class='ocrx_word' id='word_1_412' title='bbox 2192 3213 2334 3259; x_wconf 91' lang='lat' dir='ltr'>laudo</span> <span class='ocrx_word' id='word_1_413' title='bbox 2367 3214 2707 3274; x_wconf 43' lang='lat' dir='ltr'>ingeniumdd</span> 
     </span>
     <span class='ocr_line' id='line_1_40' title="bbox 454 3289 2707 3354; baseline 0.001 -20"><span class='ocrx_word' id='word_1_414' title='bbox 454 3303 641 3350; x_wconf 91' lang='lat' dir='ltr'>quoque</span> <span class='ocrx_word' id='word_1_415' title='bbox 675 3306 835 3337; x_wconf 89' lang='lat' dir='ltr'>suasus</span> <span class='ocrx_word' id='word_1_416' title='bbox 870 3292 969 3353; x_wconf 89' lang='lat' dir='ltr'>ipse</span> <span class='ocrx_word' id='word_1_417' title='bbox 1002 3291 1193 3344; x_wconf 87' lang='lat' dir='ltr'>faciam;</span> <span class='ocrx_word' id='word_1_418' title='bbox 1221 3301 1267 3337; x_wconf 90' lang='lat' dir='ltr'>et</span> <span class='ocrx_word' id='word_1_419' title='bbox 1292 3293 1329 3337; x_wconf 92' lang='lat' dir='ltr'>si</span> <span class='ocrx_word' id='word_1_420' title='bbox 1353 3299 1592 3354; x_wconf 90' lang='lat' dir='ltr'>peccatum</span> <span class='ocrx_word' id='word_1_421' title='bbox 1626 3299 1719 3346; x_wconf 83' lang='lat' dir='ltr'>est,</span> <span class='ocrx_word' id='word_1_422' title='bbox 1747 3290 1918 3337; x_wconf 87' lang='lat' dir='ltr'>talibus</span> <span class='ocrx_word' id='word_1_423' title='bbox 1941 3291 1988 3336; x_wconf 93' lang='lat' dir='ltr'>in</span> <span class='ocrx_word' id='word_1_424' title='bbox 2014 3289 2155 3336; x_wconf 89' lang='lat' dir='ltr'>rebus</span> <span class='ocrx_word' id='word_1_425' title='bbox 2188 3290 2368 3336; x_wconf 86' lang='lat' dir='ltr'>diversa</span> <span class='ocrx_word' id='word_1_426' title='bbox 2395 3289 2454 3335; x_wconf 89' lang='lat' dir='ltr'>ab</span> <span class='ocrx_word' id='word_1_427' title='bbox 2477 3289 2577 3336; x_wconf 88' lang='lat' dir='ltr'>aliis</span> <span class='ocrx_word' id='word_1_428' title='bbox 2602 3306 2707 3336; x_wconf 88' lang='lat' dir='ltr'>sen-</span> 
     </span>
     <span class='ocr_line' id='line_1_41' title="bbox 455 3365 2708 3431; baseline 0.001 -21"><span class='ocrx_word' id='word_1_429' title='bbox 455 3365 565 3416; x_wconf 88' lang='lat' dir='ltr'>tire,</span> <span class='ocrx_word' id='word_1_430' title='bbox 593 3367 770 3412; x_wconf 88' lang='lat' dir='ltr'>veniam</span> <span class='ocrx_word' id='word_1_431' title='bbox 806 3367 1117 3430; x_wconf 86' lang='lat' dir='ltr'>deprecabor;</span> <span class='ocrx_word' id='word_1_432' title='bbox 1153 3377 1198 3415; x_wconf 88' lang='lat' dir='ltr'>et</span> <span class='ocrx_word' id='word_1_433' title='bbox 1231 3384 1331 3415; x_wconf 89' lang='lat' dir='ltr'>rem</span> <span class='ocrx_word' id='word_1_434' title='bbox 1365 3384 1513 3431; x_wconf 86' lang='lat' dir='ltr'>agam.</span> <span class='ocrx_word' id='word_1_435' title='bbox 1549 3369 1767 3415; x_wconf 86' lang='lat' dir='ltr'>Iohannis</span> <span class='ocrx_word' id='word_1_436' title='bbox 1793 3368 2054 3430; x_wconf 87' lang='lat' dir='ltr'>parisiensis</span> <span class='ocrx_word' id='word_1_437' title='bbox 2085 3368 2291 3413; x_wconf 85' lang='lat' dir='ltr'>canonici</span> <span class='ocrx_word' id='word_1_438' title='bbox 2326 3366 2472 3413; x_wconf 85' lang='lat' dir='ltr'>codex</span> <span class='ocrx_word' id='word_1_439' title='bbox 2501 3369 2708 3414; x_wconf 87' lang='lat' dir='ltr'>Nicetam</span> 
     </span>
     <span class='ocr_line' id='line_1_42' title="bbox 455 3440 2704 3507; baseline 0.003 -22"><span class='ocrx_word' id='word_1_440' title='bbox 455 3440 746 3502; x_wconf 88' lang='lat' dir='ltr'>praeferebat</span> <span class='ocrx_word' id='word_1_441' title='bbox 779 3453 1016 3491; x_wconf 88' lang='lat' dir='ltr'>auctorem</span> <span class='ocrx_word' id='word_1_442' title='bbox 1050 3445 1187 3492; x_wconf 91' lang='lat' dir='ltr'>huius</span> <span class='ocrx_word' id='word_1_443' title='bbox 1221 3454 1432 3500; x_wconf 89' lang='lat' dir='ltr'>catenae,</span> <span class='ocrx_word' id='word_1_444' title='bbox 1466 3454 1512 3492; x_wconf 89' lang='lat' dir='ltr'>et</span> <span class='ocrx_word' id='word_1_445' title='bbox 1544 3447 1664 3507; x_wconf 85' lang='lat' dir='ltr'>regis</span> <span class='ocrx_word' id='word_1_446' title='bbox 1696 3445 1869 3491; x_wconf 90' lang='lat' dir='ltr'>Galliae</span> <span class='ocrx_word' id='word_1_447' title='bbox 1903 3444 2166 3506; x_wconf 73' lang='lat' dir='ltr'>exemplar,</span> <span class='ocrx_word' id='word_1_448' title='bbox 2198 3452 2244 3490; x_wconf 90' lang='lat' dir='ltr'>et</span> <span class='ocrx_word' id='word_1_449' title='bbox 2276 3459 2373 3490; x_wconf 91' lang='lat' dir='ltr'>non</span> <span class='ocrx_word' id='word_1_450' title='bbox 2407 3459 2553 3506; x_wconf 87' lang='lat' dir='ltr'>pauca</span> <span class='ocrx_word' id='word_1_451' title='bbox 2588 3444 2704 3497; x_wconf 87' lang='lat' dir='ltr'>alia,</span> 
     </span>
     <span class='ocr_line' id='line_1_43' title="bbox 456 3516 2706 3587; baseline 0.003 -25"><span class='ocrx_word' id='word_1_452' title='bbox 456 3532 573 3578; x_wconf 91' lang='lat' dir='ltr'>quae</span> <span class='ocrx_word' id='word_1_453' title='bbox 606 3518 1004 3584; x_wconf 89' lang='lat' dir='ltr'>Constantinopoli</span> <span class='ocrx_word' id='word_1_454' title='bbox 1037 3524 1278 3578; x_wconf 89' lang='lat' dir='ltr'>visuntur,</span> <span class='ocrx_word' id='word_1_455' title='bbox 1306 3524 1516 3587; x_wconf 88' lang='lat' dir='ltr'>quamvis</span> <span class='ocrx_word' id='word_1_456' title='bbox 1547 3522 1804 3569; x_wconf 86' lang='lat' dir='ltr'>Comitolus</span> <span class='ocrx_word' id='word_1_457' title='bbox 1835 3521 2013 3568; x_wconf 90' lang='lat' dir='ltr'>nullam</span> <span class='ocrx_word' id='word_1_458' title='bbox 2046 3529 2203 3567; x_wconf 85' lang='lat' dir='ltr'>extare</span> <span class='ocrx_word' id='word_1_459' title='bbox 2237 3522 2285 3566; x_wconf 90' lang='lat' dir='ltr'>in</span> <span class='ocrx_word' id='word_1_460' title='bbox 2317 3516 2603 3567; x_wconf 87' lang='lat' dir='ltr'>bibliotheca</span> <span class='ocrx_word' id='word_1_461' title='bbox 2633 3538 2706 3568; x_wconf 90' lang='lat' dir='ltr'>re-</span> 
     </span>
     <span class='ocr_line' id='line_1_44' title="bbox 457 3595 2708 3663; baseline 0.003 -24"><span class='ocrx_word' id='word_1_462' title='bbox 457 3595 531 3655; x_wconf 85' lang='lat' dir='ltr'>gia</span> <span class='ocrx_word' id='word_1_463' title='bbox 557 3603 762 3641; x_wconf 89' lang='lat' dir='ltr'>catenam</span> <span class='ocrx_word' id='word_1_464' title='bbox 788 3597 1001 3645; x_wconf 87' lang='lat' dir='ltr'>affirmet.</span> <span class='ocrx_word' id='word_1_465' title='bbox 1041 3600 1129 3646; x_wconf 90' lang='lat' dir='ltr'>Sed</span> <span class='ocrx_word' id='word_1_466' title='bbox 1154 3599 1550 3663; x_wconf 86' lang='lat' dir='ltr'>Constantinopoli</span> <span class='ocrx_word' id='word_1_467' title='bbox 1575 3600 1774 3646; x_wconf 84' lang='lat' dir='ltr'>extitisse</span> <span class='ocrx_word' id='word_1_468' title='bbox 1797 3599 1939 3645; x_wconf 90' lang='lat' dir='ltr'>tradit</span> <span class='ocrx_word' id='word_1_469' title='bbox 1963 3599 2289 3660; x_wconf 84' lang='lat' dir='ltr'>grammaticus</span> <span class='ocrx_word' id='word_1_470' title='bbox 2313 3599 2360 3643; x_wconf 92' lang='lat' dir='ltr'>in</span> <span class='ocrx_word' id='word_1_471' title='bbox 2386 3597 2597 3660; x_wconf 87' lang='lat' dir='ltr'>catalogo</span> <span class='ocrx_word' id='word_1_472' title='bbox 2631 3615 2708 3645; x_wconf 83' lang='lat' dir='ltr'>ex-</span> 
     </span>
     <span class='ocr_line' id='line_1_45' title="bbox 458 3670 2710 3738; baseline 0.003 -23"><span class='ocrx_word' id='word_1_473' title='bbox 458 3670 608 3717; x_wconf 89' lang='lat' dir='ltr'>hibito</span> <span class='ocrx_word' id='word_1_474' title='bbox 640 3672 689 3716; x_wconf 89' lang='lat' dir='ltr'>in</span> <span class='ocrx_word' id='word_1_475' title='bbox 722 3670 1002 3720; x_wconf 89' lang='lat' dir='ltr'>bibliotheca</span> <span class='ocrx_word' id='word_1_476' title='bbox 1035 3677 1326 3737; x_wconf 88' lang='lat' dir='ltr'>patriarchae</span> <span class='ocrx_word' id='word_1_477' title='bbox 1359 3675 1868 3738; x_wconf 88' lang='lat' dir='ltr'>constantinopolitani,</span> <span class='ocrx_word' id='word_1_478' title='bbox 1895 3683 1949 3721; x_wconf 88' lang='lat' dir='ltr'>ut</span> <span class='ocrx_word' id='word_1_479' title='bbox 1981 3689 2036 3720; x_wconf 83' lang='lat' dir='ltr'>ex</span> <span class='ocrx_word' id='word_1_480' title='bbox 2061 3674 2249 3720; x_wconf 88' lang='lat' dir='ltr'>Antonii</span> <span class='ocrx_word' id='word_1_481' title='bbox 2275 3674 2484 3720; x_wconf 84' lang='lat' dir='ltr'>Verderii</span> <span class='ocrx_word' id='word_1_482' title='bbox 2518 3676 2710 3738; x_wconf 91' lang='lat' dir='ltr'>supple-</span> 
     </span>
     <span class='ocr_line' id='line_1_46' title="bbox 460 3744 2708 3816; baseline 0.002 -24"><span class='ocrx_word' id='word_1_483' title='bbox 460 3755 618 3793; x_wconf 90' lang='lat' dir='ltr'>mento</span> <span class='ocrx_word' id='word_1_484' title='bbox 641 3746 828 3809; x_wconf 84' lang='lat' dir='ltr'>colligo.</span> <span class='ocrx_word' id='word_1_485' title='bbox 866 3749 918 3794; x_wconf 92' lang='lat' dir='ltr'>In</span> <span class='ocrx_word' id='word_1_486' title='bbox 942 3751 1108 3812; x_wconf 87' lang='lat' dir='ltr'>Anglia</span> <span class='ocrx_word' id='word_1_487' title='bbox 1130 3753 1226 3799; x_wconf 94' lang='lat' dir='ltr'>duo</span> <span class='ocrx_word' id='word_1_488' title='bbox 1249 3753 1485 3800; x_wconf 89' lang='lat' dir='ltr'>bodleiani</span> <span class='ocrx_word' id='word_1_489' title='bbox 1515 3753 1717 3816; x_wconf 86' lang='lat' dir='ltr'>codices,</span> <span class='ocrx_word' id='word_1_490' title='bbox 1745 3768 1800 3799; x_wconf 84' lang='lat' dir='ltr'>ex</span> <span class='ocrx_word' id='word_1_491' title='bbox 1832 3749 2001 3814; x_wconf 91' lang='lat' dir='ltr'>quibus</span> <span class='ocrx_word' id='word_1_492' title='bbox 2035 3744 2167 3797; x_wconf 85' lang='lat' dir='ltr'>suam</span> <span class='ocrx_word' id='word_1_493' title='bbox 2190 3752 2333 3804; x_wconf 87' lang='lat' dir='ltr'>eruit,</span> <span class='ocrx_word' id='word_1_494' title='bbox 2362 3750 2601 3813; x_wconf 89' lang='lat' dir='ltr'>ediditque</span> <span class='ocrx_word' id='word_1_495' title='bbox 2625 3753 2708 3797; x_wconf 88' lang='lat' dir='ltr'>Pa-</span> 
     </span>
     <span class='ocr_line' id='line_1_47' title="bbox 461 3818 2754 3891; baseline 0.002 -22"><span class='ocrx_word' id='word_1_496' title='bbox 461 3824 619 3870; x_wconf 90' lang='lat' dir='ltr'>tricius</span> <span class='ocrx_word' id='word_1_497' title='bbox 644 3825 817 3871; x_wconf 90' lang='lat' dir='ltr'>lunius.</span> <span class='ocrx_word' id='word_1_498' title='bbox 856 3824 1246 3889; x_wconf 87' lang='lat' dir='ltr'>Olympiodorum</span> <span class='ocrx_word' id='word_1_499' title='bbox 1271 3845 1392 3876; x_wconf 89' lang='lat' dir='ltr'>unus</span> <span class='ocrx_word' id='word_1_500' title='bbox 1414 3829 1712 3877; x_wconf 89' lang='lat' dir='ltr'>solummodo</span> <span class='ocrx_word' id='word_1_501' title='bbox 1744 3830 1826 3891; x_wconf 91' lang='lat' dir='ltr'>qui</span> <span class='ocrx_word' id='word_1_502' title='bbox 1848 3828 1934 3875; x_wconf 85' lang='lat' dir='ltr'>fuit</span> <span class='ocrx_word' id='word_1_503' title='bbox 1961 3825 2190 3874; x_wconf 86' lang='lat' dir='ltr'>Samhuci.</span> <span class='ocrx_word' id='word_1_504' title='bbox 2229 3826 2408 3882; x_wconf 89' lang='lat' dir='ltr'>Quibus</span> <span class='ocrx_word' id='word_1_505' title='bbox 2432 3826 2548 3875; x_wconf 89' lang='lat' dir='ltr'>fides</span> <span class='ocrx_word' id='word_1_506' title='bbox 2582 3827 2711 3875; x_wconf 89' lang='lat' dir='ltr'>adhi-</span> <span class='ocrx_word' id='word_1_507' title='bbox 2750 3818 2754 3831; x_wconf 64' lang='grc'><em>’</em></span> 
     </span>
    </p>
   </div>
  </div>
 </body>
</html>
