2970 4420
1215 271 1274 303 niz
1305 271 1485 304 sicaris.
1716 261 1721 263 ’
2410 263 2472 307 15

363 357 556 405 Addunt
589 356 684 403 alii.
711 356 937 402 Eiusdem
964 358 1281 420 Imperatores
1309 354 1813 419 constantinopolitani
1833 353 2083 407 haeretici,
2113 372 2171 402 ac
2200 357 2466 406 christiani.

238 434 343 496 Ipse
372 432 483 494 quid
519 433 604 485 sit,
633 432 842 478 nondum
875 433 988 479 xidi.

336 510 414 554 ln
438 509 646 570 Gregorii
670 509 926 555 nazianzeni
956 510 1186 556 orationes
1207 509 1436 557 sexdecim
1459 485 1808 557 enarrationes,
1838 518 1883 552 et
1910 519 2276 558 commentaria,
2307 525 2471 573 nempe

239 584 292 630 in
320 596 538 638 sanctum
562 583 771 648 pascha,
799 596 844 630 et
879 585 928 630 in
961 586 1258 632 tarditatem.
1294 588 1355 632 In
1383 585 1536 632 aliam
1569 584 1832 631 orationem
1856 582 1906 629 in
1937 595 2153 629 sanctam
2182 584 2384 647 pascha.
2415 589 2473 632 In

238 677 410 708 novam
444 661 753 708 dominicam.
791 664 850 708 In
876 675 1204 726 pentecostem.
1242 664 1302 709 In
1339 662 1515 709 Christi
1542 661 1668 708 diem
1697 661 1925 708 natalem.
1961 661 2022 706 In
2056 660 2352 724 epitaphium
2380 662 2478 709 divi

238 738 430 786 Basilii.
468 741 528 785 In
561 751 729 793 sancta
754 740 955 786 lamina.
985 742 1046 786 In
1075 751 1293 786 sanctum
1316 739 1573 803 baptisma.
1608 740 1680 785 De
1704 754 1865 784 amore
1881 753 2168 801 pauperum.
2204 739 2264 784 In
2288 750 2476 801 patrem

240 815 509 862 reticentem
542 827 740 880 propter
764 818 969 880 plagam
1003 815 1274 880 grandinis.
1311 818 1371 862 In
1405 816 1762 863 Macchabaeos.
1798 817 1859 862 In
1891 831 1930 861 s.
1966 814 2257 878 Cyprianam
2292 827 2478 878 marty-

239 907 357 938 rem.
395 893 455 938 In
479 892 726 938 Iulianum
752 893 1039 940 tributorum
1060 904 1350 939 exactorem.
1378 893 1436 938 In
1454 892 1782 956 praesentiam
1807 893 1892 938 CL.
1918 891 2255 955 episcoporum.
2283 893 2342 937 In
2367 892 2478 938 Gre-

237 968 431 1032 goriam
463 984 716 1032 nyssenam
749 970 920 1034 magni
941 969 1118 1016 Basilii
1134 969 1368 1030 fratrem.
1399 970 1458 1015 In
1483 985 1521 1016 s.
1547 968 1890 1016 Athanasium:
1917 983 2036 1030 quae
2062 969 2204 1015 latine
2227 969 2478 1030 interprete

240 1045 445 1092 Iohanne
467 1046 744 1094 Leunclavio
767 1062 930 1094 excusa
953 1055 1058 1094 sunt
1083 1062 1188 1093 cum
1212 1045 1433 1108 operibus
1455 1047 1661 1108 Gregorii
1685 1047 1943 1093 nazianzeni
1966 1046 2166 1092 Basileae
2191 1060 2313 1092 anno
2337 1046 2475 1092 1571.

234 1123 308 1168 ⁴-Ex
345 1122 416 1168 his
449 1125 790 1172 commentariis
823 1122 1016 1178 lacobus
1047 1123 1209 1169 Billius
1241 1122 1423 1184 partim*
1442 1124 1490 1169 in
1523 1123 1698 1185 aliquas
1730 1124 1962 1170 orationes
1992 1123 2285 1175 Nazianzeni‚
2312 1123 2481 1183 partim

241 1213 298 1245 ex
330 1198 423 1244 illis
457 1200 505 1245 in
539 1199 651 1246 alias
685 1200 893 1262 collegit,
921 1199 1157 1262 ediditque
1188 1200 1237 1245 in
1265 1214 1346 1245 sua
1368 1199 1588 1246 editione.
1625 1200 1793 1246 Graeca
1818 1200 2129 1262 manuscripta
2163 1199 2330 1260 passim
2353 1199 2482 1244 inve—

242 1275 436 1322 niuntur
469 1276 518 1321 in
551 1276 713 1323 italicis
745 1275 1066 1330 bibliothecis,
1093 1284 1138 1323 et
1170 1276 1293 1337 regia
1325 1276 1506 1321 Parisiis
1538 1275 1643 1322 cod.
1671 1276 1783 1322 429.
1811 1284 1856 1322 et
1884 1275 2027 1321 1353.

369 1352 585 1398 Eiusdem
620 1351 951 1398 commentarii
990 1369 1040 1398 in
1074 1353 1367 1426 Nyssenum,
1406 1352 1543 1397 index
1575 1368 1662 1398 ms.
1699 1350 2050 1398 Ambrosianus.
2087 1352 2266 1398 Nicetas
2306 1350 2479 1413 absque

241 1427 389 1474 dubio
423 1430 547 1483 erit‚·
580 1431 661 1491 qui
694 1438 739 1476 et
771 1430 820 1475 in
851 1431 1134 1476 Nazianzeno
1166 1416 1439 1476 elaboravit.
1475 1430 1658 1476 Utinam
1692 1438 1844 1475 tamen
1877 1429 2044 1482 index,
2079 1429 2153 1475 vel
2188 1428 2349 1474 titulus
2382 1443 2479 1474 non

242 1505 392 1552 fallat!
416 1507 470 1552 Et
497 1508 711 1569 suspicor
730 1522 782 1552 ea
806 1521 927 1559 esse,
947 1522 1065 1568 quae
1086 1507 1184 1569 ipse
1204 1508 1383 1554 Nicetas
1407 1507 1653 1568 scripserat
1675 1507 1723 1552 in
1745 1507 2001 1553 orationem
2025 1506 2316 1557 Nazianzeni,
2324 1520 2480 1566 -quam

241 1580 321 1628 ille
354 1581 518 1628 habuit
553 1584 598 1628 in
633 1584 907 1644 Gregorium
943 1583 1374 1645 nyssenum-Basilii
1410 1582 1617 1629 fratrem.

368 1659 650 1705 industriam
682 1675 870 1722 quoque
903 1675 1033 1706 suam
1067 1662 1222 1722 posuit
1254 1661 1300 1706 in
1335 1660 1621 1722 exponendis
1653 1675 1807 1706 sacrae
1834 1661 2090 1721 scripturae
2121 1658 2277 1710 libris3
2305 1673 2400 1704 non
2425 1672 2483 1704 ex

241 1737 466 1798 propriis,
494 1735 574 1782 sed
608 1752 664 1782 ex
696 1746 985 1790 sanctorum,
1014 1737 1307 1799 aliorumque
1341 1738 1839 1799 praestantissimorum
1872 1737 2111 1791 virorum,
2139 1737 2234 1781 imo
2267 1737 2402 1781 etiam
2426 1751 2482 1781 ex

241 1812 608 1867 haereticorum,
641 1814 679 1858 si
711 1813 859 1860 modo
893 1829 918 1860 a
951 1812 1284 1859 catholicorum
1318 1813 1623 1875 intelligentia
1661 1821 1706 1860 et
1739 1828 1876 1871 sensu
1912 1827 2006 1858 non
2039 1812 2365 1873 disiunguntur
2398 1811 2484 1857 de-

242 1903 458 1950 cerpens,
486 1897 532 1935 et
564 1889 732 1936 ordine
764 1890 1038 1952 disponens,
1065 1899 1111 1937 et
1144 1891 1378 1952 aptissime
1413 1890 1673 1944 collocans,
1699 1898 1751 1936 ut
1783 1905 1878 1935 non
1903 1889 2148 1935 videantur
2173 1888 2399 1934 disiuncta
2433 1902 2485 1933 ac

242 1973 476 2027 separata,
503 1967 790 2028 optimorum
823 1982 1086 2029 pannorum
1120 1968 1278 2014 frustis
1311 1968 1651 2022 consarcinata,
1677 1967 1759 2014 sed
1785 1981 1880 2012 uno
1905 1968 2126 2012 continuo
2154 1973 2282 2012 textu
2307 1963 2365 2011 ab
2391 1970 2486 2011 uno

243 2051 431 2089 auctore
465 2043 634 2090 ordita.
670 2045 757 2090 Eas
788 2045 947 2091 Graeci
982 2034 1151 2109 σειρὰς
1184 2045 1369 2099 dixere,
1397 2045 1545 2090 Latini
1570 2055 1789 2090 catenas:
1825 2043 2223 2106 quemadmodum
2256 2044 2378 2088 enim
2412 2042 2485 2087 di·-

242 2120 363 2164 versi
396 2119 704 2181 disiunctique
737 2121 896 2167 annuli
920 2121 1035 2168 alter
1059 2121 1192 2167 alteri
1215 2121 1467 2183 implicitus
1500 2122 1548 2167 in
1583 2137 1727 2167 unum
1753 2129 2067 2173 coarctantur,
2094 2128 2140 2166 et
2167 2120 2485 2165 continuatum

244 2211 392 2242 unum
424 2197 656 2251 efficiunt,
682 2197 746 2244 ita
769 2206 815 2244 et
839 2198 1089 2245 sententiae
1120 2198 1228 2245 illae
1251 2199 1300 2244 in
1326 2199 1508 2261 scriptis
1532 2206 1718 2260 patrum
1741 2198 1999 2260 dispersae,
2028 2197 2301 2243 recollectae
2326 2211 2377 2241 ac
2401 2195 2486 2240 de-

244 2270 355 2334 bito!
367 2273 532 2320 ordine
565 2282 830 2335 congestae,
855 2275 1000 2326 yeluti
1024 2290 1116 2322 una
1148 2276 1264 2322 serie
1289 2276 1636 2322 continuantur.
1674 2276 1746 2322 Sic
1771 2273 1857 2321 sub
1890 2274 2015 2320 illius
2048 2274 2236 2321 nomine
2269 2274 2317 2318 in
2350 2272 2487 2318 variis

243 2346 537 2396 bibliothecis
569 2350 714 2397 latent
746 2351 794 2397 in
825 2349 1117 2397 hexameron
1140 2351 1316 2414 Moysis
1338 2351 1682 2415 explicationes
1713 2352 1948 2398 collectae.
1987 2353 2044 2396 In
2074 2349 2356 2414 psalterium
2386 2349 2487 2393 Da-

247 2425 387 2476 vi‘dis,
410 2428 680 2474 Possevinus
707 2427 866 2475 scribit
891 2430 1090 2475 extitisse
1113 2430 1161 2475 in
1185 2428 1470 2476 bibliotheca
1495 2431 1787 2492 imperatoris
1807 2428 2128 2476 vindobonae.
2157 2429 2208 2472 ln
2228 2427 2491 2488 altempsia-

247 2517 308 2549 Μ
339 2503 531 2565 legllffl't
572 2505 766 2564 Νικῆτα
793 2507 992 2582 Σεῤῥῶν
1024 2505 1271 2581 ἐξήγησις
1303 2507 1373 2569 εἷς
1400 2507 1520 2569 τοὺς
1550 2506 1827 2578 ψαλμοὺς,
1856 2506 1938 2561 καὶ
1974 2505 2206 2573 συλλογὴ
2235 2502 2360 2576 ἄχρι
2395 2527 2484 2556 του

248 2581 325 2652 με’
346 2581 591 2664 jssoehptoz‘i·
616 2581 996 2657 παρέμπροσθεν
1023 2581 1075 2636 δὲ
1108 2582 1232 2657 οῗχρι
1260 2607 1349 2637 του
1387 2583 1426 2636 o'
1442 2585 1576 2647 ,τοῦ
1601 2584 1900 2656 ΑΓαμηνου
1937 2594 2133 2639 Nicetae
2155 2591 2369 2638 Serronis
2402 2607 2490 2635 εοε-

244 2657 420 2719 posi'tzo
454 2658 504 2702 in
528 2658 738 2720 psalmos
762 2667 806 2702 et
831 2659 1010 2721 sylloge
1045 2675 1188 2720 usqae
1211 2659 1279 2704 ad
1299 2660 1435 2706 XLV.
1474 2661 1607 2714 Quae
1641 2675 1745 2706 vero
1767 2671 2026 2721 sequantur
2049 2674 2191 2720 usque
2217 2656 2284 2702 ad
2304 2657 2482 2705 LXXX

249 2744 359 2778 sunt
391 2735 429 2780 Α
433 2749 642 2796 gamem
678 2735 944 2780 Franciscus
968 2736 1103 2780 etiam
1132 2737 1379 2782 Patritius
1366 2752 1414 2781 in
1438 2737 1561 2782 notis
1586 2736 1644 2782 ad
1668 2736 1911 2782 Clementis
1935 2737 2130 2797 primam
2156 2734 2397 2796 epistolam
2429 2731 2486 2776 ad

251 2810 514 2856 Corinthios
538 2809 680 2855 refert
705 2810 829 2871 apud
851 2826 899 2856 se
927 2819 1081 2856 extare
1107 2819 1312 2857 catenam
1342 2813 1389 2857 in
1411 2813 1638 2873 psalmos,
1666 2812 1913 2858 collectore
1938 2813 2089 2858 Niceta
2106 2845 2117 2863 ‚
2144 2825 2283 2871 quam
2309 2809 2490 2869 saepius

251 2895 387 2932 vocat
415 2902 568 2939 suam,
597 2902 651 2932 ex
686 2902 830 2947 eaque
863 2888 1122 2933 testimonia
1157 2896 1343 2949 patrum
1373 2903 1468 2934 non
1502 2904 1598 2934 uno
1633 2889 1679 2933 in
1713 2888 1818 2934 loco
1851 2888 2048 2949 profert.
2086 2888 2151 2931 Ex
2185 2886 2270 2931 hac
2303 2883 2487 2946 patrum

252 2964 538 3025 expositione
561 2963 663 3024 pius
684 2964 838 3009 nescio
861 2964 964 3025 quis
988 2964 1136 3009 varias
1160 2979 1348 3024 precum
1370 2964 1593 3010 formulas
1617 2965 1908 3010 concinnavit
1929 2965 2041 3010 varii
2067 2963 2348 3023 argumenti,
2373 2975 2488 3020 quas

251 3042 350 3125 ipse
379 3040 469 3102 legi
501 3039 589 3086 sub
621 3040 710 3085 hoc
742 3041 894 3087 titulo.
933 3027 1100 3098 Εὐχαι
1135 3027 1373 3102 διάφοροι
1404 3053 1525 3124 προς
1552 3053 1637 3084 τον
1665 3029 1832 3103 κόριον
1860 3053 1995 3100 ημων
2022 3028 2216 3086 Ἰησοῦν
2246 3025 2484 3099 ΧρισὙον,

256 3105 698 3178 ὁμνολογητικαι,
735 3105 1177 3178 ἐξομολογητικαί
1198 3127 1280 3168 τε,
1310 3104 1392 3158 καὶ
1431 3104 1842 3179 εὐχαριστῆριοι,
1868 3105 1989 3178 πρὸς
2019 3102 2075 3158 δὲ
2111 3103 2193 3158 καὶ
2236 3100 2486 3177 διηγημα-

254 3181 424 3245 τικαῖ,
458 3182 540 3236 καὶ
576 3181 982 3255 παρακλητικαι,
1017 3179 1456 3236 ὃιασκευασθεῖσαι
1493 3182 1621 3237 κατ-οὶ
1652 3181 1972 3254 παραφρασιν
2007 3181 2052 3235 ἐν
2089 3178 2352 3250 ὁμοιότητι
2387 3203 2483 3233 των

255 3258 481 3329 ’ψαλμων
514 3259 606 3312 τοῦ
642 3257 877 3312 Aamd'
846 3259 942 3313 από
976 3282 1070 3313 των
1106 3256 1490 3332 ἐξηγησαμένων
1524 3259 1594 3320 εἷς
1625 3281 1680 3312 το
1712 3256 1991 3330 xlatx'l'nptov
2019 3257 2179 3311 αὐτοῦ’
2209 3254 2484 3310 θειοὙοίτων

255 3334 481 3410 πατέρων
513 3335 648 3406 ημῶν
683 3358 764 3388 και
804 3337 960 3404 οἱγίων
993 3359 1074 3389 και
1116 3352 1282 3400 σοφων
1316 3331 1657 3389 διδασκάλων
1693 3331 2028 3390 συνετέθησαν
2063 3331 2115 3386 δὲ
2151 3357 2246 3387 απο
2284 3333 2378 3387 τοῦ
2411 3338 2487 3397 βι-

257 3417 415 3477 βλίου
451 3412 546 3465 τοῦ
573 3412 890 3485 Ἡρακλείας
928 3417 981 3465 Ρ.
1020 3410 1269 3466 Δέσποτα
1303 3412 1442 3484 κύριε
1481 3411 1504 3464 o‘
1542 3409 1666 3472 θεὸς
1705 3432 1800 3465 των
1836 3409 2078 3465 οἱτωοίντων
2112 3409 2230 3471 τοὺς
2265 3418 2486 3463 καταλα·

258 3486 446 3553 βόντας
479 3510 540 3559 με
579 3485 667 3540 διὰ
701 3487 954 3556 παγίὸων,
984 3511 1064 3541 και
1097 3510 1180 3546 την
1212 3487 1386 3560 ψυχήν
1417 3510 1514 3559 μου
1545 3485 1952 3582 ταπέινώσαντας.
1987 3498 2101 3544 Sunt
2130 3513 2257 3543 num
2289 3498 2366 3544 39.
2394 3499 2487 3544 Nec

257 3588 354 3620 non
388 3583 435 3621 et
474 3574 599 3620 illae.
632 3563 815 3659 Ἑτέρα
851 3563 1072 3622 συνθήκη
1107 3563 1330 3635 ψαλμων
1373 3563 1483 3619 awti
1522 3587 1608 3625 της
1646 3563 1904 3634 ἑρμηνείας
1939 3564 2035 3617 τοῦ
2065 3566 2136 3617 Ζυ
2141 3564 2377 3638 γαβηνου
2414 3564 2485 3624 εἷς

259 3639 375 3702 τοὺς
409 3639 657 3711 ψαλμοὺς
694 3637 849 3704 ὅλους
878 3640 1000 3696 καΤα
1027 3657 1343 3714 παραφρασιν
1380 3639 1638 3702 εὗκΎικως,
1669 3637 2041 3711 ὃοξολοΓικως,
2070 3640 2484 3715 εὖχαρισἽηρίως,

260 3714 342 3767 καὶ
383 3714 798 3789 διηγηματικως,
833 3719 1005 3780 καθὼς
1040 3716 1226 3790 γέγονε
1265 3715 1349 3769 καὶ
1386 3714 1808 3810 προγέγραπται,
1845 3738 1923 3770 και
1964 3715 2057 3770 οἷπο
2093 3740 2181 3778 της
2216 3716 2484 3788 συλλογης

261 3812 351 3844 του
381 3792 686 3866 Ἡρακλείας
724 3816 794 3855 εις
821 3795 876 3847 τὸ
908 3792 1029 3848 ὅλον
1065 3791 1367 3864 ψαλτήριον.
1403 3797 1457 3845 Ρ.
1493 3790 1647 3865 Κύριε
1683 3792 1707 3844 ὁ
1743 3792 1868 3854 &tog
1896 3792 2086 3847 πολλοὶ
2118 3817 2214 3848 των
2248 3793 2484 3864 κατεξαν-

264 3867 537 3940 ισταμένων
571 3890 668 3939 μου
703 3871 1149 3945 παραθαρῥοῦντες
1185 3868 1453 3932 ἀλλήλους
1486 3867 1750 3944 λέγουσιν.
1785 3881 1943 3928 Preces
1974 3888 2081 3929 sunt
2114 3895 2244 3947 num..
2277 3880 2381 3924 146.
