2970 4420
462 236 600 286 xum
1012 258 1015 263 ¹
1059 227 1066 237 ’
1375 255 1547 287 mecam
1582 253 1813 285 nemum

460 343 547 372 non
580 329 717 371 solum
750 329 889 372 festivi
924 329 1054 382 ritus,
1088 330 1163 372 sed
1196 330 1321 372 etiam
1353 341 1506 371 nomen
1537 328 1783 370 catherinae
1817 328 2094 373 desideratur.
2127 330 2270 383 Quoto
2305 335 2446 374 autem
2479 343 2590 374 anno
2623 336 2723 387 post
2790 369 2792 372 ,

461 400 575 441 illam
602 399 917 454 expeditionem
947 401 1238 442 ecclesiasticis
1267 401 1512 442 Latinorum
1534 398 1652 440 fastis
1679 399 1930 454 inscriptum
1961 401 2038 453 sit,
2063 407 2180 444 certo
2206 402 2412 445 affirmare
2434 402 2608 457 quidem
2634 406 2722 461 non

461 472 620 525 ausim3
646 471 719 513 sed
746 473 820 526 qui
849 471 894 514 id
919 471 1081 514 factum
1105 476 1202 513 ante
1231 471 1486 525 quingentos
1509 482 1642 511 annos
1666 469 1842 523 dixerit,
1867 483 1953 512 non
1979 472 2108 526 longe
2136 486 2160 514 a
2187 474 2361 515 veritate
2385 473 2575 516 fortassis
2600 472 2723 517 aber-

462 544 639 595 raverit3
674 556 770 586 nam
804 544 961 598 scripta
994 544 1122 598 paulo
1155 547 1250 584 ante
1281 542 1328 583 id
1360 541 1567 594 temporis
1601 540 1849 583 kalendaria
1877 542 2073 585 vaticana
2101 556 2146 585 n.
2183 545 2315 586 3806.
2349 545 2480 587 4756.
2515 549 2558 587 et
2587 546 2722 588 4772.

464 614 710 656 Cath‘erinae
740 626 895 656 nomen
925 626 1011 655 non
1046 613 1320 655 admiserunt.
1355 613 1487 664 Haec,
1522 615 1565 653 et
1595 611 1650 653 ad
1681 611 1776 653 festi
1808 616 1978 654 sancta-e
2015 613 2261 656 Catharinae
2298 615 2559 669 primordia,
2593 620 2634 658 et
2668 615 2724 657 ad

465 684 683 739 pugillaris
717 685 902 726 huiusce'
927 684 1221 738 antiquitatem
1257 682 1474 724 dumtaxat
1508 681 1775 725 indicandam
1814 681 1928 724 dicta
1964 684 2072 736 sint;
2105 696 2204 726 nam
2239 689 2374 726 totam
2409 685 2461 727 de
2501 685 2724 728 Catherina

463 760 646 812 martyre
676 756 894 798 historiam
922 756 965 796 in
998 754 1176 796 dubium
1206 765 1430 805 revocare,
1464 753 1774 795 haereticorum
1805 754 2054 805 temeritatis
2086 759 2167 796 est.

531 837 536 842 ·
992 831 996 835 ·
1433 826 1572 877 Imaqo
1605 830 1755 866 octava.

584 900 710 942 Hunc
741 911 828 941 esse
861 898 1068 940 Audream
1105 897 1368 952 apostolum,
1401 900 1445 938 ct
1479 896 1650 939 habitus
1678 897 1863 950 indicat,
1896 902 1938 939 et
1970 897 2058 940 dies
2091 903 2188 940 ante
2220 899 2420 944 kalendas
2453 900 2724 959 decembres,

467 974 510 1011 et
540 970 675 1012 crucis
708 969 780 1011 illa
811 969 974 1021 forma,
1009 981 1133 1023 quam
1165 968 1300 1010 eidem
1335 969 1533 1023 apostolo
1567 969 1778 1023 posterior
1811 973 1923 1011 aetas
1953 969 2160 1011 attribuit.
2195 970 2299 1013 Nam
2330 971 2524 1024 Andreae
2556 983 2725 1014 crucem
2778 1023 2782 1026 ,

467 1053 490 1082 a
523 1040 675 1082 Christi
703 1040 862 1084 domini
893 1040 1109 1081 notissima
1141 1039 1277 1081 crucis
1307 1037 1446 1093 figura
1476 1039 1583 1081 nihil
1616 1039 1813 1092 differre,
1846 1040 2039 1082 Molanus
2071 1040 2255 1085 ostendit
2285 1040 2361 1083 lib.
2391 1043 2432 1083 3.
2468 1042 2567 1084 hist.
2592 1042 2722 1096 imag.
2788 1055 2793 1057 ··

469 1123 562 1165 cap.
595 1112 675 1164 51,
707 1111 781 1165 qui
814 1122 907 1151 eam
938 1109 1054 1164 apud
1082 1109 1344 1152 Massilenses
1373 1110 1501 1152 hodie
1529 1111 1730 1152 asservari
1755 1111 1928 1165 probat.

778 1227 973 1258 SECUNDA
1003 1228 1201 1267 QUINTAE
1230 1228 1456 1259 TABELLAE
1485 1228 1635 1259 FACIES
1664 1229 1885 1260 CONTINET
1915 1229 2096 1260 MENSEM
2127 1229 2421 1261 DECEMBREM.‘

1443 1325 1583 1377 lmaqo
1610 1328 1761 1378 prima.

588 1394 668 1446 Qui
697 1394 894 1436 malleum
924 1394 1073 1436 dextra
1099 1394 1288 1449 praefert
1316 1399 1484 1436 sanctus
1512 1394 1673 1449 Eligius
1699 1399 1762 1437 est
1792 1395 2018 1450 episcopus
2046 1396 2352 1447 noviomensis,
2378 1393 2479 1437 olim
2506 1396 2625 1438 faber·
2650 1409 2731 1439 au-

471 1466 628 1517 rarius3
662 1476 749 1506 non
779 1465 890 1506 enim
920 1464 1115 1527 martyrii
1144 1464 1217 1507 sed
1251 1465 1352 1507 artis
1386 1477 1434 1507 ac
1470 1464 1601 1507 studii
1628 1464 1737 1507 illud
1767 1469 1830 1509 est
1862 1466 2039 1519 insigne.
2073 1467 2225 1508 Omnia
2258 1466 2345 1508 fere
2376 1466 2734 1522 transalpinorum

470 1534 677 1577 breviaria
708 1534 899 1578 kalendis
933 1534 1229 1578 decembribus
1265 1536 1354 1577 eius
1391 1535 1546 1578 festum
1578 1541 1844 1593 proponunt.
1882 1537 2066 1579 Avianus
2100 1537 2207 1579 inter
2248 1537 2538 1580 sollemniores
2575 1538 2734 1581 Galliae

472 1606 735 1649 celebritates
767 1607 879 1650 hanc
906 1611 1115 1648 numerat.

1236 1734 1239 1736 Ι
1421 1682 1559 1732 Imaqo
1589 1681 1773 1721 secunda.

590 1740 971 1806 Hieroglyphicum
990 1750 1074 1792 hoc
1098 1749 1228 1807 (num
1251 1749 1455 1806 palma?)
1479 1751 1675 1793 omnibus
1701 1756 1765 1793 est
1791 1763 2015 1794 commune
2040 1751 2324 1807 martyribus,
2356 1753 2475 1807 quod
2500 1757 2643 1796 tamen·
2664 1753 2737 1796 hic

472 1819 682 1863 Barbarae
714 1821 869 1876 virgini
903 1826 954 1863 ac'
980 1822 1178 1876 martyris
1211 1821 1365 1876 pictor>
1387 1826 1551 1876 aptasse
1583 1819 1778 1875 videtur3
1811 1834 1907 1864 nam
1936 1822 2181 1876 Gallorum,
2214 1822 2461 1876 Belgarum,
2494 1825 2731 1866 Germano-

474 1903 594 1945 rum,
627 1891 989 1946 finitimarumque
1019 1893 1238 1934 nationum
1271 1892 1370 1934 fasti
1400 1877 1668 1935 ecclesiastici
1705 1894 1794 1934 eius
1824 1893 2072 1935 memoriam
2104 1893 2290 1935 secundo
2327 1906 2460 1937 nonas
2490 1894 2734 1941 decembres

477 1963 718 2017 proferunt.
752 1965 801 2005 In
822 1963 1067 2006 kalendario
1090 1964 1287 2006 aviciensi
1307 1962 1365 2006 ita
1387 1963 1584 2018 legimus:
1606 1955 1679 2005 ⁴liic
1697 1967 1755 2016 fic
1774 1965 1823 2005 de
1852 1966 1965 2005 beata
1987 1966 2170 2006 Barbara
2196 1968 2349 2017 virqine
2374 1971 2412 2012 et
2432 1971 2620 2019 martyre.
2648 1969 2735 2009 Du·-

469 2035 572 2085 plea:
597 2035 641 2075 in
666 2036 828 2075 ecclesia
858 2035 1097 2085 cathedrali,
1131 2038 1172 2075 in
1201 2036 1293 2075 aliis
1321 2039 1451 2075 autem
1478 2035 1651 2076 ecclesiis
1678 2039 1734 2076 est
1763 2038 1913 2075 tantum
1940 2047 2075 2075 novem
2100 2036 2325 2076 lectionum.

1457 2107 1595 2158 Imaqo
1626 2106 1759 2147 tertia.
1910 2104 1912 2107 ’

594 2174 790 2218 Nicolaus
817 2180 879 2217 est
907 2177 1052 2232 Myrae
1087 2176 1313 2230 episcopus
1344 2180 1437 2218 toto
1474 2176 1704 2218 christiano
1741 2176 1845 2218 orbe
1879 2176 2148 2231 conspicuus.

1444 2248 1583 2299 Imaqo
1613 2252 1771 2300 quarta.

596 2317 925 2372 Conceptionem
963 2319 1040 2360 Dei
1079 2318 1293 2371 genitricis
1326 2322 1527 2360 consueta
1563 2317 1744 2371 imagine
1780 2318 1919 2372 pictor
1960 2310 2171 2372 exprimit.
2211 2321 2269 2360 Ex
2310 2319 2394 2361 hoc
2431 2321 2626 2375 pugillari
2664 2334 2738 2364 eos

477 2388 689 2430 confutari
717 2389 834 2431 vides
862 2391 935 2444 qui
966 2402 988 2431 a
1019 2390 1122 2431 Sixti
1153 2391 1227 2431 IV.
1261 2395 1457 2444 tempore
1486 2390 1664 2443 primam
1690 2390 1735 2430 in
1765 2389 1890 2431 huius
1918 2389 2161 2431 festivitatis
2186 2390 2507 2432 institutionem·
2524 2395 2734 2446 repetunt.

478 2460 666 2501 Ceterum
693 2461 727 2501 si
754 2473 851 2502 vera
881 2465 1001 2514 sunt,
1026 2465 1074 2502 ut
1100 2472 1191 2514 ego*
1211 2460 1382 2515 quidem
1409 2472 1497 2501 esse
1528 2472 1647 2511 reor,
1675 2472 1760 2514 qua
1789 2458 1841 2501 de
1875 2460 2051 2521 huiusce,
2078 2461 2172 2502 festi
2201 2461 2447 2515 primordiis
2470 2462 2535 2503 vir
2563 2462 2740 2505 eximius

476 2531 683 2572 Baronius
716 2530 906 2582 disserit,
938 2530 1035 2573 inde
1066 2531 1286 2585 pugillaris
1318 2530 1445 2572 huius
1478 2530 1771 2584 antiquitatem
1810 2531 1954 2584 colligi
1988 2543 2111 2585 posse
2141 2543 2319 2583 censeo;
2354 2544 2501 2586 quam,
2532 2536 2581 2574 ut
2614 2545 2741 2588 supra

480 2602 605 2643 etiam
630 2600 867 2656 disputavi,
890 2602 1001 2644 infra
1023 2614 1179 2644 annum
1202 2601 1358 2643 Christi
1385 2601 1546 2643 domini
1561 2598 1838 2643 ‘millesimum
1870 2602 2228 2656 septuagesimum
2258 2614 2394 2656 eoque
2422 2603 2600 2657 amplius
2621 2614 2740 2651 com-

478 2676 676 2726 putemus
707 2676 895 2727 oportet.

1447 2746 1586 2796 Imaqo
1617 2746 1770 2796 quinta.

596 2816 656 2857 En
689 2814 868 2857 alterum
892 2817 1167 2858 certissimum
1191 2815 1422 2869 indicium,
1450 2828 1537 2870 quo
1566 2816 1662 2870 quis
1692 2815 1894 2869 indagare
1921 2819 2062 2870 potest
2090 2815 2308 2857 ecclesiam
2339 2815 2394 2857 ad
2425 2817 2543 2858 cuius
2569 2807 2741 2871 potissi-

480 2897 596 2927 mum
627 2887 957 2929 consuetudines
986 2889 1176 2942 ritusque
1207 2887 1293 2929 hoc
1312 2887 1636 2929 'conformatum
1666 2885 1956 2929 kalendarium
1986 2887 2065 2940 sit;
2090 2885 2248 2941 scilicet
2277 2885 2331 2927 ad
2361 2887 2472 2939 eius,
2499 2898 2609 2941 quae
2637 2885 2743 2930 ieiu-

480 2958 594 2999 nium
629 2957 824 3000 observat
852 2957 1092 3012 pridianum
1121 2958 1359 3000 festivitatis
1389 2962 1633 3000 sanctorum
1668 2957 1888 3010 Fusciani,
1920 2958 2150 3010 Victorici,
2183 2960 2227 2997 ct
2255 2955 2449 2998 Gentiani
2482 2961 2740 3012 martyrum:

480 3026 560 3069 hos
591 3029 703 3070 enim
734 3029 939 3070 triformis
969 3029 1074 3071 haec
1102 3030 1241 3082 imago
1273 3029 1427 3082 refert,
1462 3041 1570 3083 quos
1600 3029 1793 3084 Belgium
1826 3028 1954 3082 colit,
1986 3032 2136 3082 utpote
2167 3019 2510 3069 Ambianensium
2539 3032 2582 3069 et
2610 3027 2743 3069 Mori-

480 3111 634 3140 norum
655 3099 900 3154 apostolos,
926 3103 968 3140 et
997 3100 1224 3141 nonnullae
1247 3099 1479 3152 gallicanae
1510 3100 1731 3151 ecclesiae,
1757 3100 1867 3140 inter
1897 3110 2003 3152 quas
2033 3102 2097 3139 est
2117 3098 2352 3157 Trecensis‚
2376 3101 2423 3138 ut
2450 3109 2500 3138 ex
2528 3096 2746 3140 breviariis

481 3168 623 3210 videre
655 3169 778 3223 licet,
813 3175 854 3211 et
888 3183 938 3211 ex
971 3170 1176 3212 chronico
1208 3175 1453 3212 sanctorum
1484 3170 1618 3224 Belgii
1648 3170 1849 3211 Iohannis
1880 3168 2052 3210 Melani.

1101 3292 1106 3295 ,
1462 3244 1601 3294 lmaqo
1630 3246 1760 3282 seaeta.

601 3310 776 3353 Sanctus
801 3312 983 3354 Thomas
1013 3313 1253 3369 apostolus,
1277 3318 1325 3354 ut
1354 3318 1395 3354 et
1422 3316 1590 3367 petasus
1617 3311 1824 3363 declarat,
1847 3315 1891 3351 et
1918 3321 2066 3351 norma
2091 3309 2269 3357 fabrilis.
2305 3308 2389 3350 Alii
2412 3308 2582 3352 fabrum
2607 3309 2744 3364 ligna-

484 3379 594 3420 rium
621 3379 826 3423 ThOmam
853 3372 980 3425 fuisse
1011 3388 1207 3437 narrant,
1240 3383 1401 3426 Abdias
1429 3382 1713 3437 babylonicus
1745 3380 2037 3424 architectum.

1438 3456 1578 3507 Imaqo
1610 3456 1791 3506 septima.

606 3522 693 3563 Hac
723 3522 869 3564 cadem
895 3525 1103 3579 imagine,
1129 3526 1282 3568 Christi
1314 3524 1478 3567 domini
1502 3523 1711 3567 cunabula
1739 3523 1783 3565 in
1813 3523 1951 3565 Caroli
1981 3522 2124 3575 magni
2157 3522 2261 3572 (nisi
2284 3534 2350 3563 me
2381 3516 2584 3565 memoria
2613 3521 2746 3575 fallit)

486 3592 552 3633 vel
584 3591 773 3633 Lotharii
798 3624 807 3633 .
835 3625 844 3633 .
871 3624 880 3633 .
904 3606 1094 3647 expressa
1119 3596 1222 3638 vidi.
1254 3597 1318 3638 De
1343 3595 1503 3642 Christi
1530 3594 1691 3637 domini
1721 3593 1790 3636 die
1810 3592 1935 3635 natali
1962 3592 2228 3635 orientalium
2251 3593 2516 3636 ecclesiarum
2546 3604 2596 3635 ea
2620 3604 2749 3647 super

487 3674 533 3703 re
560 3660 835 3717 discrepantia
851 3694 862 3716 ,
892 3667 941 3704 ut
971 3664 1093 3707 huius
1123 3666 1414 3708 sollemnitatis
1442 3677 1642 3708 romanus
1671 3677 1771 3706 usus
1802 3663 1858 3705 ad
1887 3663 2069 3706 Graecos
2097 3663 2333 3716 transierit,
2358 3662 2496 3718 deque
2525 3662 2749 3718 multiplici

486 3730 660 3786 Iosephi
689 3731 910 3786 scaligeri,
945 3737 988 3774 et
1023 3734 1155 3776 Isaaci
1185 3736 1422 3778 Casauboni
1457 3734 1757 3777 allucinatione
1794 3733 1999 3776 dicerem:
2034 3732 2107 3774 sed
2139 3733 2338 3787 quoniam
2372 3736 2463 3794 tam*
2487 3731 2664 3786 amplae
2680 3731 2748 3774 di-

488 3803 717 3858 sputationi
748 3806 950 3856 angustus
980 3802 1051 3846 hic
1081 3803 1202 3847 locus
1232 3818 1319 3847 esse
1349 3805 1544 3860 videtur,
1576 3806 1621 3849 in
1654 3805 1777 3848 aliam
1809 3804 2015 3847 reiicimus
2048 3804 2426 3858 opportunitatem.
