2970 4420
444 270 506 313 32
1391 284 1541 315 Leoms
1574 283 1751 314 ALLA'm

445 383 528 414 nec
563 382 658 414 non
692 368 853 414 Annae
885 358 1059 424 editam
1094 370 1327 431 Augustae
1361 367 1420 414 ab
1454 367 1733 414 Hoeschelio
1757 383 1862 414 cum
1889 369 1976 427 alia
2007 371 2213 417 eiusdem
2246 386 2384 433 quam
2421 373 2698 434 promittunt

446 444 726 507 typographi
764 446 878 507 regii
916 447 1211 508 parisienses,
1239 455 1284 492 et
1321 444 1499 491 videbis
1534 444 1648 506 quid
1685 445 1805 491 inter
1836 445 2006 493 editam
2040 449 2250 503 Nicetae‚
2280 457 2326 495 et
2359 464 2460 495 eam
2494 464 2614 510 quae
2648 450 2697 494 in

444 522 776 583 compendium
818 523 1004 570 redacta
1045 532 1135 577 est,
1174 523 1378 569 intersit·
1418 521 1477 568 ab
1512 537 1607 570 uno
1647 523 1770 568 enim
1811 523 1948 584 genio
1982 525 2121 571 trium
2163 526 2334 572 horum
2371 526 2698 573 historicorum

443 599 773 662 compendium
809 615 890 662 pet
895 600 1066 647 fectum
1102 609 1193 653 est,
1220 608 1265 646 et
1301 599 1466 645 eadem
1505 601 1623 646 ascia
1658 591 1946 647 dedolatum.

572 678 783 722 Attamen
808 692 902 722 non
929 677 1015 722 hac
1042 685 1220 722 tantum
1243 675 1436 722 historia
1461 684 1732 734 contentum
1760 675 1898 722 fuisse
1922 677 2216 732 Choniatam‚
2244 679 2326 725 sed
2351 679 2487 725 aliam
2510 694 2699 740 quoque

442 755 701 815 scripsisse,
729 770 847 815 quae
873 754 1023 800 adhuc
1057 769 1151 799 non
1184 755 1464 815 comparuit,
1495 769 1640 816 arguo
1664 770 1718 800 ex
1750 754 1955 800 eiusdem
1992 755 2274 817 fragmento,
2302 756 2431 817 quod
2463 771 2605 817 penes
2626 771 2700 801 me

443 840 534 883 est,
564 831 621 877 de
656 833 814 877 statuis
841 832 1033 892 aliisque
1067 846 1120 876 ex
1155 845 1260 876 aere
1296 830 1427 877 factis
1461 829 1667 877 tabulis
1657 833 1751 894 igni
1777 832 1956 881 traditis
1989 848 2013 878 a
2042 834 2214 879 Latinis
2237 842 2342 895 post
2378 842 2559 894 captam
2582 834 2700 878 Con—

442 909 818 970 stantinopolim,
845 908 1011 970 quod
1001 924 1048 953 in
1075 907 1300 953 historia
1288 923 1381 953 iam
1418 908 1604 970 vulgata
1639 925 1732 956 non
1772 909 1966 970 legitur,
1994 917 2038 955 et
2073 910 2328 971 exscriptor
2361 911 2424 955 ait
2457 925 2505 955 se
2540 925 2595 955 ex
2628 909 2701 954 hi·-

442 986 581 1030 storia
618 986 801 1030 Nicetae
834 985 1141 1046 exscripsisse.
1182 973 1290 1026 Τοῦ
1324 974 1488 1029 αὐτοῦ
1519 981 1804 1048 μακαρίτου
1845 982 2016 1049 κυρίου
2055 974 2251 1033 Ninum-a
2284 1000 2374 1030 του
2411 974 2698 1046 χωνειοίτου

443 1050 556 1104 0?ch
594 1074 681 1112 τνς
717 1074 873 1104 αυτου
915 1052 1140 1124 ἱστορίας
1172 1050 1297 1123 περὶ
1335 1051 1946 1114 Κωνσταντινουωολεως.
1982 1063 2210 1109 Eiusdem
2243 1063 2410 1109 beatae
2445 1079 2702 1109 memoriae

443 1138 628 1184 domini
652 1138 848 1184 Nicetae
876 1137 1152 1187 choniatae.
1182 1154 1248 1183 ex
1285 1137 1418 1184 zwllzus
1439 1138 1646 1185 historia
1674 1140 1733 1185 de
1765 1140 2187 1204 Constantissnopolt
2225 1143 2281 1187 Et
2304 1143 2481 1204 incipit.
2521 1132 2620 1192 Τῆς
2652 1127 2699 1182 δ’

444 1204 686 1279 ἡμετέρας
724 1206 997 1269 βασιλείας
1035 1202 1153 1276 οἵρτι
1193 1202 1648 1267 &anenno-&elane
1683 1206 1753 1268 εἷς
1786 1211 2170 1282 ΦραγγιἍσκους

570 1294 767 1353 Dignum
804 1291 992 1337 tandem
1026 1300 1094 1338 est
1133 1293 1239 1338 lusti
1272 1294 1412 1355 Lipsii
1447 1293 1671 1340 iudicium
1704 1294 1764 1340 de
1798 1296 1989 1349 Niceta,
2025 1295 2155 1357 quod
2189 1297 2406 1342 ex-notis
2446 1296 2504 1341 ad
2538 1293 2622 1340 lib.
2663 1296 2698 1339 1.

441 1368 740 1429 politicorum
776 1369 865 1414 huc
900 1368 1145 1415 referatur.
1183 1369 1377 1415 Nicetas
1413 1369 1680 1422 choniates,
1720 1371 1807 1433 qui
1838 1388 1911 1417 res
1945 1371 2225 1434 graecanici
2264 1371 2457 1435 imperii
2489 1370 2698 1434 scripsit,

440 1462 573 1490 orsus
603 1445 688 1491 abs
713 1444 926 1490 Iohanne
957 1447 1186 1492 Comneno
1215 1435 1380 1492 Aleoez't
1409 1449 1461 1493 F.
1491 1448 1559 1493 ad
1590 1448 1753 1493 urbem
1781 1461 1999 1511 captam,
2030 1449 2124 1495 sive
2154 1449 2223 1494 ad
2253 1448 2548 1495 Balduinum
2567 1449 2703 1509 flan-

440 1522 597 1567 drum.
627 1524 676 1568 Is
695 1539 873 1585 parum
899 1522 1057 1569 adhuc
1081 1525 1222 1587 vulgo
1245 1536 1405 1575 notus,
1422 1525 1615 1587 fateor,
1643 1525 1728 1570 sed
1748 1525 2281 1588 digm‘ssimusnotitia:
2305 1542 2482 1589 purum
2506 1537 2704 1582 rectum-

442 1615 529 1661 que
562 1599 830 1663 ingenium,
861 1600 905 1645 si
935 1600 1034 1646 alio
1058 1601 1183 1647 illud
1213 1617 1343 1647 aevo.
1381 1602 1531 1648 Stilus
1561 1602 1709 1648 etiam
1740 1619 1982 1665 operosus,
2009 1609 2182 1666 poe’tas
2215 1615 2260 1648 et
2285 1605 2706 1665 Homerumsaepe

441 1676 690 1740 resipiens:
728 1689 780 1722 at
805 1694 877 1723 res
908 1689 952 1723 et
986 1678 1208 1725 narratio
1242 1679 1346 1743 ipsa
1385 1680 1606 1726 distinete
1639 1680 1924 1743 composita.
1953 1680 2055 1726 sine
2089 1680 2323 1731 vanitate,
2352 1680 2453 1726 sine
2487 1679 2699 1743 ineptiis,

445 1753 595 1800 brevis
629 1755 758 1817 quod
790 1754 910 1801 satis
942 1755 1004 1801 sit
1036 1768 1081 1801 et
1107 1756 1235 1816 fida.
1277 1757 1451 1802 Crebra
1483 1757 1617 1820 apud
1646 1774 1752 1803 eum
1778 1769 1823 1802 et
1858 1770 2125 1821 opportuna
2150 1758 2357 1804 monita:
2396 1757 2581 1804 iudicia.
2609 1772 2706 1802 non

441 1832 592 1878 libera
624 1834 775 1879 solum
809 1833 893 1879 sed
922 1849 1062 1880 sana.
1101 1834 1179 1880 Ad
1202 1851 1440 1881 summam
1470 1836 1613 1899 legite
1645 1836 1986 1899 vos,‘politiei;
2013 1835 2231 1899 gratiam
2256 1835 2380 1882 mihi
2410 1835 2587 1898 aliquis
2612 1850 2705 1899 pro

441 1909 619 1955 iudicio
658 1909 874 1960 habebit,
915 1923 1038 1957 certe
1071 1912 1272 1958 debebit.
1311 1914 1517 1975 Angelus
1552 1914 1804 1961 Politianus
1838 1915 1945 1960 satis
1978 1914 2047 1959 illi
2081 1912 2299 1960 tribuisse
2334 1912 2421 1960 sibi
2452 1915 2577 1961 visus
2608 1921 2702 1965 est',

443 1988 478 2033 si
516 1987 691 2034 dictum
728 1989 935 2036 Nicetam
970 1991 1091 2036 inter
1123 2005 1218 2036 non
1256 1990 1572 2053 aspernabiles
1604 1992 1799 2037 omnino
1837 1998 2272 2053 graecos-auctores
2311 1990 2588 2044 collocaret,
2622 1991 2707 2037 Mi-

445 2065 572 2111 scell.
609 2081 710 2127 cap.
745 2067 825 2113 28.
2713 2056 2719 2063 ,

396 2154 400 2157 “
571 2144 809 2205 Leguntur
842 2154 1081 2206 praeterea
1111 2146 1254 2208 ipsius
1288 2146 1394 2192 alia.
1432 2132 1560 2207 Περῖ
1595 2135 1690 2188 τοῦ
1725 2132 1991 2208 δόγματος
2027 2135 2124 2189 τοῦ
2150 2135 2285 2189 θεοῦ
2318 2135 2414 2189 «rod
2441 2132 2704 2206 Μωοίμεθ.

443 2220 514 2264 De
541 2222 765 2283 dogmate
791 2221 884 2266 Dei
905 2221 1213 2268 mohametiei
1246 2223 1328 2285 (l).
1370 2217 1424 2265 P.
1446 2210 1693 2267 ’ΈΓκείΤαι
1724 2213 1798 2285 τῷ
1824 2212 2352 2286 κατκχκὝικῷπ-υκὛίῳ
2379 2211 2497 2285 μεθ’
2528 2209 2705 2285 ἑτέρων

446 2288 757 2360 ἅφορισμῶν.
796 2299 1124 2354 Quaestionem
1149 2301 1383 2362 promovit
1406 2299 1588 2347 Manuel
1615 2301 1887 2362 imperator.
1916 2299 2093 2354 Quibus
2115 2315 2231 2347 vero
2256 2299 2434 2347 artibus
2459 2307 2505 2345 et
2528 2299 2704 2346 technis

447 2376 714 2436 praesulum
749 2378 928 2423 animos
962 2393 1191 2440 occupare
1227 2379 1496 2432 tentaverit,
1524 2386 1570 2424 et
1602 2379 1651 2424 in
1684 2393 1815 2424 suam
1838 2378 2113 2424 sententiam
2150 2379 2363 2432 traxerit,
2391 2377 2492 2424 fuse
2514 2377 2605 2438 egit
2628 2376 2709 2424 Ni‘-
2742 2378 2743 2386 ’

449 2461 570 2498 cetas
603 2453 649 2498 in
685 2452 955 2506 annalibus,
985 2463 1028 2500 et
1065 2469 1149 2501 nos
1184 2454 1294 2501 alibi
1328 2454 1552 2501 dicemus,

568 2519 689 2591 Περὶ
722 2520 818 2572 τοῦ
846 2519 1138 2585 φιλοσόφου
1171 2521 1398 2576 Ἰταλοῦ.
1435 2533 1507 2576 De
1531 2529 1813 2595 philosopho
1848 2531 1991 2576 Italo.
2034 2525 2087 2573 P.
2119 2521 2269 2575 Ἀλλ’
2303 2521 2350 2582 ἐς
2378 2519 2496 2574 τόδε
2531 2519 2619 2591 μὲν
2648 2518 2703 2573 τὸ

449 2595 564 2670 περὶ,
596 2596 692 2650 τῶν
730 2595 933 2669 οἰζόμων
971 2597 1297 2671 angela-coam.

580 2686 753 2730 Contra
780 2685 977 2733 Latinos
1009 2685 1067 2731 de
1101 2686 1311 2773 azymis?
1341 2686 1527 2734 duobus
1551 2686 1843 2741 tractatibus,
1872 2702 2075 2748 quorum
2101 2687 2290 2733 alterius
2315 2686 2597 2748 principium
2621 2693 2706 2731 est.

449 2750 510 2802 Εἴ
547 2749 644 2805 ἕσἽι
678 2752 900 2816 σύνεσις,
929 2749 1054 2819 φησι
1079 2753 1356 2825 Σολομων,
1384 2752 1676 2825 oin-onpffln‘l'a
1706 2755 1778 2826 τῷ
1804 2760 2046 2816 πλησίον,
2073 2754 2156 2808 καὶ
2189 2777 2255 2824 μη
2285 2751 2518 2824 κωλύσῃς
2544 2750 2708 2807 λόΓον,

447 2838 652 2885 Alterius
686 2855 799 2886 vcro
835 2842 1113 2904 principium
1148 2850 1232 2888 est.
1272 2831 1341 2883 Τὸ
1380 2853 1488 2904 περι
1527 2854 1622 2885 των
1660 2830 1867 2902 αζόμων
1903 2832 2033 2884 κατὰ
2068 2836 2292 2886 Λατίνων
2329 2830 2565 2910 αἰτίαμα.

578 2917 691 2962 [tem
729 2908 859 2962 κατοὶ
889 2912 1114 2964 Λατίνων
1149 2931 1273 3003 περι
1287 2931 1377 2961 του
1415 2909 1573 2980 ἁγίου
1603 2907 1901 2979 πνεύματος.
1938 2918 2171 2965 Adversus
2206 2917 2403 2963 Latinos
2437 2916 2494 2962 de
2527 2915 2712 2980 Spiritu

430 2996 628 3041 'smanito
669 2989 722 3037 P.
762 2985 893 3043 Ξένκ
929 3009 1006 3048 τις
1046 2983 1152 3039 ἔστι
1192 3008 1274 3039 και
1309 2983 1631 3047 ἀλλόκοτος,
1661 3009 1715 3041 nv
1748 2986 1794 3037 οἱ
1820 2986 2072 3055 Ρωμαιοι
2114 2985 2159 3039 ἐν
2187 2986 2260 3056 τῷ
2287 2985 2424 3056 ἁγίῳ
2459 2981 2710 3055 συμβόλῳ

451 3085 713 3117 ποιουνται
751 3058 1056 3137 προσθήκην.
1093 3074 1188 3120 Nisi
1224 3073 1514 3135 dogmaticae
1547 3073 1674 3119 illius
1708 3073 1957 3134 Panopliae
1991 3081 2036 3118 et
2072 3072 2272 3118 thesauri
2309 3071 2422 3116 haec
2451 3071 2590 3116 etiam
2615 3068 2714 3114 fru-

449 3158 516 3213 sta
555 3157 798 3210 partesque
822 3159 945 3196 sunt.
986 3150 1037 3196 ld
1072 3151 1109 3196 si
1140 3151 1275 3201 fuerit
1293 3186 1304 3204 ‚
1333 3151 1566 3195 immerito
1592 3150 1730 3212 plane
1760 3149 1820 3195 de
1849 3165 1906 3196 eo
1939 3144 2344 3195 Petrus'Morellus
2369 3147 2710 3209 pronunciavit.

452 3227 589 3279 Quod
611 3226 802 3288 quidem
826 3238 1011 3290 quanta
1043 3227 1301 3291 diligentia
1327 3227 1577 3289 laboreque
1599 3226 1918 3290 praestiterit,
1946 3237 2184 3272 testantur
2206 3236 2542 3286 aeternumque
2571 3235 2716 3271 testae
2764 3264 2767 3266 .

452 3302 628 3348 buntur
663 3304 854 3351 divinae
888 3305 1263 3356 lucubrationes,
1302 3320 1423 3368 quas
1458 3304 1508 3350 in
1541 3303 1629 3350 hoe
1666 3319 1783 3367 opus
1819 3319 1920 3350 vere
1958 3318 2158 3348 aureum
2195 3300 2449 3365 congessit,
2489 3310 2716 3361 tantoque

454 3378 664 3445 artifieio
698 3381 760 3425 ab
797 3381 911 3445 ipsis
946 3382 1125 3429 Adami
1151 3382 1434 3446 primordiis
1467 3382 1536 3427 ad
1551 3370 1655 3427 ,sua
1689 3386 1835 3443 usque
1866 3392 2080 3443 tempora
2110 3378 2315 3424 deduxit
2324 3415 2336 3428 ,
2371 3389 2423 3423 ut
2459 3376 2714 3422 haereseon

455 3472 589 3517 quaes
609 3469 721 3502 ante
758 3458 994 3506 Christum
1031 3472 1224 3511 natum,
1254 3472 1297 3506 et
1333 3476 1365 3506 a
1400 3458 1583 3506 Christo
1613 3469 1728 3504 nato
1753 3455 1897 3520 quasi
1919 3455 2252 3520 hypotyposim
2283 3454 2531 3518 quandam
2558 3470 2715 3499 eonse-

457 3534 686 3587 σαπήῃ
714 3551 809 3597 qua
838 3539 1076 3589 consulta,
1106 3539 1150 3585 si
1172 3539 1300 3601 qued
1324 3527 1588 3601 aliquando
1613 3534 1813 3601 dubium
1840 3534 1898 3581 de
1923 3533 2060 3581 rebus
2083 3532 2259 3580 divinis
2285 3522 2592 3581 suboriatur.
2609 3536 2715 3594 posss

543 3681 591 3721 (1)
617 3679 711 3715 Rem
746 3677 850 3715 video
883 3681 987 3726 tangi
1012 3692 1032 3717 a
1056 3682 1184 3719 Niceta
1209 3682 1382 3719 choniata
1407 3681 1494 3719 hist.
1521 3680 1587 3718 lib.
1614 3681 1696 3716 vll.
1725 3678 1813 3717 edit.
1840 3677 1954 3726 paris.
1981 3687 2017 3724 p.
2047 3679 2128 3713 142.
2154 3677 2202 3712 Et
2226 3674 2376 3724 quidem
2405 3674 2514 3715 breve
2537 3675 2717 3722 scriptum

462 3731 637 3783 graecum
664 3737 708 3774 de
733 3738 811 3774 Deo
835 3739 1065 3777 Mohamedis
1091 3742 1245 3779 memini
1271 3752 1330 3779 me
1354 3740 1475 3778 videre
1499 3741 1540 3778 in
1565 3739 1673 3778 codd.
1699 3745 1770 3776 vat.
1798 3737 1871 3776 Sed
1895 3742 1992 3775 certe
2017 3737 2165 3773 Nicetas
2191 3735 2310 3779 alius,
2336 3734 2376 3771 id
2400 3739 2456 3772 est
2477 3734 2720 3789 byzantinus,

455 3797 626 3845 inopere
651 3807 670 3833 a
696 3796 804 3834 nobis
827 3796 935 3834 edito
962 3799 1003 3834 B.
1031 3799 1075 3836 N.
1103 3800 1146 3836 T.
1175 3801 1236 3837 IV.
1265 3806 1357 3848 part.
1385 3806 1421 3838 2.
1449 3812 1485 3848 p.
1507 3803 1571 3838 361
1587 3828 1597 3845 ,
1624 3805 1661 3836 et
1684 3809 1768 3847 pag.
1796 3800 1977 3841 399-406,
2004 3794 2138 3832 diserte
2161 3793 2324 3832 ostendit
2347 3795 2467 3831 Deum
2493 3793 2719 3836 Abraham,

458 3857 494 3893 id
525 3862 580 3895 est
605 3858 725 3894 Deum
752 3867 876 3894 verum
895 3884 904 3902 ,
931 3855 1115 3894 diversum
1141 3869 1218 3895 esse
1244 3870 1264 3896 a
1289 3858 1521 3897 Mohamedjs
1546 3861 1635 3896 Deo.
1663 3860 1709 3894 A.
1736 3858 1788 3894 M.
