2970 4420
480 275 571 320 138
1092 291 1094 293 ’
1424 291 1576 322 morus
1610 292 1636 321 A
1645 292 1788 323 LLATn

474 375 616 429 verba
657 377 776 425 infra
822 392 1080 446 ponentur;
1117 382 1283 429 Suidae
1323 383 1371 427 in
1411 381 1643 426 Auxentio
1681 390 2008 442 mopsuesteno
2047 386 2267 450 episcopo
2309 388 2395 443 sub
2434 392 2737 440 Constantino

474 475 671 521 magno,
699 461 1007 507 cuiusfrater
1032 460 1303 506 Theodorus
1327 465 1442 503 crat.
1482 444 1681 499 Τούτου
1715 444 1770 499 ’δὲ
1810 445 2037 513 &amab
2075 453 2311 528 νεώτερος
2347 455 2612 533 Θεόδωρος
2648 457 2731 524 ἦν,

478 527 599 600 ἀνὴρ
636 528 731 582 τῶν
762 528 1010 585 Ἀθήνησι
1046 524 1454 585 παιδευθέντων,
1489 519 1541 585 ὃς
1575 522 1659 577 καὶ
1698 524 1851 586 αὐτὸς
1885 525 2070 599 χρόνον
2106 528 2313 605 ὕστερον,
2345 533 2610 593 ἐπισκοπὴν
2633 538 2731 598 mic

475 609 516 657 T
521 605 683 679 αρσοῦ
719 605 986 666 ἐκκλησίας
1026 603 1174 673 ἔτυχε
1205 601 1623 675 κληρωσάμενος,
1645 612 1804 658 Huius
1821 613 1991 675 frater
2018 629 2124 662 erat
2157 617 2316 665 iunior
2344 622 2628 673 Theodorus,
2660 627 2732 672 vir

470 696 556 758 qui
589 696 712 741 inter
746 695 868 765 alios
901 691 1097 738 Athenis
1130 690 1301 736 studiis
1340 706 1536 753 operam
1576 691 1794 742 navavit,
1833 703 1878 737 et
1907 706 2018 755 post
2055 694 2255 758 aliquo-d
2287 710 2470 764 tempus
2504 706 2731 751 tarsensis

470 773 692 820 ecclesiae
724 772 1049 836 episcopatum
1076 769 1277 832 adeptus
1304 779 1388 813 cst.
1426 769 1625 830 Septima
1660 785 1848 831 quoque
1883 771 2090 831 synodus
2126 784 2212 821 act.
2245 778 2319 823 VI.
2350 781 2552 842 appellat
2581 783 2731 829 Theo-

470 852 641 899 dorum
678 851 786 913 (ed.
815 848 961 895 Labb.
991 849 1041 893 T.
1069 847 1166 892 Vll.
1196 845 1287 891 col.
1318 843 1465 906 421.)
1502 833 1840 906 οἶναθεμείτισε
1875 835 2146 912 ’Θεόδωρον
2180 841 2267 897 τὸν
2301 848 2603 918 καθηγητὴν
2640 853 2731 904 Νε-

439 983 443 986 *
472 924 673 991 στορίου
692 960 703 980 ‚
734 917 961 988 Σεβῆρον
980 956 991 977 ,
1020 911 1107 967 καῖ
1135 911 1201 966 τοὶ
1231 912 1367 985 ἑξῆς.
1403 921 1720 968 Anatlzemate
1739 923 1889 986 feriit
1923 926 2126 988 (quinta
2161 931 2399 992 synodus)
2438 933 2730 983 Theodorum

464 1016 821 1069 praeceptorem
855 1000 1086 1051 Nestorii,
1117 1001 1338 1045 Severum
1367 1008 1455 1046 cte.
1493 1000 1600 1047 licet
1630 1000 1696 1046 ibi
1731 1003 1780 1046 in
1815 1003 2023 1064 margine
2056 1014 2311 1067 reponatur
2346 1010 2595 1059 Diodorus.
2632 1014 2731 1060 An-

465 1085 604 1131 dreas
639 1082 852 1129 Schottus
885 1082 932 1126 in
969 1079 1136 1125 Photio
1169 1078 1429 1125 Diodorum
1461 1080 1616 1141 potius
1648 1095 1789 1141 quam
1822 1080 2119 1128 Theodorum
2154 1085 2392 1147 appellare
2423 1089 2599 1144 voluit,
2629 1101 2729 1139 tum

461 1162 597 1223 quod
632 1160 772 1222 paulo
811 1167 917 1220 post
951 1173 974 1203 a
1011 1157 1177 1202 Photio
1213 1157 1278 1202 sic
1308 1155 1602 1208 nominetur,
1641 1165 1740 1221 tum
1778 1158 1907 1219 quod
1941 1159 2103 1206 Suidas
2137 1164 2329 1209 tarsensi
2369 1163 2476 1211 huic
2509 1168 2730 1231 episcopo

468 1226 591 1284 καὟοέ
622 1224 935 1300 αἶσΎρονόμων
964 1223 1047 1277 καὶ
1082 1220 1396 1296 οἶσὟρολόΓων
1425 1222 1508 1277 καὶ
1543 1222 1848 1296 εἱμαρμένης
1882 1251 2001 1298 opus
2029 1236 2266 1286 attribuat.
2303 1240 2402 1303 Ego
2431 1251 2585 1291 tamen
2620 1247 2729 1293 inde

468 1318 640 1378 colligo
674 1314 875 1361 eundem
910 1321 1110 1375 utroque
1143 1312 1234 1358 hoc
1266 1312 1455 1358 nomine
1490 1313 1767 1368 vocitatum,
1801 1312 1883 1359 sed
1917 1315 2177 1362 Diodorum
2211 1318 2473 1367 invaluisse.
2511 1339 2533 1364 «
2561 1323 2649 1370 Hic
2681 1333 2729 1371 et

470 1413 492 1438 »
521 1395 765 1440 Flavianus
791 1393 867 1455 (ut
900 1399 1091 1437 narrant
1113 1390 1431 1437 Theodoretus
1466 1390 1630 1437 histor.
1657 1389 1742 1437 lib.
1773 1392 1848 1437 IV.
1877 1407 1978 1454 cap.
2007 1395 2087 1440 25.
2117 1403 2163 1440 et
2190 1396 2480 1458 Nicephorus
2515 1399 2729 1447 Callistus

470 1490 491 1514 »
521 1470 604 1516 lib.
634 1471 713 1516 XI.
750 1485 852 1531 cap.
883 1468 1003 1530 274.)
1039 1469 1253 1530 generosi
1291 1468 1496 1514 veritatis
1533 1467 1755 1522 athletae,
1782 1469 1968 1516 Meletio
2000 1471 2047 1516 in
2080 1472 2271 1518 exilium
2304 1473 2468 1535 pulso,
2507 1481 2726 1539 tanquam

470 1567 491 1591 »
521 1563 659 1610 rupes
690 1546 943 1609 quaedam,
976 1546 1145 1592 fluctus
1177 1546 1405 1591 irruentes
1427 1545 1692 1607 fregerunt;
1720 1554 1766 1592 et
1793 1562 1903 1594 cura
1932 1549 2084 1610 gregis
2116 1558 2323 1612 suscepta
2358 1559 2458 1598 tum
2490 1552 2613 1616 lupis
2644 1568 2727 1606 sua

469 1644 490 1670 »
521 1626 793 1673 fortitudine
827 1633 872 1670 et
906 1624 1127 1687 sapientia
1154 1625 1449 1676 restiterunt,
1477 1632 1575 1669 tum
1602 1623 1768 1670 ovibus
1798 1627 2150 1672 convenientem
2183 1629 2470 1676 curationem
2501 1630 2728 1679 adhibue-

469 1722 490 1746 »
522 1692 648 1749 runt.
685 1702 838 1764 Atque
869 1694 951 1747 ubi
986 1716 1011 1747 a
1047 1699 1282 1747 radicibus
1312 1701 1508 1753 montis,
1539 1701 1587 1746 in
1621 1716 1741 1762 quos
1774 1717 1823 1747 se
1855 1711 2124 1765 receperant
2159 1703 2393 1751 deturbati
2427 1706 2582 1761 fuere,
2616 1724 2728 1756 oves

468 1800 490 1824 »
522 1781 580 1827 ad
614 1781 739 1842 ripas
766 1779 907 1826 vicini
938 1778 1144 1825 fluminis
1169 1787 1413 1841 paverunt.
1445 1779 1620 1825 Verum
1644 1795 1750 1825 cum
1786 1795 1870 1826 nec
1903 1781 1992 1826 isto
2023 1781 2214 1842 quidem
2238 1783 2285 1827 in
2311 1783 2417 1830 loco
2442 1784 2609 1831 Christi
2638 1785 2728 1832 ho'-

469 1859 600 1904 »stis
631 1865 912 1904 conventum
946 1856 1082 1902 illurn
1115 1857 1264 1902 Deum
1297 1855 1588 1902 laudantium
1622 1857 1725 1917 cogi
1760 1865 2020 1918 pateretur,
2053 1858 2150 1904 duo
2182 1859 2251 1904 illi
2283 1869 2491 1921 pastores
2523 1861 2727 1909 admira-

468 1955 490 1979 »
520 1935 660 1989 biles,
692 1935 861 1983 divinis
892 1933 1059 1980 ovibus
1091 1934 1219 1980 velut
1254 1935 1303 1979 in
1340 1934 1631 1995 gymnasium
1665 1933 1887 1980 bellicum
1916 1937 2110 1987 coactis,
2143 1937 2349 1998 spiritale
2385 1937 2611 1999 pabulum
2643 1938 2727 1985 de-

469 2032 490 2056 »
519 2011 859 2059 monstrabant.
897 2013 1050 2072 Atque
1082 2010 1318 2058 Diodorus
1349 2012 1423 2057 vir
1452 2012 1817 2073 sapientissimus
1849 2011 2209 2059 ac-fortissimus
2241 2015 2434 2075 perinde
2467 2023 2605 2077 atque
2634 2015 2726 2061 flu-

448 2110 485 2145 .2›
513 2091 616 2156 vius
651 2089 885 2152 praealtus
919 2097 964 2134 et
990 2088 1276 2151 pellucidus,
1305 2096 1405 2134 tum
1439 2089 1617 2134 animos
1649 2088 1939 2135 fortitudinis
1971 2089 2134 2135 rivulis
2159 2089 2405 2151 irrigabat,
2434 2099 2534 2136 tum
2559 2091 2726 2138 adver-

463 2187 485 2212 »
516 2170 746 2215 sariorum
773 2167 1084 2229 blasphemias
1110 2168 1314 2213 sincerae
1343 2166 1581 2213 doctrinae
1602 2165 1741 2213 undis
1762 2167 1947 2229 penitus
1972 2166 2230 2219 obruebat:
2257 2169 2338 2229 qui
2364 2170 2544 2230 generis
2568 2169 2726 2231 splen-

466 2264 487 2289 »
520 2246 685 2292 dorem
721 2260 810 2306 pro
844 2244 993 2290 nihilo
1026 2252 1273 2307 reputem,
1309 2259 1551 2290 aerumnas
1585 2259 1672 2305 pro
1706 2243 1817 2290 fidei
1852 2243 2122 2291 defensione
2156 2243 2322 2290 lubens
2357 2260 2602 2307 perpessus
2635 2257 2720 2294 est.

466 2341 487 2366 »
517 2322 763 2369 Flavianus
786 2338 900 2368 vcro
916 2357 926 2375 ,
955 2323 1037 2368 etsi
1065 2322 1268 2384 patriciis
1290 2329 1447 2380 ortus,
1475 2329 1628 2368 tamen
1651 2321 1800 2367 solam
1826 2322 2042 2383 pietatem
2063 2319 2319 2367 nobilitatis
2343 2321 2450 2368 loco
2476 2338 2725 2370 numerans

466 2419 488 2443 »
520 2407 563 2447 et
596 2408 816 2462 tanquam
854 2399 1108 2461 palaestrae
1145 2399 1390 2460 magister,
1418 2414 1637 2460 magnum
1672 2398 1932 2444 Diodorum
1965 2398 2094 2444 velut
2129 2398 2350 2444 athletam
2383 2400 2431 2444 in
2459 2401 2587 2446 omni
2624 2417 2726 2447 cer-

465 2496 485 2520 »
518 2477 701 2523 taminis
737 2492 905 2538 genere
939 2477 1369 2523 exercitatissimum·
1401 2478 1631 2538 perunxit.
1665 2494 1687 2519 »
1719 2475 2015 2537 Tandemque
2045 2490 2151 2521 cum
2187 2475 2391 2537 populus
2418 2477 2463 2521 in
2500 2478 2723 2523 sententia

461 2556 813 2606 concord-asset,
854 2569 877 2600 a
915 2554 1100 2600 Meletio
1137 2555 1262 2600 Tarsi
1292 2555 1543 2616 episcopus
1579 2562 1788 2605 creatur,
1822 2569 2074 2615 curamque
2108 2552 2302 2599 Cilicum
2337 2553 2385 2598 in
2422 2569 2470 2599 se
2504 2548 2739 2616 suscepit(

463 2618 614 2678 Plura·
633 2634 682 2679 in
706 2632 906 2678 eundem
935 2640 1202 2678 sanctorum
1228 2640 1414 2693 patrum
1438 2632 1701 2684 Athanasii,
1728 2631 1874 2683 Petri,
1904 2639 2041 2692 atque
2063 2630 2288 2676 Timothei
2317 2630 2725 2677 alexandrinorum

459 2709 739 2760 antistitum,
767 2709 919 2755 Basilii
949 2710 1265 2762 caesariensis,
1292 2709 1510 2755 Iohannis
1533 2707 2044 2770 constantinopolitani,
2072 2707 2317 2769 Epiphanii
2351 2708 2520 2769 Cypri,
2545 2708 2724 2772 episco-

460 2802 630 2848 porum
664 2788 1030 2848 Aegyptiorum,
1063 2788 1143 2849 qui
1174 2789 1223 2833 in
1257 2787 1449 2834 exilium
1479 2787 1672 2848 relegati
1703 2801 1728 2832 a
1756 2786 1948 2832 Valente
1983 2787 2265 2847 imperatore
2295 2784 2504 2839 fuerant,
2532 2794 2577 2831 et
2611 2801 2725 2832 con-

458 2865 550 2910 cilii
586 2865 671 2910 CL.
712 2864 1033 2918 sacerdotum,
1071 2867 1150 2927 qui
1190 2880 1296 2931 cum
1328 2866 1431 2928 ipso
1465 2864 1674 2911 Diodoro
1706 2864 1909 2925 Byzantii
1946 2870 2106 2909 contra
2140 2861 2463 2908 Macedonium
2496 2877 2725 2908 convene·-

457 2951 589 2994 rant‚
616 2941 772 3002 elogia
804 2942 1032 3002 congessit
1064 2942 1310 2988 Facundus
1341 2941 1676 2988 hermianensis
1710 2939 1795 2986 lib.
1825 2940 1900 2986 lv.
1930 2955 2030 3002 cap.
2060 2942 2107 2985 2.

586 3006 729 3064 Multa
768 3017 816 3062 in
849 3032 990 3064 sacra
1025 3017 1175 3064 biblia
1207 3019 1406 3082 scripsit.
1442 3021 1722 3066 Sozomenus
1748 3016 1833 3063 lib.
1860 3017 1979 3063 VIII.
2008 3031 2109 3077 cap.
2138 3018 2186 3061 2.
2215 3015 2274 3061 de
2299 3015 2504 3061 Iohanne
2534 3016 2723 3076 chryso-

464 3105 618 3142 stomo
646 3096 865 3156 loquens:
903 3084 1092 3147 ταύτης
1115 3083 1174 3139 δὲ
1205 3087 1293 3147 τῆς
1324 3091 1637 3152 φιλοωοφιάς
1668 3082 2019 3144 διδασκάλους
2053 3080 2169 3152 ἔσχε
2200 3078 2315 3142 τούς
2342 3079 2455 3134 τότε
2484 3082 2723 3153 mosom-

465 3186 553 3224 τας
589 3163 688 3217 τῶν
723 3160 843 3231 «τῇδε
880 3163 1160 3236 περιφανῶν
1197 3164 1541 3235 οἰσκητηρίων,
1577 3159 1860 3236 Καρτέριόν
1893 3183 1945 3214 «τε
1984 3154 2074 3212 καὶ
2111 3156 2372 3230 Διόδωρον
2408 3157 2495 3212 τὸν
2531 3157 2723 3229 §yvod-

463 3262 606 3309 μενον
640 3240 729 3301 τῆς
766 3239 812 3293 ἐν
849 3240 1034 3314 Ταρσῷ
1071 3239 1370 3302 ἐκκλησίας,
1403 3237 1455 3293 ὃν
1495 3236 1744 3308 ἐπυθόμην
1783 3234 1924 3291 ἰδίων
1961 3233 2366 3308 συγΓραμμαΆ-ων
2402 3232 2605 3295 πολλὰς
2640 3255 2723 3288 κα-

462 3316 698 3369 ταλιπεῖν
735 3321 974 3391 βίβλους·
1011 3315 1120 3390 περὶ
1161 3314 1213 3370 δὲ
1251 3316 1307 3370 τὸ
1344 3317 1496 3391 ῥητὸν
1530 3317 1627 3371 τῶν
1667 3315 1812 3388 ἱερῶν
1846 3311 2024 3388 λόγων
2060 3311 2151 3373 τοὶς
2190 3309 2463 3383 ἐξηγήσεις
2500 3309 2723 3368 ’ωὸιῆσα-

456 3389 577 3444 -τσΘαι
597 3434 608 3453 ‚
643 3391 735 3452 τοὶς
771 3396 992 3467 θεωρίας
1030 3391 1264 3458 ἅποφεόΓ
1258 3418 1392 3449 οντα.
1416 3406 1579 3466 *Atque
1610 3400 1759 3448 leuius
1789 3401 1982 3464 quidem
2014 3396 2343 3463 philosophiae
2375 3397 2633 3460 magistros
2665 3398 2725 3444 il-

463 3478 530 3523 los
563 3477 753 3528 habuit,
781 3479 867 3540 qui
896 3492 996 3526 tum
1030 3481 1255 3544 temporis
1279 3472 1355 3536 tbi
1386 3471 1643 3528 celebribus
1669 3476 1911 3525 asceteriis
1934 3474 2298 3541 praesidebant,
2341 3473 2606 3520 Carterium
2632 3475 2725 3521 sci-

459 3556 589 3609 licet,
625 3566 668 3599 et
702 3555 965 3602 Diodorum
1001 3557 1146 3604 istum
1178 3558 1264 3622 qui
1298 3560 1488 3605 demum
1523 3557 1749 3604 tarsensis
1785 3555 2007 3602 ecclesiae
2041 3551 2237 3598 antistes
2255 3549 2390 3611 suit,
2424 3566 2563 3612 quem
2591 3551 2726 3613 equi-

461 3635 567 3679 dem
602 3631 772 3677 audivi
798 3635 1109 3696 propriarum
1145 3636 1596 3682 commentationum
1629 3634 1802 3680 multos
1835 3630 2085 3694 reliquisse·
2099 3628 2268 3674 libros:
2299 3626 2534 3672 direxisse
2563 3641 2724 3676 autem

460 3711 527 3757 ad
562 3711 773 3758 litteram
799 3727 966 3757 sacrae
990 3714 1258 3776 scripturae
1293 3711 1708 3777 interpretationes
1732 3726 1868 3760 suas,
1899 3718 2184 3781 aversatumv
2201 3703 2542 3767 speculationes
2575 3707 2594 3765 (
2608 3706 2724 3752 alle-

467 3789 662 3851 gorias)
701 3788 959 3835 universas.
999 3792 1208 3836 Socrates
1236 3791 1320 3837 lib.
1353 3792 1428 3837 VI.
1457 3804 1558 3852 cap.
1589 3790 1635 3835 3.
1676 3775 1967 3834 Τηνικαῧτα
2003 3779 2087 3826 0132‘
2124 3776 2262 3824 Οὗτοί
2303 3767 2574 3841 σπουδαῖοι
2610 3772 2719 3843 περὶ

471 3855 555 3911 την
594 3853 769 3928 ἀρετ-ην
805 3854 1066 3927 ’γενόμενοι
1104 3856 1487 3925 μαθητεῦουσιν
1523 3856 1594 3916 εἷς
1627 3851 1693 3908 τοὶ
1724 3849 1971 3910 οἷσκητικὲι
2009 3846 2280 3920 Διοδώρῳ,
2314 3846 2399 3915 καὶι
2433 3850 2722 3923 Rapa-epla),
