2970 4420
1225 262 1282 295 nn
1314 242 2529 295 mitonoms.185

744 338 974 402 Τούτους
1009 338 1253 415 χαράξας
1289 339 1447 401 αὐτὸς
1480 339 1800 430 αὐτοχειρία.

739 417 891 472 Ἀλλ
931 417 951 471 ε’
999 418 1201 489 Γραφείη
1238 439 1329 471 σου
1364 416 1544 478 λιταῖς
1578 412 1803 488 θεηγόρε

741 497 919 567 Βίβλῳ
955 441 1257 549 δικαίων
1203 493 1290 555 σὸς
1328 490 1597 566 Θεόδωρος
1632 489 1836 564 λα’τρις.

1275 567 1466 629 ”Αλλο,.

743 646 892 701 Μέλι
931 645 1200 721 γλυκάζον
1235 644 1320 700 καὶ
1360 644 1545 719 φρένας
1581 667 1664 699 και
1704 640 1915 739 καρδίας

742 725 915 791 Σοφης
949 729 1198 796 μἐλισσης
1231 744 1322 776 του
1359 720 1634 815 πυριπνοόυ
1671 719 1788 777 νόου

740 798 1028 875 Προῦθηκα
1062 798 1208 859 τήνδε
1246 797 1499 864 φιλτοίτνιν
1534 795 1864 860 πανδαισίαν,

726 873 825 939 *Hc
858 878 959 940 ποῖς
993 875 1290 950 μετασχὼν,
1325 874 1409 929 καὶ
1445 875 1767 943 ’γλυκανθεὶς
1801 896 1888 931 την
1925 870 2085 947 φρένα

741 955 926 1024 Ψυχης
959 954 1015 1008 τὸ
1054 953 1239 1008 λοιπὸν
1277 950 1459 1024 ἐξεμει
1490 975 1577 1010 την
1611 956 1824 1026 πικριᾞαν

400 1043 580 1090 CXXII.
618 1042 905 1089 Adneclatur
936 1058 1043 1089 cum
1076 1043 1302 1103 scriptore
1334 1040 1425 1086 hoc
1457 1039 1704 1086 Theodoro
1731 1039 1847 1085 alius
1879 1038 2085 1084 eiusdem
2115 1038 2318 1084 nominis
2348 1046 2392 1083 et
2423 1051 2536 1099 pro-

267 1120 478 1168 fessionis
500 1120 774 1167 Theodorus
795 1119 944 1166 lector
966 1119 1297 1182 hagiopetrita,
1323 1118 1404 1179 qui
1431 1116 1519 1163 sub
1542 1117 1764 1163 Michaele
1788 1116 2064 1177 Palaeologo
2086 1116 2326 1178 exscripsit
2347 1117 2395 1161 in
2418 1131 2534 1177 qua·
2568 1146 2576 1156 ι

268 1208 377 1245 ίυοι·
402 1198 640 1260 evangelia
675 1198 1014 1260 expositionem
1036 1195 1394 1294 Theophylacti‘,
1422 1204 1475 1241 ut
1500 1196 1598 1258 ipse
1620 1196 1668 1240 in
1693 1193 1787 1240 fine
1813 1195 1985 1241 codicis
2019 1194 2129 1240 644.
2159 1194 2355 1240 vaticani
2387 1194 2535 1241 adno-

267 1277 398 1322 tavit.
431 1262 741 1335 Ἐτελειοιῖθῃ
777 1262 833 1317 τὸ
869 1262 1024 1359 παρὸν
1058 1263 1209 1317 θειον
1246 1261 1330 1316 καὶ
1372 1261 1505 1335 ἱερὸν
1544 1260 1858 1353 εὕαγΓέλιον
1880 1259 2011 1333 μετὰ.
2042 1260 2125 1314 καὶ
2162 1284 2249 1317 την
2287 1259 2534 1335 ἐξήγησιν

266 1364 357 1396 του
394 1338 791 1414 μακαριωτάτου
828 1337 1031 1415 ωατρὸς
1068 1363 1204 1411 ημων
1239 1361 1392 1413 κυρου
1432 1335 1811 1402 Θεοφυλακτου
1845 1336 2264 1412 οἷρχιεωισκόπου
2295 1340 2533 1434 BQUNJCZ·

265 1423 412 1491 ριάς,
451 1415 539 1472 διαὶ
571 1417 748 1492 χειρὸς
782 1417 910 1489 ἐμου
938 1439 1028 1471 του
1063 1416 1410 1490 ἁμαρτωλου,
1439 1413 1586 1483 τοίχα
1612 1411 1681 1475 δη
1718 1413 1802 1468 καὶ
1840 1414 2068 1489 χαλκοΓρ
2077 1413 2241 1480 α’φου,
2275 1413 2358 1468 καὶ
2399 1415 2532 1469 κατοὶ

265 1494 476 1556 οἱνοίΓκης
511 1493 825 1550 οἶναΓνώστου
862 1491 1135 1567 Θεοδώρου
1169 1516 1260 1547 του
1300 1492 1674 1564 οἱῆοπεὟριᾝτου
1713 1490 1801 1545 δια
1838 1440 2117 1564 συνδρομης
2153 1489 2207 1544 δὲ
2245 1490 2330 1545 καὶ
2369 1489 2529 1545 πόθου

262 1573 471 1626 πολλου
503 1594 594 1626 του
630 1569 947 1642 τιμιωτάτου
980 1569 1173 1643 πατρὸς
1205 1593 1340 1642 ημων
1373 1592 1528 1642 κυρου
1564 1572 1836 1639 Κυρίλλου
1873 1585 1961 1622 του
2002 1567 2320 1662 Κατανέγκη·
2352 1592 2436 1622 και
2477 1570 2526 1622 οἱ

263 1650 416 1702 τοῦτο
455 1647 902 1721 οἷγαγινωσκοντες
939 1644 1161 1716 εύχεσθε
1201 1644 1320 1720 ὑπὲρ
1356 1669 1447 1700 του
1487 1645 1638 1718 πόθῳ
1673 1646 1858 1741 πολλῷ
1892 1643 2235 1717 κτησαμένου,
2268 1645 2419 1720 κᾴμοὶ
2458 1669 2526 1720 τῳ

261 1723 527 1799 γράψαντι
565 1722 716 1780 λύσιν
752 1724 980 1780 ωολλων
1017 1723 1408 1818 ἁμαρτημάτων.
1442 1722 1735 1798 ’Eypu'qbn’
1721 1720 1822 1776 ε’τει
1858 1721 2051 1795 ςψωῆ
2070 1764 2082 1785 ,
2121 1721 2212 1775 ἐπὶ
2252 1728 2529 1788 βασιλείας

260 1825 417 1872 κυρου
457 1800 690 1871 Μιχαηλ
722 1824 813 1854 του
851 1799 1256 1874 ωαλαιολοᾝγου
1293 1810 1573 1856 Absolutum
1605 1823 1674 1857 est
1706 1810 1794 1857 lioc
1827 1826 2019 1857 sacrum
2051 1809 2355 1873 divinumque
2387 1827 2532 1858 evan-

262 1888 469 1952 gelium,
508 1887 590 1933 cui
622 1888 798 1934 addita
830 1899 899 1934 est
931 1887 1170 1952 expositio
1202 1887 1469 1934 beatissimi
1495 1888 1656 1952 patris
1689 1888 1844 1935 nostri
1875 1887 2041 1934 domni
2079 1889 2117 1934 Τ
2112 1886 2418 1951 heophylacti
2447 1903 2532 1934 ar-

257 1962 545 2029 chiepiscopi
571 1965 863 2029 Bulgariae,
893 1981 1044 2012 manu
1073 1965 1171 2011 mei
1193 1965 1463 2030 peccatoris
1493 1977 1539 2011 et
1569 1964 1938 2030 chalcographi‚
1971 1977 2017 2010 et
2048 1966 2348 2028 compellente
2379 1982 2530 2012 neces-

258 2041 403 2087 sitate
438 2041 650 2092 lectoris,
683 2040 914 2088 Theodori
944 2041 1324 2107 hagiopetritae,
1354 2055 1546 2107 sumptu
1580 2054 1626 2088 et
1659 2042 1918 2106 diligentia
1949 2043 2104 2089 multa
2134 2043 2350 2089 maxime
2383 2043 2531 2090 hono-

258 2118 410 2163 randi
436 2118 599 2182 patris
633 2118 788 2166 nostri
820 2118 986 2165 domni
1016 2119 1186 2183 Cyrilli
1221 2121 1544 2184 Catanengae.
1585 2119 1680 2174 Qui
1712 2119 1800 2180 hoe
1833 2119 2017 2183 legitis,
2052 2131 2187 2165 orate
2214 2137 2305 2183 pro
2335 2120 2531 2183 eo,-qui

259 2194 316 2239 id
335 2195 485 2241 multo
515 2195 674 2242 studio
699 2195 795 2257 sibi
822 2196 1144 2260 comparavit,
1174 2209 1219 2242 et
1249 2214 1338 2261 pro
1369 2214 1444 2243 me
1467 2197 1554 2260 qui
1574 2196 1831 2261 exscripsi,
1860 2209 1913 2242 ut
1937 2197 2195 2243 multorum
2218 2210 2527 2260 peccatorum

261 2270 606 2318 absolutionem
634 2289 911 2336 consequar.
937 2273 1179 2337 Scriptum
1204 2286 1273 2320 est
1295 2289 1423 2321 anno
1443 2274 1784 2321 sexmillesimo
1806 2273 2220 2338 septingentesimo
2242 2275 2526 2338 octogesimo

255 2360 421 2395 octavo
454 2347 665 2410 (Christi
697 2350 852 2412 1280)
883 2350 1150 2414 imperante
1183 2349 1358 2397 domno
1389 2352 1623 2398 Manuele.
1646 2351 1952 2415 Palaeologo.

367 2427 586 2472 CXXIII.
623 2427 758 2473 Adde
782 2435 826 2474 et
850 2429 1038 2474 tertium
1055 2463 1067 2482 ‚
1095 2430 1131 2474 si
1159 2429 1336 2492 placet,
1363 2429 1660 2476 Theodorum
1685 2429 1906 2476 clericum
1931 2429 2153 2482 siculum,
2181 2431 2260 2491 qui
2286 2431 2524 2493 exscripsit

255 2503 601 2565 evangeliorum
628 2504 927 2553 concordiam
952 2521 1058 2552 cum
1085 2506 1454 2568 expositionibus
1479 2507 1602 2553 inter
1626 2509 1860 2554 vaticanos
1885 2488 2088 2559 codices,
2119 2516 2166 2553 ut
2190 2507 2412 2554 idemmet
2436 2523 2523 2554 no-

256 2589 321 2627 tat
355 2581 402 2628 in
434 2581 544 2627 sine.
578 2570 798 2645 ἘΓροίφη
835 2595 962 2630 αυτη
1000 2597 1025 2630 η
1059 2570 1236 2635 δέλὙος
1267 2570 1356 2627 διοὶ
1387 2573 1566 2646 χειρὸς
1600 2571 1871 2666 Θεοδώρου
1902 2574 2155 2647 κληρικου
2187 2573 2521 2637 σικελιοῖτου,

256 2647 363 2700 κατ’
397 2646 702 2721 e’m‘Tporrnvl
683 2647 952 2703 Νικολάου
987 2648 1227 2723 κτῆτορος
1262 2649 1478 2713 ταύτης,
1514 2650 1562 2706 ἐν
1598 2673 1696 2704 ετει
1733 2650 1831 2704 ἀπὸ
1863 2652 2060 2712 κ’Τίσεως
2094 2649 2285 2721 κόσμου
2317 2651 2490 2723 ςφμε’
2504 2693 2517 2713 ,

259 2721 562 2785 ἷνδικὟιωνος
590 2723 835 2795 πέμπὛης,
863 2724 1058 2779 κύκλου
1090 2725 1299 2787 σελήνης
1326 2726 1410 2790 θ’,
1441 2725 1633 2781 κύκλου
1671 2727 1822 2783 ηλιόυ
1854 2726 1948 2781 κα’”
1978 2751 2061 2781 και
2103 2726 2363 2800 επληρωθη
2395 2751 2512 2800 μκνι

258 2800 558 2874 ιαννουαρίω
586 2799 673 2855 τόν
703 2798 857 2856 uv‘r5v
883 2800 1071 2873 χρόνον
1100 2802 1263 2876 ἦμερᾳ
1292 2803 1594 2870 σαββοίτου,
1622 2801 1729 2877 ὠρᾳ
1756 2808 1915 2877 τρίτη
1950 2813 2167 2877 Scriptus
2196 2826 2264 2860 est
2295 2813 2374 2859 lzic
2398 2814 2517 2860 liber

254 2903 404 2933 manu
445 2886 676 2934 Theodori
708 2887 874 2934 clerici
905 2889 1072 2939 sissculi
1111 2902 1297 2935 monitu
1331 2890 1526 2936 Nicolai
1561 2889 1783 2954 episcopi
1805 2890 1935 2936 illius
1966 2892 2276 2954 possessori,s
2315 2907 2442 2937 anno
2483 2908 2515 2937 a

253 2964 434 3010 mundo
458 2976 619 3011 creato
644 2966 788 3011 6545.
826 2964 1036 3028 (Christi
1063 2967 1202 3012 1037.
1222 2966 1237 3028 )
1268 2966 1525 3012 indictione
1549 2967 1742 3029 quinta,
1772 2968 1903 3030 cyclo
1927 2967 2093 3013 lunari
2112 2984 2255 3017 nono,
2286 2968 2415 3030 cyclo
2438 2984 2514 3014 so-

252 3040 352 3087 lari
385 3041 612 3105 vigesimo
638 3033 818 3105 primo.
856 3043 920 3088 Ec
952 3042 1195 3088 absolutus
1226 3045 1295 3088 est
1326 3059 1482 3089 mense
1514 3043 1740 3089 ianuario
1768 3043 1978 3090 eiusdem
2008 3043 2146 3094 anni,
2182 3043 2259 3089 die
2289 3044 2506 3094 sabbati,

253 3117 374 3164 hora
409 3119 575 3165 tertia.
1617 3157 1621 3162 .

380 3195 574 3242 CXXIV.
611 3196 844 3249 Theodori
870 3195 1131 3260 presbyteri
1159 3206 1204 3244 et
1227 3198 1419 3259 syncelli
1443 3213 1636 3260 magnae
1658 3198 1876 3245 ecclesiae
1897 3198 2068 3259 legitur
2092 3197 2278 3244 adhuc
2265 3214 2314 3244 in
2336 3197 2508 3245 biblio-

250 3272 395 3319 thecis
425 3273 612 3328 italicis,
650 3261 802 3325 λοΓος
840 3260 1213 3335 διαλαμβάνων
1249 3261 1334 3318 τᾶν
1368 3262 1581 3337 χρόνον,
1611 3287 1676 3318 κα
1769 3261 1820 3319 ὃν
1847 3288 1872 3322 n
1902 3288 1989 3326 της
2025 3262 2323 3338 θεομνῖτορος
2361 3262 2506 3327 ἐσθὴς

247 3339 312 3409 τῇ
340 3337 583 3406 βασιλίδι
615 3362 712 3396 των
741 3338 936 3395 πόλεων
968 3337 1284 3412 ἐπεδήμησεν.
1323 3350 1491 3396 Oratio
1517 3351 1747 3397 denotans
1771 3362 1973 3414 tempus,
2003 3367 2096 3413 quo
2120 3351 2213 3397 Dei
2234 3351 2408 3398 matris
2433 3369 2507 3398 ve-

247 3425 334 3471 stis
369 3443 420 3471 ιη
454 3425 582 3473 hanc
618 3426 806 3490 regiam
845 3425 1009 3472 urbem
1043 3427 1395 3491 commigravit.
1433 3421 1488 3470 P.
1526 3418 1661 3471 Θεια
1692 3415 1931 3473 τινᾶκκαι
1963 3415 2181 3491 μεγοίλα
2219 3417 2503 3492 μυστήρια,

247 3493 382 3546 θεοῦ
417 3496 810 3567 φιλανθρωπίας
845 3498 1192 3567 γνωρίσματα.
1226 3505 1304 3550 Ait
1336 3505 1610 3551 Possevinus
1635 3506 1683 3550 in
1714 3513 1966 3567 apparatu,
1997 3520 2099 3571 eam
2127 3521 2316 3568 quoque
2348 3515 2504 3554 extare

248 3578 296 3623 in
329 3580 562 3634 vaticana,
589 3571 636 3627 et
666 3581 717 3627 in
749 3579 1032 3627 bibliotheca
1065 3581 1342 3627 serenissimi
1376 3580 1506 3628 ducis
1539 3582 1779 3636 Bavariae,
1806 3581 2055 3643 etlegitur
2083 3583 2132 3628 in
2165 3583 2325 3629 codice
2354 3583 2433 3629 63.

375 3656 547 3703 CXXV.
583 3657 856 3705 Theodorus
887 3672 1158 3718 smyrnaeus
1180 3657 1470 3720 curopalates
1492 3658 1674 3720 scripsit
1694 3657 1752 3703 de
1770 3658 2065 3722 processione
2086 3659 2295 3723 Spiritus
2315 3659 2494 3710 sancti,

247 3740 292 3774 et
317 3729 375 3775 de
397 3747 568 3795 azymo
598 3745 766 3780 contra
790 3734 1004 3781 Latinos.
1041 3734 1450 3796 Eius-argumenta
1473 3734 1533 3780 de
1555 3733 1850 3796 processione
1873 3736 2064 3782 inseruit
2086 3737 2132 3781 in
2155 3751 2290 3784 suum
2314 3736 2500 3783 thesau-

247 3821 354 3852 rum
385 3808 564 3856 Nicetas
595 3809 830 3866 choniata,
870 3801 924 3856 ἔκ
957 3800 1054 3856 τοῦ
1085 3798 1194 3875 περὶ
1234 3798 1463 3875 οἶζύμου,
1494 3800 1577 3855 καὶ
1616 3799 1895 3875 πνεύματος
1926 3801 2093 3870 λόγου
2129 3803 2221 3856 τοῦ
2253 3825 2497 3876 κουροπα-

2268 3901 2316 3933 24
