2970 4420
1376 286 1481 317 vlu
1489 305 1499 316 .
2505 294 2569 325 vn

429 365 474 406 4.
507 363 550 406 Is
579 362 663 405 fuit
694 362 876 405 Michael
902 361 1087 405 Neurida
1117 363 1208 417 vir,
1244 365 1380 405 aetate
1408 360 1660 410 accedente,
1691 359 1841 402 summi
1875 360 2039 402 consilii
2069 374 2337 418 summaeque
2368 366 2410 408 in
2444 367 2570 410 rebus

306 433 504 489 gerendis
535 432 769 493 industriae
799 444 849 475 ac
879 432 1165 486 dexteritatiS,
1198 433 1317 476 cuius
1348 431 1598 475 beneficium
1636 435 1699 473 est
1733 435 1949 485 receptum
1981 431 2026 474 in
2061 432 2167 474 urbe
2204 434 2571 492 Constantinopoli

310 507 559 548 Iesuitarum
585 504 810 559 collegium
824 535 837 556 ,
862 517 930 547 res
951 509 1072 547 antea
1089 517 1116 547 a
1135 505 1281 548 multis
1303 517 1398 547 cum
1423 515 1579 557 magno
1599 502 1747 548 labore
1771 513 2014 557 magnoque
2037 505 2209 557 negotio
2224 535 2235 556 ,
2259 506 2316 547 ita
2339 507 2455 549 nullo
2475 521 2570 551 suc-

309 589 428 619 cessu
451 588 576 632 saepe
603 579 790 629 tentata,
812 575 887 618 ubi
909 575 980 618 ille
1003 577 1245 631 complures
1266 588 1421 629 annos,
1437 587 1541 634 ‘cum
1568 587 1655 616 non
1676 573 1841 628 vulgari
1869 574 1932 616 rei
1953 573 2198 616 christianae
2219 577 2444 619 commodo
2475 592 2568 622 ver-

312 653 424 691 satus
456 640 545 690 esti
577 661 724 690 verum
750 648 854 690 haec
883 648 1017 690 multo
1042 652 1193 703 ‘postea
1223 647 1359 690 fuere.
1393 648 1586 690 Ceterum
1612 650 1715 688 tunc
1739 658 1764 687 a
1791 657 1956 686 summo
1985 645 2186 699 pontifice
2215 646 2424 690 Clemente
2446 649 2562 692 VIII.

313 732 410 762 cum
441 719 495 761 de
526 718 750 762 condendo
782 720 825 762 in
855 719 965 762 urbe
998 719 1104 762 Chio
1137 721 1226 762 eius
1262 719 1475 761 societatis
1505 718 1687 772 collegio
1721 717 1974 771 agitaretur,
2006 716 2236 759 admodum
2267 718 2431 760 iuvenis
2464 732 2565 762 evo-

310 794 427 832 catus
457 794 521 832 est
551 802 600 832 ex
635 789 908 832 athanasiana
937 788 1198 833 Graecorum
1225 790 1271 831 in
1300 789 1415 832 Urbe
1442 789 1648 843 collegio,
1679 787 1756 830 ubi
1786 786 2081 842 philosophiae
2109 800 2282 843 operam
2315 788 2465 841 dabat,
2498 803 2566 832 so-

311 860 485 916 ciusque
520 860 887 916 proficiscentibus
918 862 964 903 in
998 873 1092 903 eam
1128 860 1340 902 civitatem
1375 860 1596 902 Vincentio
1635 859 1912 915 Castagnolae
1946 859 2078 901 siculo
2095 890 2106 912 ,
2139 863 2181 901 et
2215 859 2400 914 Georgio
2438 861 2564 903 lusti-

309 932 435 974 niano
469 932 568 975 chio
599 932 721 975 datus
755 937 842 986 est,
875 936 924 974 ut
954 933 1218 974 iuventutem
1249 932 1409 984 graecis
1440 932 1592 973 litteris
1624 931 1883 973 institueret:
1918 943 2005 984 quo
2039 930 2108 972 ille
2140 931 2184 972 in
2223 943 2397 972 munere
2429 931 2561 973 trien-

308 1002 427 1044 nium
463 1003 601 1058 exegit
638 1016 814 1046 summav
839 1016 936 1046 cum
970 1003 1129 1058 ingenii
1162 1015 1216 1044 ac
1244 1001 1491 1055 diligentiae
1528 1001 1676 1044 laude:
1716 1014 1824 1057 quae
1860 1001 2062 1057 quidem,
2100 1007 2148 1045 ut
2182 1003 2224 1044 in
2260 1003 2362 1044 novi
2398 1003 2564 1057 collegii

303 1072 558 1127 dignitatem
596 1067 879 1127 redundaret,
911 1087 1002 1117 rem
1032 1074 1181 1130 primis
1209 1073 1375 1127 coeptis
1409 1072 1734 1127 validissimam,
1767 1073 2016 1118 Iesuitarum
2051 1085 2130 1128 per
2163 1086 2287 1115 omne
2321 1073 2366 1115 id
2395 1078 2562 1128 tempus

308 1142 480 1197 habitu,
513 1145 709 1200 vitaeque
737 1146 932 1187 instituto
966 1146 1010 1187 in
1041 1143 1193 1187 eodem
1224 1142 1409 1197 collegio
1442 1156 1541 1193 usus
1570 1147 1662 1197 est,
1694 1157 1951 1199 quamquam
1984 1144 2100 1187 nullo
2132 1157 2175 1187 se
2208 1149 2311 1186 voto
2345 1145 2562 1200 religionis

308 1213 617 1269 obstrinxerat,
650 1229 729 1258 nec
753 1216 908 1270 ullum,
942 1220 990 1258 ut
1014 1216 1144 1257 moris
1171 1219 1259 1269 est,
1291 1214 1403 1256 inter
1432 1215 1593 1257 tirones
1619 1216 1882 1258 constantiae
1909 1217 1973 1258 sui
2002 1215 2213 1271 propositi
2241 1215 2474 1271 periculum
2499 1215 2561 1258 fe-

307 1290 440 1327 cerat.
475 1287 580 1328 Cum
611 1291 755 1329 autem
788 1291 935 1342 postea
957 1285 1015 1328 ad
1043 1284 1344 1341 perficiendum
1379 1285 1618 1328 studiorum
1644 1298 1822 1327 suorum
1852 1286 2105 1328 curriculum
2134 1287 2310 1328 Romam
2339 1290 2401 1328 est
2429 1298 2557 1328 revo—

307 1361 445 1410 catus,
468 1357 617 1400 habuit
643 1359 741 1401 loco
769 1359 966 1414 praemii,
991 1363 1039 1400 ut
1070 1370 1196 1413 quem
1221 1358 1350 1399 vellet
1373 1370 1515 1400 secum
1538 1370 1562 1400 e
1590 1357 1869 1412 popularibus
1896 1358 1980 1400 suis
2008 1357 2204 1410 duceret,
2229 1359 2339 1399 inter
2367 1357 2559 1400 alumnos

299 1427 475 1483 collegii
506 1429 626 1484 quod
651 1430 856 1483 diximus,
888 1429 1208 1472 instituendum.
1243 1430 1330 1471 Nec
1356 1429 1429 1470 ille
1457 1428 1669 1471 dubitavit
1695 1429 1798 1483 quin
1829 1429 1989 1470 sororis
2018 1428 2151 1473 filium
2180 1441 2230 1480 eo
2258 1424 2464 1471 beneficio
2493 1430 2558 1472 af-

296 1497 532 1541 ficiendum
561 1504 751 1555 putaret3
785 1501 886 1555 qui,
919 1512 1175 1555 quamquam
1205 1499 1438 1542 admodum
1466 1512 1572 1554 puer
1600 1503 1715 1550 erat,
1747 1511 1877 1553 eaque
1908 1498 1960 1541 de
1994 1511 2139 1551 causa,
2170 1512 2218 1541 ac
2249 1504 2466 1554 praeterea
2499 1500 2556 1542 ob

305 1570 473 1612 crebras
507 1572 698 1625 corporis
730 1572 1019 1624 infirmitates,
1051 1572 1275 1626 longinqui
1302 1572 1461 1613 itineris
1489 1571 1708 1612 iactationi
1740 1571 1912 1612 minime
1941 1584 1986 1612 se
2017 1583 2163 1625 parem
2194 1575 2385 1625 putaret,
2419 1584 2554 1614 avun-

301 1641 474 1696 culique
507 1643 770 1685 severitatem
798 1643 1070 1685 vehementer
1094 1646 1376 1692 aversaretur,
1409 1641 1551 1684 studio
1576 1646 1716 1683 tamen
1746 1642 2000 1695 litterarum,
2035 1654 2121 1696 quo
2150 1642 2406 1696 impotenter
2433 1642 2555 1685 arde-

299 1711 398 1764 bat,
424 1717 467 1754 et
495 1713 597 1768 quia
626 1714 670 1755 in
697 1713 811 1756 Urbe
836 1717 1014 1768 propter
1036 1713 1295 1756 medentium
1322 1712 1511 1767 copiam,
1537 1717 1883 1768 praesentemque
1912 1712 1972 1754 ibi
1998 1713 2042 1754 in
2071 1718 2306 1755 sanctorum
2333 1713 2555 1756 hominum

302 1783 486 1834 vestigiis
525 1784 801 1839 reliquiisque
837 1783 1023 1826 divinam
1057 1796 1212 1838 opem,
1251 1783 1427 1839 aliquod
1464 1783 1654 1843 levamen
1693 1784 1777 1825 suis
1812 1784 2170 1837 aegrotationibus
2206 1784 2475 1826 inventurum
2510 1797 2555 1826 se

301 1854 526 1908 sperabat,
551 1855 732 1897 libenter
761 1856 934 1898 omnino
962 1856 1024 1898 illi
1045 1868 1090 1898 se
1120 1856 1263 1897 itineri
1291 1856 1491 1908 accinxit,
1515 1867 1603 1898 non
1633 1868 1764 1911 aeque
1791 1854 1908 1897 laetis
1937 1855 1980 1897 in
2004 1867 2053 1897 eo
2086 1855 2161 1898 abs
2188 1869 2275 1898 sese
2304 1855 2552 1898 dimittendo

295 1925 560 1979 parentibus.

420 1999 463 2039 5.
496 1998 656 2040 Relicta
685 1997 816 2051 Chio,
846 1997 1029 2040 secunda
1064 1997 1335 2052 navigatione
1366 1998 1598 2040 Messanam
1630 1997 1830 2040 advectus
1860 2003 1926 2040 est
1947 2030 1959 2052 ,
1992 1999 2200 2041 avunculo
2231 2004 2273 2041 et
2304 2000 2553 2054 Castagnola

294 2067 442 2109 sociis.
475 2072 538 2110 Ac
561 2069 702 2123 primo
731 2069 873 2111 statim
907 2069 1088 2124 appulsu
1117 2081 1329 2111 summum
1366 2069 1475 2111 vitae
1506 2068 1729 2111 discrimen
1758 2069 1889 2122 adiit,
1923 2082 2019 2111 cum
2051 2081 2126 2124 per
2160 2069 2386 2111 obscurum
2415 2071 2552 2113 noctis

298 2151 323 2180 e
351 2140 450 2181 navi
471 2131 526 2182 ad
555 2140 811 2195 hospitium,
839 2141 1096 2183 avunculum
1123 2140 1371 2195 sequendo,
1391 2153 1438 2183 ¹se
1464 2141 1704 2194 conferret3
1727 2141 1771 2183 in
1801 2140 2010 2183 obiectam
2040 2141 2246 2196 siquidem
2275 2142 2442 2184 foveam
2467 2143 2549 2184 im-

298 2209 485 2264 prudens
515 2210 699 2263 decidit,
729 2211 804 2254 ubi
833 2211 1064 2266 plurimum
1094 2224 1230 2266 aquae
1256 2215 1347 2254 tum
1377 2212 1556 2254 maxime
1593 2211 1731 2255 densis
1760 2212 1967 2255 imbribus
1997 2225 2022 2255 a
2054 2213 2167 2255 caelo
2201 2214 2383 2267 ruentiS,
2416 2213 2550 2268 pluri-

297 2280 463 2336 busque
492 2281 594 2323 illuc
627 2282 791 2324 viarum
827 2281 1019 2324 divortiis
1051 2282 1289 2336 aggregatis
1320 2281 1604 2336 confluxerat3
1638 2283 1967 2339 suffocassetque
2000 2284 2089 2325 sine
2119 2283 2276 2336 dubio,
2311 2296 2433 2338 aegre
2466 2283 2557 2325 iam·

296 2351 556 2393 resistentem
571 2383 582 2405 ,
611 2353 655 2394 ni
677 2353 967 2395 crescentibus
993 2354 1124 2408 magis
1148 2354 1364 2408 magisque
1391 2354 1654 2408 gurgitibus,
1683 2355 1880 2397 avunculi
1903 2360 1945 2397 et
1969 2355 2123 2410 reliqui
2149 2357 2371 2398 comitatus
2395 2355 2549 2398 auxilio
2576 2397 2579 2399 ,

296 2426 464 2476 ereptus
493 2427 625 2465 esset:
658 2436 841 2479 namque
874 2436 1055 2479 puerum
1083 2437 1167 2466 una
1200 2437 1298 2466 cum
1327 2425 1501 2480 reliquis
1537 2437 1624 2467 non
1659 2430 1936 2480 apparentem
1969 2427 2176 2480 vestigare
2204 2427 2410 2481 aggressi,
2444 2438 2549 2468 voce

295 2494 540 2547 quiritantis
565 2494 797 2548 admoniti,
823 2495 876 2538 ad
902 2496 1067 2538 foveam
1090 2508 1135 2538 se
1166 2496 1457 2549 contulerunt,
1480 2497 1523 2538 in
1553 2509 1681 2551 quam
1706 2497 1953 2552 praevalens
1976 2497 2152 2552 quidam
2171 2486 2332 2540 viribus
2356 2503 2397 2540 et
2424 2509 2554 2553 prae-N

296 2577 389 2606 sens
414 2566 556 2607 animo
587 2567 752 2609 iuvenis
777 2567 961 2621 insiluit,
987 2569 1250 2622 extraxitque
1271 2567 1563 2610 semianimum
1586 2580 1635 2610 ac
1655 2568 1882 2610 intercluso
1908 2568 2218 2623 propemodum
2245 2569 2412 2623 spiritu.
2445 2570 2548 2610 Post

297 2636 462 2690 aliquos
485 2637 574 2679 dies
593 2638 844 2681 recreandae
865 2641 985 2694 pueri
1006 2638 1239 2681 valetudini
1275 2641 1484 2682 Messanae
1514 2644 1653 2693 actos,
1686 2640 1881 2692 Paulam,
1911 2639 2056 2682 nobile
2086 2641 2279 2682 instituto
2313 2640 2547 2682 sodalitatis

296 2707 568 2749 Minimorum
589 2708 635 2750 iu
658 2708 850 2751 Calabria
877 2709 1112 2764 oppidum,
1141 2714 1210 2752 est
1244 2715 1441 2762 ventum,
1467 2710 1540 2752 ubi
1570 2711 1727 2753 Marius
1747 2710 1954 2766 Spinellus
1970 2743 1981 2765 ,
2012 2712 2145 2765 reguli
2163 2712 2254 2753 eius
2283 2711 2367 2753 loci
2389 2711 2543 2764 frater,

292 2778 479 2820 clericali
503 2779 594 2833 ipse
618 2773 788 2821 militiae
811 2779 1074 2835 adscriptus,
1099 2794 1184 2823 una
1212 2793 1310 2823 cum
1336 2793 1508 2835 sorore,
1537 2794 1645 2836 quae
1669 2794 1825 2825 nomeu
1843 2795 1969 2824 suum
1993 2781 2166 2824 dederat
2188 2782 2392 2835 familiae,
2420 2793 2545 2836 quam

294 2848 408 2890 tertii
444 2848 604 2891 ordinis
637 2849 876 2904 appellant,
905 2850 1026 2892 haud
1058 2851 1224 2904 vulgari
1262 2851 1431 2906 pietatis
1466 2855 1788 2907 ceterarumque
1827 2852 2146 2895 christianarum
2177 2852 2380 2893 virtutum
2418 2850 2543 2893 laude

289 2918 516 2960 florebant.
554 2919 632 2971 Hi,
657 2919 776 2974 quod
806 2920 1099 2974 Castagnolam
1122 2934 1210 2963 non
1237 2922 1400 2975 vulgari
1427 2921 1508 2963 sibi
1532 2923 1836 2965 necessitudine
1861 2923 2133 2965 coniunctum
2160 2910 2396 2974 habebant,
2421 2921 2544 2963 facile

288 3004 318 3033 a
344 2991 531 3033 Neurida
554 2991 803 3046 obtinuere,
832 2996 881 3034 ut
901 2992 1125 3043 Allatium,
1149 2993 1273 3034 cuius
1300 2992 1443 3035 indole
1466 2993 1641 3035 mirifice
1664 2993 1865 3040 delectati
1892 2997 2033 3045 erant,
2054 2993 2173 3048 apud
2199 3006 2246 3049 se,
2269 2992 2414 3047 quoad
2441 2991 2544 3034 ado·

289 3064 468 3105 lesceret
496 3063 726 3106 retinerent
751 3064 795 3109 in
823 3063 914 3106 filii*
931 3064 1028 3106 loco
1057 3064 1272 3117 habitum,
1304 3077 1400 3106 cum
1431 3065 1531 3106 alias
1555 3065 1747 3107 nondum
1774 3067 1874 3107 satis
1905 3070 2068 3107 matura
2099 3069 2235 3106 aetate
2266 3064 2319 3106 ad
2346 3064 2543 3107 obtinen-

289 3133 393 3176 dum
420 3135 465 3175 in
495 3134 769 3176 athanasiauo
801 3135 982 3189 collegio
1010 3135 1152 3177 locum
1183 3135 1395 3177 videretur
1427 3148 1529 3177 esse.

411 3206 454 3246 6.
489 3205 678 3247 Relictus
705 3205 838 3258 igitur
865 3206 1018 3248 Paulae
1047 3211 1134 3258 est,
1159 3206 1287 3261 inque
1315 3207 1437 3248 Marii
1466 3206 1598 3248 domo
1627 3205 1856 3248 liberaliter
1879 3218 1964 3248 non
1980 3206 2142 3252 ,litteris
2172 3206 2327 3259 modo,
2348 3207 2423 3249 sed
2448 3208 2540 3263 pie-

288 3281 376 3318 tate
407 3289 457 3318 ac
483 3275 676 3319 moribus
697 3278 940 3330 institutus,
964 3278 1076 3320 duos
1103 3290 1239 3332 prope
1264 3290 1398 3319 annos
1427 3277 1588 3331 exegit,
1616 3276 1752 3319 donec
1779 3276 1958 3319 eundem
1986 3277 2163 3320 Marium
2191 3278 2405 3333 Neapolim
2435 3290 2540 3333 pro-

285 3350 445 3391 fectum
481 3355 684 3404 sequutus
718 3355 802 3405 est3
832 3352 933 3404 ubi,
968 3364 1226 3407 quamquam
1257 3352 1311 3394 ad
1346 3352 1581 3393 litterarum
1612 3351 1835 3392 latinarum
1871 3350 2151 3393 eruditionem
2189 3354 2287 3394 satis
2318 3356 2361 3394 et
2393 3352 2470 3393 otii
2499 3356 2540 3394 et

286 3421 588 3474 magistrorum
622 3421 837 3477 habebat,
864 3423 984 3478 quod
1010 3429 1150 3466 tamen
1182 3423 1298 3466 haud
1332 3423 1459 3465 ullam
1485 3422 1538 3464 ad
1567 3419 1876 3476 proficiendum
1902 3433 2052 3474 graece
2083 3421 2323 3464 facultatem
2353 3422 2536 3476 videret,

284 3492 529 3546 impetravit
553 3497 602 3535 ut
635 3494 874 3537 institutum
893 3495 976 3537 sibi
1003 3495 1172 3550 pridem
1204 3494 1329 3538 Urbis
1358 3493 1574 3536 adeundae
1607 3492 1876 3547 propositum
1907 3487 2053 3547 exequi
2085 3494 2416 3547 permitteretur;
2451 3495 2538 3548 quo

281 3562 480 3616 tandem,
515 3564 702 3619 acceptis
733 3564 899 3607 idoneis
925 3566 1015 3607 viae
1046 3564 1299 3617 comitibus,
1332 3558 1442 3606 anno
1469 3576 1495 3605 a
1526 3563 1691 3605 Christo
1722 3567 1821 3605 nato
1853 3563 2143 3606 MDCXVIIII.
2176 3563 2262 3606 kal.
2295 3563 2538 3606 novembris

282 3632 484 3677 advectus
522 3638 608 3675 est:
646 3639 774 3689 atquc
809 3636 854 3677 in
893 3635 1118 3690 collegium
1153 3635 1470 3677 athanasianum
1508 3638 1670 3675 ceteros
1706 3634 1817 3676 inter
1850 3633 2128 3677 scholasticos
2163 3639 2383 3690 receptus,
2417 3647 2537 3689 prae-

280 3706 478 3757 ceptores
508 3703 660 3746 habuit
683 3717 929 3758 graecarum
958 3705 1132 3760 quidem
1161 3705 1421 3757 litterarum,
1450 3705 1637 3746 Marcum
1662 3705 1866 3746 savarum
1893 3706 2212 3757 anconitanum,
2238 3707 2432 3747 Iasonem
2459 3707 2536 3747 So-

280 3783 505 3814 zomenum
529 3774 746 3829 cyprium,
773 3779 816 3817 et
842 3775 1059 3818 Nicolaum
1086 3775 1385 3827 Alemannum,
1410 3773 1595 3816 eiusdem
1621 3773 1790 3828 collegii
1815 3775 2028 3818 alumnos:
2057 3776 2278 3822 latinarum
2304 3788 2405 3817 vero
2431 3776 2535 3818 Can·-

278 3846 415 3884 terum
430 3843 511 3893 ,in
531 3845 815 3898 grammaticis
839 3845 1123 3900 Epiphanium
1147 3844 1356 3898 Laelium,
1383 3844 1426 3887 in
1454 3844 1772 3887 humanioribus
1795 3846 2047 3899 Herreram,
2070 3846 2322 3888 Iesuitarum
2350 3845 2531 3887 familiae

315 3988 333 3999 t
