2970 4420
455 239 544 285 150
1395 252 1544 284 monis
1578 253 1753 284 ALLA‘ru

450 335 611 384 earnis
638 352 669 383 a
702 337 800 383 Deo
832 350 1129 402 assumptae,
1160 350 1303 401 atque
1327 337 1718 400 dispensationis,
1740 330 1890 401 'quove
1914 352 2057 403 paeto
2079 353 2279 406 peraeta
2311 342 2390 389 sit.
2428 343 2560 398 Quae
2584 342 2696 389 item
2762 351 2763 354 ’

450 414 512 461 ab
538 413 746 461 alumnis
774 415 997 461 eeclesiae
1021 415 1338 463 adstruantur
1361 413 1584 461 adversas
1609 431 1767 461 minus
1793 427 1915 462 reete
1939 416 1998 462 de
2023 433 2082 464 ea
2106 431 2370 467 sentientes.
2409 421 2510 466 Hoc
2543 429 2697 466 autem

452 492 623 553 scripto
650 492 918 553 opinionem
940 492 1154 544 Manetis,
1182 491 1308 536 Pauli
1333 492 1628 544 samosateni,
1656 491 1963 553 Apollinaris,
1989 493 2219 541 Theodori
2243 498 2578 559 mopsuesteni,
2605 492 2699 543 Ne-

451 569 608 621 storii,
640 569 929 630 Eutychetis,
961 578 1005 615 et
1041 569 1238 614 aliorum
1274 569 1453 614 evertit.
1490 567 1666 614 Titulus
1701 583 1861 630 graece
1899 577 1993 614 est·
2032 558 2301 634 Θεοδώρου
2336 561 2697 662 πρεσβυτέρου

451 658 540 696 τῆς
577 635 808 688 ‘Pal-3015
846 631 1273 725 ωροωαρασκευνῖ
1306 656 1383 694 τις
1414 656 1504 686 και
1548 643 1811 708 γυμνασία
1848 635 1922 708 τῷ
1961 636 2260 731 βουλομένῳ
2285 640 2521 709 μαθεῖν,
2557 644 2633 701 τίς
2673 639 2697 692 ὁ

454 709 638 786 τρόπος
671 712 759 772 τῆς
795 714 943 771 θείας
982 707 1399 782 ἔνανθρωπκσεως
1434 732 1516 764 και
1558 710 1875 782 οἷκονομιάς,
1902 710 2022 766 καθ’
2061 735 2112 768 ον
2117 712 2435 808 πέπραίΤαι·
2470 715 2554 768 καὶ
2590 720 2703 770 τίνα

455 789 517 842 τοὶ
553 788 689 861 «πρὸς
721 810 837 848 τους
872 785 1059 845 ταύτην
1095 811 1160 857 μιν
1201 786 1375 858 ὂρθως
1419 809 1654 849 νοουντας
1688 786 1951 860 λεγόμενοι
1984 788 2135 863 wagio}
2175 813 2272 845 των
2306 814 2393 853 της
2431 791 2701 853 ἐκκλησίας

458 870 729 938 τροφί.μων
765 872 995 920 Libellum
1029 873 1153 919 hunc
1187 871 1375 935 (scribit
1412 875 1565 920 nescio
1589 875 1693 936 quis
1725 890 1783 920 ex
1813 875 2046 938 sectariis)
2080 876 2477 940 Constantinopoli
2512 878 2705 935 allatum

456 953 504 997 in
537 951 847 997 vetustissimo
874 949 1190 1012 manuscripto
1218 949 1470 1011 exemplari
1503 958 1609 996 ante
1641 965 1815 997 annum
1848 951 1987 998 1586.
2014 949 2224 998 ediderat
2247 967 2356 999 eum
2383 968 2464 1000 sua
2493 956 2708 1001 versione

459 1028 601 1074 latina
633 1026 902 1088 Theodorus
935 1027 1046 1072 Beza
1065 1060 1077 1081 ‚
1114 1027 1443 1087 continereque
1476 1028 1691 1089 opposita
1722 1028 1777 1074 iis
1814 1028 1896 1089 qui
1929 1037 2089 1074 nostro
2128 1036 2338 1091 tempore
2371 1029 2579 1077 haereses
2613 1033 2709 1078 Ne-

458 1106 590 1152 storii
625 1114 671 1151 et
705 1104 968 1165 Eutychetis
1001 1112 1311 1157 renovarunt,
1339 1119 1454 1165 quas
1490 1113 1652 1152 auctor
1685 1104 1766 1151 ille
1797 1114 1956 1160 vetus,
1982 1107 2193 1168 quamvis
2226 1108 2392 1168 exiguo
2425 1109 2599 1170 scripto
2631 1124 2709 1154 so·-

459 1182 554 1229 lide
583 1181 768 1228 refellit.
806 1181 943 1246 Anno
973 1181 1138 1227 Christi
1178 1182 1315 1227 1599.
1351 1181 1581 1229 Robertus
1610 1182 1850 1230 Balforeus
1884 1192 2064 1237 scotus,
2091 1185 2342 1245 -aquinatici
2377 1179 2558 1246 collegii
2591 1187 2711 1232 Bur-

458 1254 637 1319 digalae
670 1258 1043 1318 gymnasiarcha,
1072 1257 1273 1323 eundem
1306 1266 1550 1306 tractatum
1584 1260 1734 1306 emisit
1765 1260 1884 1322 typis
1905 1260 2112 1315 Morelli‚
2138 1276 2230 1307 una
2254 1275 2361 1306 cum
2389 1261 2555 1307 Gelasii
2589 1261 2710 1323 cyzi-

458 1336 556 1381 ceni
582 1336 772 1381 historia
799 1335 983 1381 concilii
1012 1336 1210 1388 nicaeni,
1239 1335 1453 1382 adiuncta
1482 1338 1620 1383 etiam
1648 1353 1729 1383 sua
1754 1338 1966 1383 versione
1989 1337 2128 1383 latina
2145 1372 2156 1391 ‚
2185 1337 2456 1400 addiditque
2480 1346 2638 1394 notas,
2665 1348 2711 1386 et

462 1413 771 1458 correctiones
795 1427 851 1457 ex
883 1413 1199 1474 manuscripto
1226 1413 1478 1474 exemplari
1504 1415 1623 1460 Petri
1651 1412 1843 1460 Stellae:
1875 1426 2078 1460 necnon
2101 1414 2302 1461 eundem
2334 1413 2545 1460 libellum
2579 1424 2710 1462 antea

459 1489 505 1533 in
538 1488 744 1549 linguam
781 1488 971 1534 latinam
1007 1488 1301 1535 transtulerat
1342 1489 1621 1536 Godefridus
1652 1489 1920 1536 Tilmannus
1953 1489 2224 1536 Carthusiae
2265 1491 2510 1552 parisensis
2549 1507 2715 1538 mona-

462 1565 598 1619 chus,
627 1566 757 1611 cuius
788 1567 1050 1625 versionem
1083 1574 1198 1612 tom.
1227 1568 1346 1613 V.lll
1374 1565 1682 1614 bibliothecae
1712 1574 1894 1613 sanctae
1920 1568 2206 1629 Margarinus
2234 1569 2459 1629 Bignaeus
2492 1576 2714 1630 tanquam

463 1641 795 1703 praefationem
828 1641 960 1687 libris
995 1642 1220 1689 Anastasii
1258 1643 1446 1689 sinaitae
1481 1642 1767 1705 patriarchae
1803 1643 2062 1690 antiocheni
2098 1643 2324 1707 praefixit.
2360 1645 2427 1690 Ex
2465 1643 2555 1690 hoc
2589 1643 2717 1691 libro

466 1719 693 1765 nonnulla
718 1727 957 1765 mutuatur
990 1719 1187 1765 Suidas
1175 1735 1224 1766 in
1255 1721 1458 1774 Manete,
1485 1720 1727 1784 multoque
1755 1720 1890 1783 plura
1926 1720 1986 1768 de
2014 1722 2158 1768 Paulo
2188 1729 2504 1775 samosateno,
2532 1721 2717 1784 Apolli-

466 1796 590 1850 nari,
617 1795 864 1842 Theodoro
895 1805 1245 1858 mopsuesteno,
1273 1805 1319 1842 et
1348 1796 1472 1850 aliis,
1502 1798 1725 1858 Georgius
1757 1797 1991 1844 Cedrenus
2019 1798 2069 1843 in
2098 1798 2368 1845 Aureliano.

589 1873 753 1919 Eidem
787 1873 924 1920 etiam
962 1871 1229 1919 attribuitur
1263 1873 1542 1935 opusculum
1575 1869 1651 1925 τίς
1689 1862 1838 1929 φύσις
1875 1887 1956 1917 και
2000 1864 2176 1927 ουσι’,α
2210 1890 2333 1937 quae
2358 1869 2426 1920 sit
2457 1886 2637 1920 natura
2670 1887 2715 1920 et

464 1948 684 1994 essentia
723 1943 775 1991 P.
814 1938 884 1992 Το
922 1936 1012 2011 μὲν
1047 1962 1135 2000 της
1173 1939 1346 2000 οὐσίας
1383 1962 1571 2010 ονομα,
1607 1939 1760 1997 αὐτην
1794 1964 1880 1998 ‘rm’
1913 1941 2093 1998 κλῆσιν
2130 1939 2261 2013 φημι
2293 1964 2377 1995 και
2403 1940 2501 1999 τὴν
2533 1964 2711 2014 προσκ-

466 2020 663 2088 γορίαν.
701 2028 794 2074 Nec
828 2042 923 2072 non
959 2035 1004 2072 et
1040 2026 1166 2073 aliud
1196 2028 1269 2073 cui
1303 2027 1489 2072 titulus:
1529 2014 1771 2087 σύντομος
1809 2015 2051 2088 {Emtae-ee
2087 2039 2169 2070 και
2188 2015 2446 2091 διήγησις
2480 2040 2588 2090 περι
2623 2040 2715 2071 του

468 2093 735 2185 τριμεροῦς
769 2115 857 2154 τῆς
890 2090 1083 2163 ψυχῆς
1122 2102 1457 2166 Compendiosa
1491 2101 1754 2165 expositio
1791 2103 1863 2149 vel
1892 2103 2138 2150 enarratio
2173 2103 2230 2148 de
2265 2103 2446 2167 triplice
2469 2103 2719 2165 facultate

470 2177 681 2224 ani.mae
719 2173 773 2221 P.
801 2167 920 2224 ‘'Orra
956 2174 1072 2243 τρία
1105 2168 1229 2243 μέρη
1263 2192 1351 2230 τνις
1386 2167 1563 2239 ψυχῆς
1597 2169 1890 2242 λογισμος,
1924 2168 2125 2241 θυμὸς,
2163 2170 2432 2242 ἐπιθυμία.
2469 2182 2572 2227 Hoc
2607 2196 2720 2227 vero

469 2264 761 2317 postremum
801 2257 850 2302 in
884 2254 1116 2318 aliquibus
1152 2255 1389 2302 codicibus
1421 2256 1750 2318 munuscriptis
1788 2256 2049 2303 vindicatur
2087 2258 2320 2320 Stephano
2355 2258 2719 2312 nicomediensi,

468 2333 517 2377 in
551 2332 652 2378 aliis
681 2333 874 2379 Iohanni
899 2333 1192 2381 damasceno.
1220 2334 1491 2379 Possevinus
1515 2333 1741 2379 existimat
1774 2333 1832 2380 ad
1857 2334 1983 2380 hunc
2005 2335 2300 2382 Theodorum
2326 2335 2568 2385 referenda
2595 2323 2718 2387 esse,

469 2424 589 2474 quae
613 2410 876 2457 Gennadius
898 2412 945 2456 in
969 2410 1178 2472 catalogo
1205 2410 1264 2456 de
1285 2409 1533 2456 Theodoro
1558 2410 1834 2457 antiocheno
1857 2410 2030 2457 scribit.
2067 2411 2156 2458 Sed
2180 2413 2318 2475 plane
2345 2407 2723 2474 mopsuestenum

470 2500 576 2531 cum
605 2487 816 2533 raitheno
840 2479 1107 2539 confundit;
1145 2495 1196 2533 ut
1231 2488 1355 2532 enim
1390 2501 1529 2548 supra
1565 2486 1790 2541 vidimus,
1818 2503 1936 2549 quae
1970 2488 2030 2534 de
2062 2489 2338 2536 antiocheno
2367 2489 2509 2536 tradit
2539 2490 2720 2536 Genna—

471 2563 601 2616 dius,
629 2564 686 2609 ad
709 2572 1084 2626 mopsuestenum
1110 2564 1390 2610 referuntur.
1417 2565 1574 2625 Neque
1598 2563 1792 2610 meliore
1817 2564 1946 2622 lance
1970 2567 2224 2626 gesneriani
2245 2568 2572 2629 epitomatores
2596 2566 2721 2612 hunc

473 2639 772 2686 Theodorum
806 2656 831 2686 a
864 2640 1110 2687 Theodoro
1146 2639 1420 2703 presbytero
1451 2640 1663 2686 raitheno
1695 2640 1927 2694 dividunt.
1963 2642 2195 2689 Theodori
2237 2630 2495 2706 presbyteri
2528 2642 2725 2689 raitheni

476 2715 663 2763 libellus
687 2718 909 2764 adversus
942 2718 1177 2772 haereses,
1205 2719 1284 2780 qui
1308 2718 1529 2764 unionem
1560 2717 1897 2780 hypostaticam
1926 2719 2128 2768 duarum
2161 2721 2209 2766 in
2243 2721 2423 2767 Christo
2456 2729 2726 2767 naturarum

474 2804 828 2857 oppugnarunt,
852 2797 1054 2858 primum
1075 2811 1234 2857 graece
1253 2795 1427 2849 editus,
1446 2803 1493 2841 et
1508 2795 1678 2842 latinus
1695 2796 1842 2843 factus
1858 2812 1883 2843 a
1899 2796 2147 2844 Theodoro
2164 2799 2275 2845 Beza
2291 2800 2339 2845 4.
2354 2799 2562 2845 Genevae
2582 2799 2722 2845 1576.

604 2873 793 2935 Scripsit
825 2882 1064 2935 praeterea
1096 2873 1317 2935 pleraque
1350 2872 1461 2926 alia,
1489 2872 1659 2934 quibus
1689 2873 1966 2920 catholicum
1997 2875 2168 2938 dogma
2201 2875 2508 2923 confirmavit.
2547 2875 2754 2921 Lauda--

478 2957 554 2994 tur
579 2949 704 2995 illius
739 2936 1050 3012 Σογμοίῗικος
1079 2948 1143 2992 λο
1137 2938 1186 2992 Γ
1179 2962 1230 3001 ος
1265 2948 1362 3013 dog
1334 2948 1542 2995 ‹r'matzca
1568 2962 1744 3002 oratio,
1774 2960 1821 2998 et
1848 2968 1905 2998 ex
1930 2969 1982 2999 ea
2010 2953 2161 3015 aliqua
2186 2954 2442 3000 afferuntur
2469 2969 2492 2998 a
2522 2952 2726 2998 Iohanne

477 3027 626 3072 Vecco
653 3027 911 3088 patriarcha
942 3026 1484 3089 constantinopolitano
1472 3043 1519 3073 m
1545 3029 1826 3115 epigraphis.
1843 3017 2191 3115 Θεόδωρος“
2167 3044 2190 3073 ο
2221 3043 2310 3080 τνις
2337 3017 2555 3073 ‘Paleou
2585 3039 2726 3089 πρεσ-

480 3091 691 3166 βότερος
730 3093 777 3148 ἐν
812 3117 881 3146 τω
921 3090 1223 3167 ὃογματικῷ
1259 3091 1407 3168 λόγῳ
1445 3116 1635 3156 αυτου,
1668 3100 1723 3147 οὑ
1761 3096 1787 3152 ᾖ
1826 3093 1992 3170 ἄρχῃ,
2026 3094 2212 3151 ἄτοπον
2249 3093 2394 3167 οἰμᾳι
2432 3117 2515 3149 και
2554 3093 2726 3154 καλως

481 3191 542 3239 ’γε
584 3170 735 3222 τοῦτο
781 3168 1027 3264 νενόμικα.
1067 3179 1330 3226 l'lzeodoras
1371 3179 1615 3226 raathenus
1651 3182 1899 3245 presbyter
1938 3183 1987 3228 in
2031 3182 2306 3246 dogmatica
2348 3197 2437 3233 sua
2476 3180 2723 3231 oratione,

483 3255 616 3300 cuius
648 3256 940 3320 principium
975 3266 1063 3303 etc.
1101 3258 1168 3303 Ex
1200 3257 1361 3304 eadem
1393 3257 1657 3305 referuntur
1689 3259 1843 3342 aliqua
1877 3276 1978 3323 cap.
2007 3263 2054 3307 2.
2084 3263 2130 3306 4.
2160 3261 2207 3306 5.
2237 3262 2283 3306 6.
2311 3268 2355 3306 et
2385 3261 2433 3304 7.
2464 3236 2729 3304 Adnotatur

484 3333 636 3377 tamen
671 3334 719 3377 in
755 3334 963 3395 margine
996 3335 1152 3380 nescio
1183 3350 1207 3380 a
1240 3349 1361 3396 quo:
1402 3320 1478 3378 ὅτι
1515 3347 1571 3376 το
1610 3324 1782 3414 στόμηα
1810 3350 1898 3380 του
1936 3327 2149 3411 «πατρὸς
2174 3327 2198 3379 ὁ
2238 3324 2365 3386 υἶός·
2400 3322 2536 3396 ζητει
2579 3324 2624 3378 ἐν
2658 3323 2732 3395 τῷ

487 3395 790 3471 ὃογματικῷ
824 3398 971 3473 λό’γῳ
1011 3397 1280 3495 Θεοδωρου
1315 3398 1678 3489 πρεσβυτέρου
1690 3424 1778 3467 της
1808 3401 2054 3472 Ῥαιθοῢ,
2088 3409 2157 3457 οὐ
2177 3427 2204 3460 n
2240 3402 2403 3475 ἀρχαι,
2437 3398 2622 3455 α’τοπον
2657 3397 2731 3452 οἷ-

485 3492 595 3544 μαι
636 3471 739 3527 ι’σθι
780 3473 831 3528 δὲ
873 3474 949 3530 ὅτι
989 3500 1072 3530 και
1110 3477 1133 3529 ὁ
1163 3500 1250 3534 την
1285 3477 1540 3551 παροῦσαν
1573 3501 1754 3550 χρῆσιν
1781 3479 2029 3557 περιέχων
2061 3478 2283 3542 λόΓος,’
2270 3476 2321 3533 έν
2351 3500 2455 3531 τισι
2490 3481 2728 3543 βιβλίοις

487 3583 575 3613 του
616 3561 769 3632 ἁγίου
799 3563 1138 3620 Ἀναστασιόυ
1177 3565 1555 3639 ἐπιγέΓραπς-αι
1593 3566 1654 3611 Os
1674 3567 1833 3628 'patris
1862 3584 1958 3614 esse
1976 3567 2172 3631 filium,
2199 3576 2415 3628 quaerzto
2440 3581 2489 3609 m
2514 3574 2732 3609 oratione

489 3646 764 3709 dogmatica
794 3648 1019 3696 Iheodori
1049 3652 1318 3715 presbyteri
1347 3651 1580 3702 raitloenz,
1610 3666 1743 3697 cuias
1767 3659 1835 3694 est
1863 3643 2180 3710 principium.-
2218 3630 2404 3685 οῗτοπον
2442 3637 2607 3702 οιμοιι.
2649 3640 2732 3684 Ve-

492 3736 758 3768 rumtamen
790 3724 926 3775 seito,
955 3743 1177 3788 praesens
1211 3728 1297 3774 ltoe
1325 3729 1505 3775 dictam
1539 3728 1850 3775 continentem
1882 3720 2167 3770 orationem.
2202 3735 2250 3764 ιη
2283 3717 2524 3780 aliquibus
2556 3715 2733 3762 codici,

492 3799 577 3846 bas
609 3813 771 3846 saneto
806 3803 1057 3848 Anastasio
1092 3805 1319 3851 adscribi.
1713 3790 1723 3797 .

2923 187 2930 193 u

2950 830 2970 987 affl-*mm
2964 747 2970 815 ..—.-
2959 446 2970 733 ‹ms*-an—2..-¹v.m...
2966 388 2970 421 ,η
2965 310 2970 330 t.
2964 286 2965 289 „
2958 151 2970 254 „fv-nn*
2960 126 2970 142 ..τ
