2970 4420
432 296 541 328 XLIV
606 292 609 301 '
1347 290 1520 324 NICOLAI
1555 289 1759 322 ALEMANN
1763 291 1778 321 1

437 372 588 414 festum
618 368 717 412 olim
747 370 815 424 agi
847 368 1111 411 consuevisse
1141 368 1278 423 pridie
1309 366 1560 409 celebritatis
1587 365 1792 420 principis
1819 364 2134 420 apostolorum,
2166 377 2252 410 non
2278 370 2419 410 autem
2448 369 2600 411 Leonis
2627 382 2694 411 se·

438 442 593 496 cundi,
627 446 675 484 ut
704 442 748 484 in
778 452 956 484 romano
987 452 1101 482 nunc
1132 439 1342 496 breviario
1373 435 1701 492 praescribitur,
1736 441 1779 478 et
1807 438 1851 478 in
1880 437 1972 479 aliis
2003 449 2113 493 quae
2140 438 2194 482 ad
2222 441 2386 483 romani
2421 439 2694 484 consuetudiss

437 526 533 556 nem
563 517 658 555 ante
690 513 853 567 aliquot
879 523 1012 553 annos
1039 510 1306 553 conformata
1329 511 1442 550 sunt.
1476 507 1583 548 Nam
1612 504 1741 560 illud,
1767 507 1886 562 quod
1917 519 2046 563 supra
2077 509 2204 552 etiam
2233 512 2401 564 monui,
2426 511 2551 567 plane
2582 517 2695 554 extra

438 584 771 627 controversiam
800 587 887 634 est,
921 586 1163 623 sanctorum
1190 579 1489 622 sollemnitates
1515 579 1651 632 magis
1676 578 1925 631 illustrium,
1952 591 2062 634 quae
2086 579 2197 623 intra
2224 581 2489 625 sollemnium
2517 584 2694 638 quadra-

437 655 622 709 gesimae
653 654 907 696 ieiuniorum
941 656 1129 707 tempus,
1162 651 1231 692 vel
1264 650 1353 692 dies
1389 649 1604 704 paschales
1637 650 1855 716 incidunt,
1887 651 1931 692 in
1965 650 2090 693 aliam
2126 652 2243 694 reiici
2276 654 2637 708 opportunitatem
2673 667 2697 696 a

432 726 671 769 maioribus
698 725 990 777 consuevisse;
1023 722 1151 777 idque
1180 722 1402 776 contigisse
1429 733 1557 776 supra
1582 720 1762 764 diximus
1790 722 1907 764 festis
1931 723 2066 764 sancti
2093 723 2317 778 Matthiae,
2347 725 2571 767 cathedrae
2599 738 2696 767 san-

439 799 498 841 cti
523 796 663 849 Petri,
686 795 819 838 sancti
845 795 1036 849 Gregorii
1063 793 1201 846 magni
1217 823 1228 844 ,
1253 796 1295 834 et
1321 792 1452 833 sancti
1477 791 1708 834 Benedicti.
1741 794 1836 834 Hoc
1861 792 1999 847 ipsum
2027 797 2070 836 et
2093 793 2201 837 festo
2226 797 2355 838 sancti
2378 796 2532 839 Leonis
2559 799 2698 851 magni

435 868 595 915 accidit
610 870 787 922 propter
807 865 1065 920 paschalium
1089 864 1252 905 dierum
1269 862 1615 915 sollemnitatem,
1636 864 1679 904 in
1700 876 1809 918 quos
1830 865 2072 918 saepissime
2094 866 2316 920 convenit,
2337 866 2395 909 oh
2414 866 2546 923 idque
2565 871 2700 909 trans-

439 941 571 982 latum
605 938 710 980 illud
742 941 804 979 est
834 936 879 977 in
910 935 1045 991 pridie
1077 935 1172 976 festi
1201 933 1404 988 principis
1429 934 1749 988 apostolorum,
1774 934 1892 989 quod
1923 947 1972 976 ex
2004 936 2303 990 antiquissimis
2331 938 2553 980 ritualibus
2580 938 2699 980 libris

437 1015 571 1066 patet.
607 1011 711 1051 Nam
744 1008 875 1050 sancti
904 1008 1058 1050 Leonis
1092 1017 1226 1061 papae
1255 1017 1412 1047 nomen
1443 1004 1511 1047 die
1547 1006 1693 1061 aprilis
1723 1006 1947 1048 undecima
1979 1018 2119 1061 neque
2147 1008 2191 1049 in
2225 1008 2354 1050 veteri
2388 1010 2698 1064 martyrologio

442 1093 621 1124 romano
637 1113 648 1134 ,
675 1091 812 1134 neque
836 1078 948 1133 apud
976 1077 1196 1128 Adonem,
1218 1087 1354 1131 neque
1377 1077 1421 1118 in
1452 1076 1630 1131 antiquo
1656 1077 1884 1119 orationali
1907 1078 2101 1120 vaticano
2128 1090 2170 1120 n.
2198 1079 2336 1134 4772,
2358 1091 2498 1134 neque
2525 1081 2570 1122 in
2596 1083 2700 1122 mis-

442 1152 519 1194 sali
546 1150 829 1192 vetustissimo
859 1160 976 1191 num.
1007 1149 1148 1201 4770,
1173 1159 1311 1202 neque
1333 1147 1378 1189 in
1411 1148 1700 1190 sacramentali
1733 1149 1987 1204 gregoriano
2012 1160 2192 1204 usquam
2225 1154 2418 1204 apparet.
2451 1151 2590 1193 Immo
2613 1164 2700 1193 non

444 1223 677 1273 Mantuani,
701 1233 787 1262 non
806 1218 1086 1262 Vercellenses
1100 1251 1111 1272 ,
1137 1230 1225 1260 non
1249 1221 1453 1272 Aptenses
1469 1250 1480 1272 ,
1505 1231 1593 1261 non
1612 1220 1857 1270 Trecenses,
1881 1232 1968 1261 non
1989 1219 2254 1274 Anicienses,
2278 1232 2366 1264 non
2388 1220 2571 1276 denique
2592 1222 2703 1264 chri·

443 1295 600 1336 stianae
633 1296 777 1346 gentes
813 1293 1028 1344 quotquot
1058 1294 1174 1331 trans
1208 1293 1374 1332 montes
1407 1294 1531 1343 sunt,
1564 1303 1611 1332 ea
1642 1291 1789 1346 aprilis
1824 1291 1891 1333 die
1922 1292 2076 1333 Leonis
2109 1292 2356 1334 memoriam
2389 1295 2542 1346 ag‘unt,
2575 1297 2624 1334 ut
2652 1306 2701 1335 ex

442 1365 611 1406 illorum
639 1364 784 1417 priscis
811 1360 1026 1402 breviariis
1052 1361 1213 1415 liquet:
1239 1365 1370 1415 agunt
1395 1365 1533 1403 autem
1558 1374 1702 1405 omnes
1733 1362 1800 1404 die
1830 1363 2027 1416 vigesima
2058 1366 2207 1405 octava
2233 1363 2363 1417 iunii,
2386 1368 2428 1405 et
2461 1376 2607 1405 omnes
2639 1364 2699 1405 illi

440 1436 608 1477 rituales
628 1434 749 1487 libri,
775 1444 884 1487 quos
904 1431 1035 1473 modo
1060 1432 1303 1486 percensui,
1328 1432 1474 1475 eadem
1502 1433 1570 1475 die
1593 1437 1787 1475 notatum
1807 1433 1967 1475 habent
1983 1433 2135 1476 Leonis
2157 1446 2327 1476 nomen.
2353 1434 2434 1476 Hic
2459 1447 2583 1488 vero,
2610 1436 2703 1489 quis

444 1505 708 1560 pertinaciter
736 1503 965 1546 contendat
996 1502 1102 1545 illud
1134 1516 1289 1546 nomen
1321 1516 1407 1546 non
1434 1505 1562 1559 primi
1589 1506 1743 1547 Leonis
1775 1517 1886 1557 esse,
1918 1504 1992 1547 sed
2021 1504 2228 1547 secundi?
2259 1517 2354 1548 nam
2381 1510 2550 1560 praeter
2577 1517 2703 1560 quam

445 1578 562 1632 quod
592 1589 670 1619 nos
700 1576 743 1618 id
775 1575 974 1627 credere,
1008 1587 1206 1628 magnum
1236 1579 1278 1616 et
1308 1588 1357 1616 cx
1387 1576 1501 1617 omni
1535 1576 1784 1630 antiquitate
1815 1574 2054 1618 venerabile
2087 1574 2212 1630 primi
2241 1577 2397 1618 Leonis
2428 1588 2582 1619 nomen
2617 1589 2700 1618 non

444 1649 671 1703 permittit;
694 1660 782 1689 non
810 1646 952 1702 potuit
982 1658 1080 1687 sane
1106 1646 1337 1700 Gregorius
1366 1657 1544 1700 magnus
1572 1647 1617 1687 in
1644 1658 1721 1688 suo
1746 1646 2032 1689 sacramentali
2062 1646 2236 1690 secundi
2261 1646 2415 1703 Leonis
2441 1648 2701 1702 meminisse,

445 1720 518 1774 qui
546 1724 713 1761 centum
740 1719 858 1760 annis
886 1721 1064 1759 aetatem
1092 1717 1202 1759 illius
1233 1720 1441 1759 vetustate
1473 1722 1667 1772 superat3
1695 1729 1833 1772 neque
1855 1718 1899 1758 in
1926 1717 2210 1759 vetustissimo
2234 1716 2308 1760 illo
2330 1717 2488 1760 missali
2510 1718 2704 1760 vaticano

446 1792 535 1832 eius
563 1790 715 1832 festum
746 1790 888 1844 potuit
925 1788 1192 1842 consignari3
1226 1787 1344 1842 quod
1377 1787 1565 1830 eiusdem
1601 1788 1753 1830 Leonis
1785 1793 1961 1830 aetatem
1994 1793 2221 1844 exaequat,
2255 1789 2333 1831 nisi
2363 1789 2489 1830 etiam
2517 1794 2700 1844 superat.

446 1866 608 1906 Auctor
643 1860 889 1916 appendicis
926 1858 980 1901 ad
1015 1859 1369 1914 martyrologium
1403 1858 1564 1901 Adonis
1600 1860 1709 1902 male
1742 1864 1912 1910 cautus,
1946 1861 2017 1914 qui
2058 1859 2162 1901 haec
2196 1872 2283 1901 non
2323 1859 2451 1910 vidit,
2484 1861 2705 1915 utriusque

442 1934 597 1976 Leonis
623 1933 844 1975 historiam
874 1930 1090 1985 confudit,
1114 1931 1167 1971 ‘et
1197 1922 1255 1972 exx
1278 1929 1446 1973 duobus
1474 1943 1607 1972 unum
1637 1931 1852 1973 conflavit.
1888 1931 2002 1972 Haec
2030 1930 2254 1972 hactenus.

516 2016 519 2022 ·
1392 2004 1530 2054 lmaqo
1559 2006 1738 2055 septima.

563 2078 737 2118 Petasus
765 2074 1031 2129 apostolum,
1057 2073 1181 2115 clavis
1212 2074 1385 2115 Petrum
1412 2072 1526 2114 hunc
1554 2085 1641 2115 esse
1666 2072 1852 2126 indicat3
1879 2073 1931 2115 de
1961 2077 2145 2127 utroque
2175 2074 2327 2127 insigni
2350 2086 2481 2129 supra
2500 2074 2701 2117 diximus.

446 2150 530 2198 Cur
565 2152 704 2190 autem
738 2147 856 2188 solus
892 2148 1041 2188 Petrus
1075 2146 1288 2200 pingitur,
1320 2143 1396 2186 ubi
1430 2157 1525 2186 cum
1554 2146 1682 2186 Petro
1718 2145 1837 2186 Pauli
1870 2157 2043 2199 quoque
2075 2145 2231 2187 festum
2263 2145 2529 2187 celebratur?
2555 2146 2706 2188 Serva-—

441 2222 507 2262 vit
545 2220 683 2274 pictor
719 2222 906 2259 veterem
945 2215 1313 2268 consuetudinem,
1346 2219 1388 2257 et
1423 2216 1660 2270 priscorum
1697 2214 2042 2257 kalendariorum
2082 2216 2256 2269 titulos,
2288 2220 2332 2258 in
2374 2212 2529 2271 quibus
2567 2217 2708 2271 vigilia

447 2290 614 2345 quidem
645 2290 864 2343 utriusque
895 2287 1078 2348 apostoli
1106 2288 1276 2329 nomine
1292 2317 1303 2338 ‚
1329 2287 1589 2341 coniunctim
1611 2291 1805 2339 notatur,
1831 2286 1921 2329 dies
1947 2299 2048 2328 vero
2074 2286 2174 2328 festi
2202 2299 2395 2330 seorsum
2413 2287 2495 2329 hac
2517 2289 2702 2330 ratione:

450 2364 526 2403 IV.
560 2352 641 2402 Ιέαί.
675 2362 766 2401 iulii
804 2361 945 2412 viqilia
979 2359 1242 2411 apostolorum
1277 2358 1394 2398 Petri
1429 2363 1468 2398 et
1504 2360 1642 2399 Pauli.
1683 2359 1772 2399 Hos
1802 2357 1949 2400 titulos
1987 2358 2168 2411 legimus
2206 2359 2250 2399 in
2284 2358 2492 2400 lectionali
2528 2370 2705 2400 romano

444 2445 495 2474 n.
530 2432 667 2483 5729,
699 2433 742 2471 in
776 2429 932 2471 missali
963 2429 1251 2482 antiquissimo
1284 2440 1328 2469 n.
1365 2429 1501 2480 4770,
1529 2429 1574 2469 in
1607 2427 1830 2469 orationali
1861 2441 1904 2469 n.
1936 2428 2078 2480 4772,
2113 2432 2155 2470 et
2184 2428 2227 2469 in
2257 2428 2547 2470 sacramentali
2577 2430 2708 2471 sancti
2777 2455 2779 2457 -

450 2503 667 2556 Gregorii,
700 2512 955 2556 quamquam
993 2499 1301 2541 sacramentalis
1342 2503 1383 2540 et
1421 2498 1703 2552 antiphonarii
1741 2498 1854 2540 tituli
1890 2499 2184 2541 committendi
2221 2489 2344 2552 sunt‘,
2378 2503 2421 2541 et
2456 2511 2506 2541 ex
2545 2499 2610 2542 his
2647 2499 2707 2541 illi

450 2573 645 2616 nonnihil
678 2572 941 2615 emendandi.
975 2571 1054 2613 Sed
1086 2569 1445 2625 quemadmodum
1471 2571 1550 2612 III.
1582 2569 1783 2612 kalendas
1812 2570 1935 2612 iulias
1968 2572 2080 2613 Petri
2106 2571 2258 2616 festum
2291 2572 2456 2625 agitur,
2492 2573 2708 2614 interiecta

450 2645 572 2688 Pauli
600 2644 828 2696 memoria,
855 2644 915 2685 ita
941 2643 1000 2684 Π.
1032 2642 1117 2684 kal.
1149 2642 1271 2684 iulias
1300 2641 1419 2684 Pauli
1453 2642 1712 2683 sollemnitas
1742 2641 2006 2695 celebratur,
2034 2639 2150 2684 Petri
2185 2643 2355 2684 nomine
2386 2642 2610 2685 cumulata.
2642 2645 2708 2685 Sic

449 2719 559 2761 duos
589 2718 881 2773 apostolorum
914 2717 1136 2770 primates,
1170 2715 1267 2756 licet
1300 2714 1548 2756 auctoritate
1578 2714 1787 2768 dispares,
1823 2713 2059 2755 honoribus
2089 2718 2254 2766 tamen,
2287 2718 2330 2755 et
2360 2714 2478 2756 cultu
2514 2714 2709 2768 aequales

437 2790 554 2831 *fecit
583 2788 833 2843 antiquitas,
859 2791 902 2829 et
932 2800 957 2828 a
985 2787 1197 2841 principio
1228 2785 1397 2840 quidem
1424 2786 1536 2828 diem
1566 2785 1860 2839 apostolorum
1889 2786 2001 2827 Petri
2025 2789 2066 2826 et
2088 2785 2209 2827 Pauli
2235 2783 2301 2827 bis
2326 2785 2479 2827 festum
2512 2786 2582 2836 (ut
2606 2786 2711 2827 Pru-

459 2861 624 2903 dentius
656 2859 874 2915 loquitur)
904 2858 1073 2900 colebat
1106 2854 1235 2899 Semel
1270 2857 1315 2898 in
1350 2857 1567 2910 vaticano3
1600 2856 1756 2898 iterum
1786 2855 1852 2898 via
1883 2855 2091 2908 Ostiensi,
2124 2855 2201 2901 ubi
2231 2855 2352 2898 Pauli
2381 2855 2586 2910 templum
2621 2859 2706 2898 est:

443 2933 734 2974 ‘transtiberina
757 2933 876 2983 prius
904 2931 1020 2971 solvit
1046 2942 1159 2970 sacra
1181 2930 1360 2982 perviqil
1386 2928 1584 2979 sacerdos,
1618 2940 1712 2968 mooe
1739 2928 1802 2967 laio
1831 2928 2005 2968 recurrit
2031 2928 2288 2980 duplicatque
2317 2932 2421 2968 vota.
2451 2925 2506 2968 Id
2534 2926 2711 2968 fortasse

451 3016 535 3045 una
558 3002 789 3057 eademque
814 3002 883 3044 die
907 2997 1301 3056 perincommodum
1321 3000 1429 3051 fuit3
1455 3011 1584 3054 quare
1607 2997 2130 3054 posterioreapontifices,
2154 2998 2216 3040 ita
2240 3003 2289 3039 ut
2312 2997 2443 3040 modo
2470 2997 2579 3049 dixi,
2605 2996 2711 3038 festa

454 3074 701 3116 diviserunt.
725 3074 871 3115 Gracci
894 3078 1077 3115 veterem
1098 3083 1261 3113 morem
1284 3071 1487 3122 retinent,
1510 3082 1594 3111 una
1617 3069 1845 3124 cademque
1864 3069 1932 3123 die
1958 3071 2130 3114 Petrum
2150 3071 2193 3110 et
2215 3068 2392 3110 Paulum
2415 3065 2711 3111 communibus

450 3142 666 3186 celebrant
700 3144 960 3196 honoribus3
987 3143 1263 3196 consequenti
1293 3154 1418 3192 vero,
1444 3154 1554 3195 quae
1582 3145 1645 3183 est
1673 3140 1813 3196 pridie
1837 3130 2038 3192 kalendas
2062 3139 2209 3191 iulias,
2235 3139 2424 3180 omnium
2449 3137 2573 3178 simul
2603 3149 2711 3190 apo-

455 3215 662 3256 stolorum
689 3215 842 3256 festum
876 3219 1099 3269 per.agunt
1135 3214 1220 3255 Cur
1252 3226 1351 3256 vero
1377 3213 1502 3255 huius
1524 3213 1739 3267 pugillaris
1763 3216 1923 3259 auctor
1921 3211 1994 3253 fl.
2001 3209 2220 3252 &alendas
2243 3209 2365 3250 iulias
2385 3207 2503 3249 Pauli
2530 3207 2707 3261 festum,

454 3298 583 3339 quam
613 3287 739 3328 hodie
764 3287 882 3329 Pauli
904 3286 1345 3328 commemorationem
1376 3296 1573 3326 vocamus
1587 3317 1598 3337 ‚
1623 3283 1693 3324 hic
1715 3294 1801 3324 non
1823 3277 2076 3338 ,apposuerit
2097 3293 2147 3323 ea
2174 3284 2237 3322 est
2262 3280 2396 3332 ratio,
2419 3263 2540 3337 quod
2563 3279 2711 3320 nefasti

460 3356 756 3398 tantummodo
778 3357 847 3398 hic
871 3357 959 3399 dies
980 3361 1203 3409 notantur,
1226 3356 1296 3397 ille
1318 3368 1419 3398 vero
1441 3342 1561 3397 Pauli
1579 3351 1990 3396 commemorationis
2011 3350 2141 3393 fastus
2162 3350 2262 3392 olim
2285 3349 2388 3403 fuit,
2413 3346 2459 3405 ut
2478 3348 2707 3404 hodieque.

575 3426 742 3467 Tabella
775 3439 884 3480 quae
915 3427 1161 3469 continebat
1193 3438 1353 3468 menses
1382 3425 1532 3467 iulium
1561 3429 1603 3466 et
1629 3429 1854 3477 augustum
1891 3421 2117 3499 intercidit.

783 3531 993 3582 QUARTAE'
1019 3546 1244 3577 TABELLAE
1273 3545 1416 3576 PRIMA
1447 3544 1596 3575 FACIES
1622 3543 1843 3573 colinum·
1875 3540 2053 3572 mmmm
2082 3540 2390 3571 SEPTEMBRRM.

1425 3642 1561 3693 [mayn
1594 3642 1746 3691 prima.

580 3710 631 3751 In
666 3710 950 3757 vetustissimo
986 3711 1138 3752 missali
1173 3712 1365 3754 vaticano
1401 3716 1498 3753 ante
1533 3702 1801 3763 octingentos
1827 3707 1924 3749 'fere
1961 3718 2094 3749 annos
2129 3706 2175 3747 in
2210 3703 2464 3747 membranis
2498 3704 2713 3759 descripto

462 3780 653 3822 kalendis
683 3776 932 3835 septembris
963 3785 1075 3822 extat
1104 3781 1306 3823 festivitas
1329 3772 1551 3824 duodecim
1580 3780 1784 3833 fratrum,
1807 3781 1991 3838 quorum
2013 3788 2280 3820 numerosam
2306 3787 2473 3817 manum
2505 3776 2547 3816 in
2579 3788 2715 3830 angu-

462 3855 532 3893 sto
564 3850 760 3894 codicillo
792 3849 951 3904 duplici
979 3853 1140 3893 tantum
1167 3851 1346 3906 imagine
1365 3850 1558 3894 indicare
1583 3850 1684 3893 satis
1706 3862 1794 3892 esse
1825 3849 1964 3904 pictor
1993 3846 2256 3890 existimavit.
2290 3846 2410 3889 Extat
2432 3845 2575 3890 eadem
2603 3845 2717 3887 festi-
