2970 4420
459 284 550 330 140
1406 298 1557 329 moins
1590 297 1768 330 Anu-ru

443 396 576 436 -tate;
604 395 774 430 contra
799 382 1226 438 Melchisedecitas5
1252 394 1419 429 contra
1439 383 1645 429 Iudaeos
1668 383 1727 429 de
1747 383 2090 445 resurrectione
2119 398 2412 433 mortuorum
2421 406 2438 442 ,-
2465 386 2523 433 de
2546 387 2714 435 anima

452 472 620 506 contra
653 460 867 507 diversas
900 462 957 520 de
987 476 1044 507 ea
1077 473 1252 513 sectas;
1280 459 1348 505 ad
1381 458 1669 508 Gratianum
1701 459 1894 524 capita‚·
1920 465 2086 508 contra
2117 475 2410 511 astronomos
2436 480 2487 514 vet
2512 466 2714 512 astrolo-

452 554 538 601 gos
560 550 606 583 et
627 528 841 600 satum}
856 539 913 584 de
943 539 1148 602 sphaera
1174 538 1286 583 item
1310 552 1368 582 ac
1392 537 1449 582 de
1473 548 1649 601 septem
1673 537 1833 589 zonis,
1862 549 1908 583 et
1933 538 1991 584 de
2009 541 2253 587 contrario
2278 553 2516 588 astrorum
2540 559 2709 596 cursu;

452 616 510 661 de
533 615 810 680 Hipparchi
831 615 1063 679 sphaera‚·
1093 614 1150 660 de
1178 613 1482 677 providentia
1506 626 1674 660 contra
1698 615 1974 668 Platonem,-
2001 615 2058 662 de
2080 618 2181 663 ‚Deo
2215 630 2260 663 et
2294 618 2414 672 diis,·
2442 619 2499 665 de
2529 631 2711 666 natura

453 705 499 739 et
522 693 754 745 materia,
785 693 868 739 ubi
893 703 1070 738 tractat
1099 691 1218 754 quid
1240 690 1417 736 iustum
1441 689 1532 744 sit,·⁴
1553 690 1612 736 de
1632 692 1755 742 Deo.
1787 703 1833 737 et
1844 692 1988 754 salsa
2013 693 2299 740 Graecorum
2325 695 2548 742 materia.
2578 697 2716 752 Quod

454 784 578 832 quae
617 770 704 816 sub
742 781 935 833 aspectu
970 785 1064 814 non
1098 767 1297 817 cadunt,
1335 783 1393 812 ea
1427 784 1520 813 non
1561 784 1624 813 ex
1657 768 1922 819 elementis,
1951 768 2036 814 sed
2063 785 2167 815 -una
2202 787 2309 817 cum
2345 772 2584 818 elementis
2616 772 2711 818 sint

441 843 593 904 facta
617 862 683 890 ex
708 844 885 897 nihilo,·
913 843 981 889 ad
1003 842 1333 906 Euphronium
1351 842 1687 908 philosophum
1707 860 1797 908 per
1822 840 2247 908 interrogationem
2270 859 2316 893 et
2335 849 2709 911 responsionem,-

455 933 623 967 contra
649 922 945 967 Aristotelem
974 921 1031 966 de
1063 937 1256 984 corpore
1286 921 1478 966 caelesti
1484 940 1500 974 ,-
1526 921 1758 984 quomodo
1781 921 1968 968 calidus
1993 921 2055 968 sit
2078 923 2152 969 sol
2157 942 2173 976 ,-
2199 934 2367 971 contra
2395 941 2470 971 eos
2493 926 2579 988 qui
2603 926 2738 972 ani-'

454 999 559 1044 mal
593 998 759 1046 dicunt
791 1015 888 1044 esse
927 999 1138 1050 caelum;
1172 997 1405 1059 quomodo
1441 1012 1624 1062 semper
1660 998 1883 1045 extiterit
1914 998 2110 1062 opifex,
2145 999 2389 1063 opificium
2422 1014 2583 1049 autem
2618 1020 2713 1049 non

454 1092 658 1139 semper;
685 1075 916 1138 quomodo
952 1076 1063 1123 velle
1097 1086 1141 1120 et
1171 1075 1295 1121 nolle
1323 1073 1437 1120 insit
1471 1087 1661 1122 aeterno
1690 1077 1819 1129 Deo,·
1847 1086 2015 1122 contra
2045 1074 2364 1140 Porphyrium
2392 1078 2450 1124 de
2481 1079 2711 1127 animali-

458 1153 543 1198 bus
566 1165 612 1198 et
636 1152 854 1200 victimis.
883 1154 943 1205 Et.
963 1161 1142 1215 partem
1164 1167 1328 1199 eorum
1348 1150 1615 1199 Hebediesu
1637 1154 1883 1216 episcopus
1906 1151 2055 1199 Sobae
2079 1162 2126 1199 et
2146 1154 2390 1200 Armeniae
2415 1170 2516 1218 cap.
2543 1157 2618 1203 18.
2646 1155 2710 1218 (1)

455 1229 695 1276 Diodorus
725 1229 963 1275 Tarsensis
995 1228 1257 1293 composuit
1285 1228 1428 1276 libros
1454 1246 1650 1276 numero
1683 1229 1970 1293 sexaginta,
2002 1246 2118 1292 quos
2139 1229 2315 1277 Ariani
2336 1231 2709 1294 combusserunt,-

451 1319 897 1369 remanseruntque,
926 1323 1042 1369 quos
1067 1306 1167 1352 iam
1191 1323 1295 1353 sum
1320 1318 1793 1373 commemoraturus.
1822 1306 1963 1354 Liber
1989 1306 2048 1353 de
2069 1306 2444 1371 dispensatione,
2473 1308 2593 1355 liber
2614 1308 2713 1355 dis-

456 1384 703 1429 solutionis
738 1384 1046 1447 astrologiae.
1083 1386 1206 1430 Item
1240 1383 1367 1429 alius
1396 1395 1564 1430 contra
1588 1382 1941 1433 Eunomianose
1966 1382 2093 1430 alius
2116 1394 2283 1431 contra
2317 1384 2604 1440 haereticos,·
2628 1403 2713 1432 nec

456 1478 550 1506 non
581 1463 705 1507 alter
738 1473 904 1507 contra
935 1461 1167 1514 Iudaeos,·
1199 1473 1243 1507 et
1279 1461 1503 1508 adversus
1536 1459 1868 1514 Manichaeos‚·
1900 1472 1945 1507 et
1977 1460 2202 1508 adversus
2236 1461 2578 1525 Apollinarem.
2617 1463 2713 1509 De-

458 1556 587 1584 mum
620 1538 856 1603 expositio
892 1538 942 1584 in
974 1550 1165 1602 partem
1198 1537 1452 1585 Matthaei.
2476 1584 2478 1586 ,

585 1618 713 1678 Legit
745 1617 888 1678 ipsius
919 1615 1141 1662 adversus
1174 1615 1319 1663 fatum
1351 1615 1498 1662 libros
1514 1616 1640 1662 vlu.
1674 1614 1823 1662 tribus
1852 1623 1899 1662 et
1929 1616 2263 1677 quinquaginta
2292 1614 2518 1679 capitibus
2548 1615 2713 1675 distin-

450 1704 554 1741 ·clos
577 1694 768 1740 Photius
792 1693 897 1740 cod.
926 1695 1044 1747 223,
1073 1702 1118 1740 et
1141 1709 1196 1740 ex
1218 1694 1273 1739 iis
1298 1693 1508 1755 digniora
1533 1693 1581 1739 in
1606 1685 1737 1739 suain
1761 1690 2089 1739 bibliothecam
2119 1693 2433 1755 copiosissime
2457 1681 2707 1740 transtulit.

438 1772 711 1818 Audiamus
743 1787 862 1833 quae
896 1771 954 1817 de
988 1772 1101 1817 tanti
1134 1771 1223 1817 viri
1257 1770 1412 1817 studio
1447 1779 1585 1832 atque
1620 1770 1807 1831 ingenio
1841 1772 1889 1816 in
1922 1779 2247 1832 excerptorum
2286 1770 2516 1831 principio
2549 1770 2706 1834 tradit.

452 1838 778 1911 Ἂνεγνώσθη
817 1843 1028 1906 βιβλίον
1066 1835 1647 1911 Θεοδώρουέπισκόπου
1684 1836 1894 1910 Ταρσοὸ
1926 1835 2058 1890 κατὰ
2097 1834 2400 1910 εἱμαρμένης
2440 1836 2485 1891 ἐν
2519 1835 2712 1909 λόγοις

456 1916 548 1986 μὲν
585 1916 742 1978 ὀκτὼ,
778 1919 1081 1980 κεφαλαίοις
1120 1913 1172 1967 δὲ
1208 1913 1342 1989 τρισὶ
1382 1913 1466 1968 καὶ
1506 1910 1834 1970 πεντήκοντά
1873 1911 1978 1967 ἔστι
2015 1909 2106 1983 μὲν
2141 1910 2226 1969 οὖν
2264 1913 2308 1967 ἐν
2343 1911 2545 1974 τούτοις
2579 1913 2710 1967 εὔσε·

458 1994 563 2058 βῶν
596 1993 619 2045 ὁ
657 1992 802 2067 ἀνὴρ,
835 1991 917 2046 καὶ
954 1990 1070 2045 οὐδὲ
1105 1991 1212 2066 περὶ
1245 1988 1330 2048 την
1366 1988 1528 2064 δόξαν
1563 1990 1658 2044 τοῦ
1690 1988 1811 2043 υἱοῦ
1839 1989 1935 2043 τοῦ
1963 1989 2127 2052 θεοῦ,
2161 1987 2213 2047 ἣν
2246 1990 2271 2047 ἦ
2305 1991 2401 2042 ero&
2432 1994 2708 2063 Νεστοριόυ

458 2068 631 2124 λύσσα
666 2067 1024 2142 διασπαράτὙει
1064 2067 1439 2141 σφαλλόμενος·
1475 2066 1586 2128 τοῖς
1622 2063 2129 2139 ὃὲχὲπιχειρήμασιν,
2164 2063 2269 2120 ἔστι
2298 2063 2390 2136 μὲν
2428 2062 2507 2127 οἷς
2543 2064 2708 2139 ὀρθῶς

455 2170 505 2200 τε
544 2147 625 2202 καὶ
665 2147 857 2213 εὐφυῶς
895 2145 1207 2213 ἐπιβάλλει,
1238 2143 1517 2215 διελεΤχων
1545 2139 1667 2204 τούς
1693 2141 1779 2201 τὴν
1814 2140 2116 2215 εἱμαρμένην
2154 2140 2481 2215 ὃοξάζονὙας”
2513 2139 2614 2197 ἕσὟι
2651 2139 2713 2196 δέ

454 2223 547 2276 που
583 2223 705 2296 πρὸς
739 2223 890 2294 μόνον
918 2220 978 2275 ‘rox
1008 2220 1306 2290 φαινόμενον
1332 2220 1418 2276 τὸν
1454 2220 1634 2296 οἶγῶνα
1667 2218 1837 2293 φέρει,
1869 2218 1953 2272 καὶ
1992 2216 2124 2291 μηδὲ
2156 2219 2329 2285 σαφῶς
2360 2217 2418 2272 τὸ
2453 2220 2549 2274 τῶν
2580 2218 2711 2275 ἐναν-

455 2305 570 2355 τίων
604 2301 891 2374 ἐξακριβᾰῖν
926 2295 1102 2370 δοΎμα·
1131 2295 1243 2354 ὅθεν
1275 2296 1533 2359 πολλάκις
1571 2297 1661 2350 οὐκ,
1697 2296 1929 2358 ἐκείνοις,
1956 2295 2077 2369 πρὸς
2113 2292 2199 2357 οὓς
2235 2296 2259 2348 ὁ
2297 2293 2552 2366 πόλεμος,
2577 2295 2706 2349 ’ἄλλ’

459 2375 650 2449 ἑτέροις
684 2378 893 2449 μᾶλλον
929 2374 1126 2449 δόξειεν
1162 2373 1220 2446 ἂν
1256 2371 1627 2447 διαμάχεσθαι·
1655 2370 1782 2430 πλὴν
1816 2369 1846 2425 ὅ
1876 2370 2221 2445 γεκεῦΓνώμων
2253 2371 2422 2446 κριτὴς
2455 2372 2556 2441 οὐχ
2586 2368 2707 2444 ὑπὲρ

452 2450 521 2508 ὧν
559 2456 648 2507 οὐκ
685 2452 943 2524 εὐστόχως
982 2454 1194 2522 ἐνιαχοῦ
1228 2451 1433 2524 φέρεται
1470 2449 1770 2522 μωμήσαιτο
1808 2445 1899 2511 ἂν,
1936 2448 2055 2522 ὑπὲρ
2095 2445 2159 2503 ὧν
2196 2446 2249 2502 δὲ
2290 2445 2583 2520 σπουδάζει
2620 2449 2708 2509 τῆς

458 2530 763 2603 εἱμαρμένης
795 2528 986 2588 πλάνην
1022 2529 1369 2602 κατενεγκεῖν,
1403 2527 1486 2583 καὶ
1526 2527 1590 2588 ὦς
1628 2527 1719 2580 οὐκ
1754 2526 1800 2581 ἐν
1838 2525 2048 2599 ὀλίγοις
2083 2524 2186 2579 κατ’
2226 2525 2383 2585 αὐτῆς
2420 2522 2710 2595 εὐδοκιμεῖ,

457 2608 543 2662 τὸν
578 2605 739 2682 ἄνδρα
773 2608 922 2678 τιμῆς
957 2606 1039 2661 καὶ
1071 2605 1290 2680 χάριτος
1319 2604 1472 2677 ἄξιον
1508 2602 1857 2675 οἷνομολογεῖν
1889 2602 1992 2657 ἐστι
2025 2600 2233 2655 δίκαιον.
2269 2613 2462 2657 Lectum
2493 2623 2561 2657 est
2594 2611 2712 2657 Dio-

454 2695 567 2740 dori
595 2694 801 2758 episcopi
832 2693 1057 2740 tarsensis
1089 2710 1205 2757 opus
1236 2692 1458 2738 adversus
1479 2691 1653 2753 satum
1685 2688 1820 2735 libris
1854 2689 1989 2751 VIII..
2022 2703 2081 2733 ac
2107 2687 2264 2734 vtribus
2290 2703 2444 2751 supra
2474 2687 2713 2750 quinqua-

458 2772 598 2835 ginta
629 2771 866 2835 capitibus
898 2770 1200 2820 distinctum,
1228 2768 1398 2832 quibus
1428 2768 1478 2813 in
1502 2763 1638 2813 libris
1667 2765 1780 2830 pius
1812 2764 2004 2828 quidem
2026 2776 2095 2810 est
2126 2763 2204 2810 hic
2233 2764 2456 2827 scriptor,
2482 2780 2631 2826 neque
2663 2763 2713 2809 in

459 2865 564 2894 eam
591 2860 768 2894 sectam
802 2848 859 2894 de
883 2847 974 2893 Dei
998 2848 1108 2907 filio
1140 2862 1278 2909 quem
1310 2845 1463 2909 impia
1485 2843 1699 2890 Nestorii
1722 2842 1879 2888 rabies
1906 2840 2152 2900 dissecuit,
2182 2839 2451 2887 aberrando
2484 2839 2709 2901 deflectit.

470 2927 635 2972 Verum
669 2926 719 2971 in
753 2924 1077 2989 argumentis,
1109 2923 1199 2970 etsi
1221 2922 1460 2986 quaedam
1481 2932 1607 2968 «recte
1639 2919 1759 2966 satis
1786 2911 1844 2965 dc
1869 2918 2063 2964 dextere
2083 2917 2305 2968 adhibet,
2336 2917 2451 2963 dum
2471 2917 2713 2978 satilau-

461 3002 650 3048 datores
674 3014 920 3066 oppugnat
931 3021 946 3055 ,·
977 3001 1104 3047 alitis
1138 3013 1300 3046 tamen
1332 3016 1480 3062 neque
1509 2997 1628 3047 satis
1658 2997 1810 3047 clare,
1840 3011 1987 3058 neque
2019 2995 2139 3040 satis
2163 3005 2386 3040 accurate
2415 2993 2713 3040 adversario-

461 3095 567 3125 rum
593 3081 771 3143 dogma
797 3090 1095 3142 persecutus,
1124 3094 1182 3123 ea
1213 3091 1490 3141 oppugnare
1515 3073 1825 3138 aggreditur,
1855 3088 1977 3136 quae
2000 3071 2199 3136 speciem
2225 3071 2489 3116 dumtaxat
2512 3069 2713 3133 dogma-

463 3157 523 3201 tis
545 3174 668 3219 prae
692 3174 739 3203 se
760 3158 961 3218 ferunt,·
984 3168 1043 3212 ut
1069 3154 1273 3219 proinde
1297 3168 1631 3217 saepenumero
1655 3167 1748 3197 non
1773 3167 1880 3196 cum
1906 3149 2023 3200 illis,
2053 3148 2331 3211 quibuscum
2363 3158 2601 3192 certamen
2633 3162 2713 3193 su-

461 3233 630 3296 scepit,
661 3234 744 3278 sed
764 3250 870 3279 cum
896 3233 1008 3279 aliis
1036 3232 1199 3296 potius
1221 3230 1507 3294 quibusdam
1533 3243 1756 3292 pugnare
1780 3226 2014 3274 videatur.
2048 3226 2349 3286 Quamquam
2374 3223 2486 3268 bene
2511 3221 2713 3268 sentiens

463 3310 663 3360 arbiter,
693 3328 787 3357 non
813 3311 877 3357 -ob
912 3310 965 3356 id
986 3309 1115 3373 quod
1145 3308 1302 3355 minus
1322 3306 1541 3369 feliciter
1570 3304 1750 3351 alicubi
1777 3303 1902 3350 hanc
1932 3319 2034 3349 ,rem
2070 3313 2213 3364 agat,
2244 3299 2574 3363 reprehensum
2606 3314 2713 3344 eum

464 3387 597 3438 velim
626 3406 731 3433 cum
758 3406 820 3433 ex
843 3406 896 3434 eo
920 3389 1089 3434 saltem
1115 3385 1265 3432 honor
1293 3384 1386 3435 illi,
1417 3395 1462 3428 et·
1494 3382 1661 3446 gratia
1682 3381 1850 3427 merito
1874 3380 2126 3429 debeatur,
2155 3377 2282 3440 quod
2303 3393 2398 3421 non
2427 3374 2527 3420 sine
2547 3390 2637 3420 sua
2663 3375 2714 3420 in

464 3464 627 3509 multis
654 3465 819 3516 laude,
850 3465 1052 3511 noxium
1078 3464 1135 3509 de
1153 3463 1272 3526 sato
1297 3476 1505 3507 errorem
1533 3458 1796 3523 opprimere
1819 3456 2064 3503 moliatur.
2102 3456 2157 3501 Et
2179 3456 2227 3500 in
2253 3452 2345 3498 fine
2369 3458 2709 3535 exfcrptorum.

456 3528 600 3582 ’Ἐστι
640 3528 690 3583 δὲ
723 3532 808 3589 τὴν
839 3530 1019 3604 φράσιν
1055 3528 1274 3603 καθαρός
1306 3526 1474 3583 τεκαὶ
1515 3524 1737 3597 εὐκρινης
1774 3525 1797 3576 ὂ
1836 3522 1984 3595 ἀνὴρ,
2012 3522 2123 3583 τοῖς
2158 3517 2210 3573 δὲ
2244 3516 2595 3609 ἐνθῑζυμᾊμᾳσῑ,
2624 3516 2707 3570 καὶ

466 3607 647 3675 afta-(321
679 3606 1081 3679 ἐπιχειρημάτων
1118 3603 1427 3667 διαπλάσει»,
1458 3599 1563 3657 οἷον
1594 3601 1745 3656 αὐτὸν
1779 3599 1902 3654 καὟοὶ
1935 3597 2087 3672 μέρος
2125 3597 2171 3652 ἐν
2207 3618 2262 3665 τῃ
2300 3617 2397 3649 των
2433 3594 2593 3648 λοΓων
2625 3593 2714 3646 αὖ·

467 3683 560 3737 τοῧ
590 3681 920 3754 ὑπεδείξαμεν
950 3684 1160 3755 ἐκλογῇ.
1196 3694 1281 3738 Est
1312 3703 1473 3737 autem
1498 3689 1548 3735 in
1575 3687 1803 3751 loquendo
1826 3701 1980 3750 purus
2010 3695 2152 3746 atque
2178 3681 2453 3730 distinctus,
2482 3679 2715 3725 eiusmodi

559 3806 606 3846 (1)
633 3805 743 3839 Hunc
772 3812 917 3849 quoque
945 3801 1143 3839 articulum
1171 3801 1380 3839 Hebediesu
1410 3800 1456 3839 de
1484 3799 1666 3844 Diodoro,
1692 3797 1897 3837 secundum
1928 3793 2119 3833 Assemani
2147 3792 2336 3829 meliorem
2365 3791 2557 3829 lectionem
2584 3790 2711 3828 recita-

470 3863 616 3907 bimus,
644 3862 708 3909 qui
733 3860 1006 3898 Ecchellensem
1033 3861 1198 3897 correxit.
1226 3863 1271 3897 A.
1298 3862 1349 3896 M.
2450 3871 2452 3873 ·
