2970 4420
144 2768 157 2784 ⁵
184 2767 230 2796 od.
257 2768 382 2796 Κιίοῐιιε.

435 268 495 312 8ῑ
1385 283 1535 314 motus
1568 282 1746 314 ALLArn

434 355 575 413 ποιὸν
600 356 894 429 Ἀθήνῃσιν·
929 359 1084 420 αὐτὸς
1120 356 1176 413 δὲ
1207 357 1319 412 οὔτε
1350 358 1547 419 αὐλοὺς
1578 358 1872 430 ἐγίνωσκεν,
1899 357 2024 415 »οὔτε
2054 359 2202 416 ἄλλο’
2227 385 2274 416 τι
2304 361 2400 418 τῶν
2433 363 2478 419 ἐν
2508 362 2698 430 βαναύ-

436 456 558 497 σοις’
596 435 652 488 ου’
688 431 792 510 γοέρ
829 434 888 492 ἂν
921 434 1038 489 οὐδὲ
1072 436 1159 497 τῆς
1195 437 1243 490 ἐν
1270 435 1541 508 Ὀλυμπία
1575 434 1766 497 εἰκόνος
1805 433 2014 506 ἔτυχεν,
2048 436 2095 491 εἴ
2128 462 2175 492 τι
2213 440 2310 495 τῶν
2349 440 2566 496 εὐτελῶν
2600 441 2697 516 εἶθ.

434 512 644 586 γοῖζετο.
668 523 779 578 Oui
809 540 913 570 vero
941 533 1122 587 putant
1148 525 1409 568 Isocratem
1439 521 1707 585 perstringi
1736 522 1784 567 in
1815 523 2092 575 comoediis,
2123 537 2175 571 ut
2200 526 2433 583 tibiarum
2455 526 2690 588 fabrum,

419 601 690 662 falluntur.
728 602 857 646 Nam
887 590 1029 663 pater
1060 599 1106 643 ei
1132 598 1396 643 Theodorus
1425 598 1548 656 suit,
1580 615 1719 661 quem
1741 598 1951 660 fabrum
1985 601 2218 648 tibiarum
2251 602 2448 651 Athenis
2479 606 2696 668 appella-

433 678 564 724 bant.
604 680 628 724 Ι
628 695 711 741 pse
735 695 839 725 vero
862 695 1010 740 neque
1031 676 1176 721 tibias
1200 687 1361 725 norat,
1392 692 1541 738 neque
1565 676 1707 722 aliud
1728 677 1985 739 quicquam
2014 678 2200 741 opificii
2218 681 2420 727 sordidi.
2450 683 2547 727 Nec
2568 682 2694 728 enim

434 754 685 817 Olympiae
717 767 930 799 statuam
960 764 1231 798 consecutus
1262 763 1400 802 esset,
1430 752 1475 797 si
1504 753 1628 798 ullas
1662 753 1774 799 viles
1805 769 1973 816 operas
1998 755 2216 815 fecisset.

561 832 721 877 XXIII.
761 830 1027 876 Herodotus
1050 822 1163 874 item
1190 827 1594 875 halicarnassensis
1627 829 1818 876 fratrem
1850 828 2013 876 habuit
2038 832 2353 880 Theodorum.
2393 835 2558 881 Suidas
2587 851 2690 882 voc.

427 896 718 970 ’Ἡρόδοτος
755 908 841 953 Sed
878 907 989 952 haec
1022 905 1290 951 minutiora.
1987 902 1990 904 ’

558 987 716 1032 XXIV.
737 985 1008 1031 Theodorus
1027 985 1196 1029 samius
1214 985 1335 1029 inter
1348 999 1443 1030 non
1459 983 1687 1045 ignobiles
1701 985 1904 1046 pictores
1922 984 2186 1032 recensetur
2204 1002 2229 1033 a
2245 988 2395 1036 Plinio
2414 988 2497 1035 lib.
2510 974 2690 1036 XXXV.

430 1079 532 1125 cap.
567 1067 642 1110 11.
672 1072 718 1109 et
742 1064 866 1108 illius
894 1063 1094 1123 picturas
1116 1076 1305 1123 quoque
1330 1061 1489 1107 refert.
1528 1061 1687 1107 Simus
1714 1061 1881 1125 pina-ic
1908 1061 2120 1109 iuvenem
2152 1065 2516 1127 requiescentem
2544 1066 2594 1112 in
2617 1067 2695 1127 os-

420 1140 577 1201 ficina
606 1139 831 1199 fullonis,
865 1138 1185 1201 quinquatrus
1221 1137 1564 1186 celebrantem.-
1603 1138 1819 1201 idemque
1850 1139 2088 1186 Nemesim
2122 1141 2388 1204 egregiam.
2429 1137 2694 1190 Theodorus

430 1233 534 1262 vero
559 1228 886 1279 emungentem
915 1215 1000 1278 (1):
1030 1214 1156 1277 idem
1182 1214 1244 1260 ab
1278 1216 1439 1260 Oreste
1463 1227 1668 1261 matrem
1693 1227 1738 1260 et
1763 1216 2012 1279 Aegistum
2038 1217 2272 1276 interfici:
2301 1214 2563 1282 bellumque
2584 1220 2694 1266 ilia-

429 1310 535 1338 cum
561 1292 779 1356 pluribus
805 1292 1003 1342 tabulis,
1034 1292 1162 1353 quod
1187 1303 1255 1337 est
1279 1294 1456 1337 Romae
1482 1292 1530 1337 in
1560 1291 1779 1356 Philippi
1798 1292 2092 1355 porticibus:
2122 1306 2167 1339 et
2194 1296 2540 1346 Cassandram,
2573 1313 2696 1359 quac

428 1382 495 1415 est
522 1370 571 1415 in
599 1369 886 1426 Concordiae
918 1369 1138 1414 delubro:
1166 1368 1415 1414 Leontium
1446 1369 1650 1432 Epicuri
1669 1369 1986 1432 cogitantem:
2018 1371 2314 1417 Demetrium
2343 1388 2519 1435 regem.
2555 1374 2696 1420 Notat

427 1448 749 1509 Delecampius
775 1447 948 1493 ibidem
966 1482 976 1500 ‚
1006 1447 1149 1492 alium
1177 1446 1315 1492 fuisse
1339 1447 1635 1507 Theodorum
1661 1449 1857 1493 samium
1885 1442 2178 1494 inventorem
2201 1449 2426 1495 fundendi
2452 1451 2571 1496 aeris
2595 1465 2695 1496 me·-
2753 1468 2756 1471 ’

427 1533 659 1571 moratum
684 1540 709 1570 a
744 1525 961 1570 Pausania
988 1523 1072 1570 lib.
1101 1525 1181 1568 III.
1211 1525 1329 1570 VIII.
1359 1533 1405 1570 et
1429 1526 1506 1570 IX.
1544 1526 1611 1570 De
1636 1526 1833 1571 Leontio
1859 1533 2014 1571 scorto
2038 1526 2252 1587 Epicuri,
2281 1535 2328 1572 et
2351 1528 2450 1572 eius
2475 1525 2713 1573 omnibus.

429 1601 732 1649 sectatoribus
765 1602 1043 1664 prostituto,
1075 1601 1221 1646 videri
1261 1610 1413 1662 potest
1448 1602 1712 1648 Athenaeus
1751 1602 1835 1648 lib.
1865 1603 1987 1647 XIII.
2025 1604 2250 1664 Diogenes
2275 1605 2484 1650 Laertius
2511 1605 2562 1650 in
2585 1605 2694 1666 Epi-

429 1697 570 1732 curo,
609 1689 655 1726 et
690 1679 959 1726 Cleomedes
998 1680 1045 1725 in
1085 1680 1320 1725 meteoriS.
1358 1681 1430 1725 An
1464 1679 1588 1725 idem
1629 1687 1698 1725 est
1733 1695 1839 1725 cum
1879 1679 2161 1726 duodecimo
2195 1697 2334 1742 supra
2374 1690 2633 1728 memorato
2668 1687 2695 1728 'a

427 1759 610 1804 Laertio
646 1774 700 1804 ex
735 1757 1019 1803 Polemone?
1047 1757 1160 1812 Quis
1194 1757 1400 1802 divinet?
1437 1756 1533 1819 (De
1560 1757 1726 1803 codem
1749 1757 1945 1803 Leontio
1979 1757 2152 1803 Plinius
2182 1758 2290 1805 loco
2323 1775 2474 1821 nuper
2497 1759 2692 1821 citato.)

556 1837 693 1881 XXV.
731 1835 863 1881 Alius
896 1835 1006 1881 item
1043 1842 1111 1880 est
1141 1833 1414 1880 Theodorus
1450 1835 1622 1880 samius
1650 1834 1957 1880 Alexandriae
1990 1835 2275 1896 praefectus,
2305 1836 2377 1881 vir
2409 1835 2616 1883 urbanus
2648 1845 2693 1883 et

427 1912 699 1974 magnificus
734 1922 779 1959 et
812 1911 1137 1973 philosophiae
1169 1927 1350 1964 amans,
1379 1912 1561 1957 Leonae
1595 1911 1828 1972 sophistae
1864 1912 2054 1957 amicus.
2092 1914 2296 1960 Marinus
2329 1914 2378 1958 in
2402 1915 2495 1959 vita
2522 1914 2688 1960 Procli.

418 1978 531 2033 ’Έτι
573 1977 629 2032 δὲ
668 1981 919 2043 φοιτῶντα
956 1975 1111 2033 αὐτον
1146 1979 1347 2039 Λεωνοῖς
1385 1979 1408 2031 ὁ
1451 1975 1693 2043 σοφιστῆς
1733 1975 2058 2049 συνεκὸκμεῖν
2105 1979 2271 2051 ἑαυτῲυ
2303 1977 2689 2054 ιτα-παρασκευάζει

426 2057 512 2114 τὴν
544 2054 626 2110 ἐπὶ
655 2053 714 2109 ‘rox
744 2053 1017 2129 Βυζάντιον
1048 2054 1362 2126 ἀποδημίαν,
1392 2052 1445 2111 ἣν
1475 2054 1557 2107 καὶ
1593 2053 1746 2116 αὐτὸς
1780 2055 2001 2109 ἐποιεῖτο
2035 2060 2170 2128 φίλῳ
2198 2056 2539 2128 χαριζόμενος
2571 2061 2694 2110 Θεο-

430 2133 601 2208 δώρῳ,
629 2134 700 2206 τῷ
729 2135 815 2194 τῆς
842 2130 1246 2206 Ἀλεξανδρείας
1273 2130 1386 2185 τότε
1419 2129 1633 2205 ἄρχοντι
1666 2129 1812 2203 οἷνδρὶ
1846 2132 2027 2205 οἶστείῳ
2047 2174 2058 2195 ,
2089 2132 2172 2186 καὶ
2205 2133 2579 2205 μεΓαλοπρεπεῖ
2605 2133 2689 2188 καὶ

429 2216 744 2276 φιλοσοφίας
781 2211 982 2281 ἐραστῇ.
1017 2221 1238 2282 Dumque
1274 2218 1434 2264 adhuc
1468 2218 1682 2264 scholam
1706 2218 2075 2281 frequentaret,
2114 2219 2328 2283 sophista
2368 2221 2552 2266 Leonas
2585 2237 2694 2266 eum

425 2297 520 2343 sibi
552 2297 738 2343 itineris
762 2297 981 2343 comitem
1007 2297 1261 2346 adiunoeit,
1286 2297 1594 2360 profecturus
1621 2296 1940 2359 Byzantium5
1968 2312 2114 2358 quam
2144 2296 2225 2342 ille
2247 2296 2592 2361 profectionem
2614 2314 2695 2343 su-

426 2374 677 2438 scipiebat,
710 2386 762 2420 ut
790 2374 1157 2438 gratificaretur
1190 2373 1345 2419 amico
1377 2373 1638 2423 Theodoro,
1669 2373 1880 2435 quitum
1902 2368 2234 2419 Alexandriae
2259 2374 2534 2437 praefectus
2557 2386 2687 2424 crat,

427 2452 527 2498 viro
560 2452 767 2502 urbano,
800 2464 844 2497 et
878 2452 1161 2514 magnifico,
1192 2463 1237 2497 et
1264 2449 1598 2515 philosophiae
1634 2450 1841 2496 amanti.

555 2531 715 2576 XXVI.
754 2529 1025 2575 Theodorus
1052 2529 1249 2575 lemnius
1275 2529 1566 2574 architectus.
1600 2530 1666 2575 Dc
1691 2544 1748 2574 eo
1773 2528 1947 2575 Plinius
1971 2528 2054 2574 lib.
2084 2530 2285 2575 XXXVI.
2316 2545 2417 2590 cap.
2451 2530 2526 2575 13.
2556 2531 2693 2577 Lem-

430 2608 538 2653 nius
565 2605 869 2669 labyrinthus
892 2606 1065 2652 similis
1092 2606 1208 2656 illis,
1238 2605 1470 2651 columnis
1494 2617 1684 2663 tantum
1707 2617 1894 2651 centum
1917 2606 2250 2668 quadraginta
2272 2605 2545 2651 mirabilior
2556 2605 2687 2667 fuit,

430 2701 631 2747 quorum
660 2683 708 2728 in
736 2683 926 2743 officina
959 2680 1172 2728 turbines
1203 2682 1274 2727 ita
1299 2682 1468 2728 librati
1486 2683 1862 2746 propenderunt,
1893 2694 1946 2727 ut
1970 2699 2121 2745 puero
2146 2682 2501 2747 circumagente
2528 2694 2691 2729 torna—

430 2773 611 2808 rentur.
650 2759 913 2806 Architecti
947 2759 1083 2805 illum
1105 2760 1270 2822 secere
1302 2759 1511 2810 Zmilus,
1545 2765 1591 2804 et
1622 2759 1818 2805 Scholus
1853 2761 1896 2812 ¹,
1935 2771 1981 2804 et
2014 2758 2278 2805 Theodorus
2311 2760 2567 2823 indigena:
2606 2776 2693 2804 ex-

431 2851 628 2901 tantque
663 2837 821 2883 adhuc
858 2837 1089 2899 reliquiae
1123 2837 1223 2883 eius
1235 2857 1250 2890 ‚·
1280 2854 1387 2882 cum
1422 2837 1610 2888 cretici,
1644 2837 1890 2900 italicique
1924 2837 2060 2882 nulla
2091 2837 2292 2900 vestigia
2323 2847 2504 2883 extent.

555 2918 737 2962 XXVII.
775 2915 1007 2961 Theodori
1033 2916 1235 2962 cantoris
1260 2916 1424 2977 optimi
1446 2950 1457 2968 ‚
1485 2930 1690 2976 quocum
1717 2915 1908 2961 catellus
1938 2930 2048 2960 suus
2075 2915 2258 2960 humari
2283 2915 2455 2968 voluit,
2483 2901 2695 2961 meminit

427 2995 649 3040 Aelianus
685 2994 744 3039 de
780 3002 872 3039 nat.
904 2993 1091 3038 animal.
1121 2993 1203 3039 lib.
1233 2995 1330 3040 VII.
1360 3008 1461 3055 cap.
1491 2995 1570 3039 [ιθ.
1612 2980 1880 3054 Θεόδωρον
1919 2978 1971 3034 δὲ
2007 2978 2172 3055 ἄνδρα
2206 2979 2414 3050 ψάλτην
2452 2980 2691 3055 ἀγαθὸν,

427 3058 512 3115 τᾶν
546 3058 636 3131 μέν
668 3061 716 3122 ἐς
744 3058 830 3117 τὴν
862 3059 1007 3133 σορόν
1046 3058 1272 3114 ἐνέθεσαν
1311 3061 1356 3113 οἱ
1395 3058 1747 3130 προσήκονὟες,
1777 3055 2002 3113 κυνίδιον
2031 3056 2084 3111 δὲ
2115 3059 2380 3128 μελΠαῖον
2412 3054 2563 3111 {aori-0*
2597 3057 2693 3112 ἐνέ-

429 3144 589 3203 βαλεν
623 3138 693 3198 εἷς
721 3138 807 3194 τὴν
840 3134 987 3194 Hn'nnv
1021 3137 1116 3191 τοῦ
1143 3138 1347 3209 νεκροῦ,
1376 3136 1458 3190 καὶ
1495 3135 1758 3200 συνετάφη.
1800 3146 1857 3190 Ut
1881 3161 1986 3191 vero
2017 3144 2328 3195 Theodorum,
2355 3146 2558 3208 psaltem
2578 3159 2694 3207 pro-

429 3225 563 3275 bum,
600 3225 676 3272 sui
702 3225 965 3289 propinqui
998 3224 1047 3269 in
1083 3224 1383 3288 sepulchrum
1423 3223 1780 3287 imposuissent,
1820 3222 1921 3268 eius
1954 3221 2211 3268 melitensis
2248 3222 2446 3267 catellus
2482 3221 2607 3266 ultro
2645 3237 2724 3273 se,

430 3301 584 3364 ipsum
615 3303 664 3347 in
699 3302 946 3348 cadaveris
980 3301 1165 3347 thecam
1198 3301 1438 3351 iniiciens,
1465 3300 1658 3364 pariter
1689 3316 1799 3345 cum
1832 3299 2024 3345 domino
2060 3298 2338 3344 humatione
2369 3309 2413 3342 et
2444 3298 2692 3360 sepultura

430 3379 560 3438 affici
590 3380 750 3426 voluit.

559 3457 760 3505 XXVIII.
796 3457 1096 3504 Theodorum
1124 3457 1323 3516 auletam
1361 3456 1508 3517 pluris
1536 3471 1583 3500 se
1610 3454 1784 3506 facere,
1811 3469 1952 3514 quam
1987 3453 2272 3498 Demetrium
2306 3466 2487 3513 regem,
2521 3451 2693 3497 fatetur

431 3523 556 3577 idem
581 3533 797 3578 Aelianus
820 3551 916 3580 var.
947 3535 1110 3581 histor.
1140 3533 1222 3579 lib.
1253 3534 1353 3579 XII.
1384 3547 1486 3594 cap.
1519 3534 1595 3578 17.
1622 3531 1751 3593 quod
1777 3531 1852 3576 hic
1878 3531 2193 3591 frequentaret
2217 3529 2401 3574 Lamiae
2426 3528 2584 3578 aedes.
2612 3527 2693 3574 ille

432 3617 621 3654 vocatus
659 3611 795 3654 etiam
838 3611 1054 3656 accedere
1094 3609 1336 3656 renuebat.
1366 3597 1484 3652 “Oen
1528 3596 1816 3671 Δημήτριος
1851 3596 2103 3651 Τοσούτων
2143 3595 2303 3650 ἐθνῶν
2340 3593 2690 3669 ἦγέμθνὲόων,

435 3675 612 3739 ἐφοίτα
644 3675 713 3736 εἷς
741 3679 942 3745 Λαμίας
972 3678 1058 3737 τῆς
1097 3678 1302 3749 ἑταίρας
1325 3675 1420 3730 σὸν
1454 3675 1566 3736 τοῖς
1597 3672 1806 3737 ὅπλοις,
1836 3673 1918 3727 καὶ
1953 3672 2118 3745 φορῶν
2148 3671 2204 3726 τὸ
2244 3669 2488 3742 διάδημα·
2520 3669 2692 3740 αἴσχι-

518 3858 566 3899 (ί)
593 3851 809 3891 Harduinus
835 3855 1002 3901 corrigit:
1038 3856 1257 3893 Theodorus
1283 3860 1320 3893 et
1345 3859 1599 3904 inunqentem.
1628 3856 1750 3892 A..M.
