2970 4420
256 741 311 769 An.
332 744 393 769 367.

400 338 405 343 .
444 269 535 317 iet

446 373 555 421 payni
580 373 644 418 IV,
671 372 761 410 anni
781 374 864 410 XL.
890 374 938 410 Et
973 374 1141 421 sequenti
1174 374 1369 411 consulatu
1398 373 1534 411 Valen-

448 432 581 468 tiniani
594 437 634 468 et
649 432 806 469 Victoris
819 460 828 477 ,
846 431 956 480 payni
978 433 1080 476 XIV,
1110 443 1231 470 annus
1250 434 1281 470 Ι.
1301 433 1348 468 Et
1364 431 1532 479 sequenti

444 490 641 528 consulatu
668 491 940 536 Valentiniani,
966 497 1002 529 et
1025 493 1192 529 Valentis
1213 491 1282 537 111,
1301 491 1410 539 payni
1429 491 1530 526 X'IV.

444 552 490 586 Et
510 550 682 598 sequenti
716 551 914 588 consulatu
941 551 1132 596 Gratiani,
1168 556 1205 587 et
1227 548 1365 595 Probi,
1391 553 1432 586 et
1454 548 1534 586 'alio

442 610 638 647 consulatu
654 610 922 654 Valentiniani,
938 615 975 647 et
992 610 1173 647 Valentiis
1192 611 1255 655 IV,
1270 608 1414 656 pachon
1429 608 1531 652 VIII,

444 668 607 705 dormiit.

495 733 551 764 18.
571 727 763 765 Praedicto
778 733 899 765 autem
923 728 1121 765 consulatu
1140 725 1311 774 Lupicini
1338 730 1374 762 et
1394 725 1532 769 Iovini,

443 787 582 824 Lucius
597 788 821 824 Arianorum
853 786 1059 834 specialiter
1085 785 1155 822 sibi
1189 784 1314 821 volens
1346 783 1534 820 vindicare

444 849 697 895 episcopatum
710 874 720 890 ,
750 851 831 894 post
849 845 1112 893 profectionem
1129 844 1174 881 de
1189 842 1415 880 Alexandria
1434 842 1533 879 mul·-

433 913 472 944 to
500 913 664 954 tempore
691 906 838 944 advenit
861 905 1058 942 consulatu
1086 902 1272 951 praedicto
1288 931 1298 948 ,
1329 907 1366 938 et
1390 901 1532 949 ingres-
1555 899 1557 906 '

408 1014 410 1016 q
444 978 508 1004 sus
536 972 591 1004 est
627 967 810 1003 civitatem
840 965 997 1001 latenter
1029 975 1094 1011 per
1123 968 1269 999 noctem
1296 962 1422 998 XXVI
1459 959 1534 998 diei

443 1027 524 1064 toth
548 1026 708 1070 mensis3
737 1031 775 1062 et
803 1025 900 1062 sicut
925 1023 1065 1060 dictum
1094 1027 1171 1068 est,
1203 1019 1339 1058 mansit
1369 1020 1407 1057 in
1444 1031 1534 1068 qua-

446 1086 532 1122 dam
557 1085 805 1127 domuncula,
830 1084 948 1121 latens
970 1082 1068 1119 diem
1089 1082 1209 1118 illum.
1233 1082 1383 1117 Postero
1409 1085 1531 1118 autem

432 1144 508 1182 -die
535 1145 686 1182 intravit
704 1143 884 1187 domum,
914 1141 978 1179 ubi
1007 1146 1122 1177 mater
1150 1140 1227 1176 eius
1261 1139 1530 1184 conmanebat;

444 1194 666 1251 cognitoque
693 1203 817 1240 statim
843 1202 922 1239 eius
947 1200 1105 1238 adventu
1134 1210 1198 1246 per
1216 1199 1399 1236 civitatem
1416 1227 1426 1244 ,
1443 1199 1534 1236 uni-

444 1273 570 1299 versus
592 1263 749 1310 populus
767 1261 943 1297 collectus
965 1258 1187 1295 incusabant
1205 1258 1284 1296 eius
1307 1258 1531 1305 ingressum.

446 1323 493 1357 Et
519 1322 700 1357 Traianus
729 1320 825 1363 dux,
854 1324 892 1355 et
915 1317 1119 1365 praefectus
1145 1316 1257 1354 nimis
1293 1317 1446 1355 moleste
1475 1322 1535 1353 tu·

449 1381 574 1416 lerunt
601 1378 897 1416 inrationabilem
930 1378 1009 1414 eius
1041 1382 1078 1413 et
1105 1375 1283 1413 audacem
1309 1375 1532 1421 adventum,

449 1445 486 1476 et
510 1440 692 1476 miserunt
718 1437 936 1485 principales
964 1442 1007 1474 ut
1033 1447 1119 1473 eum
1152 1436 1328 1474 elicerent
1363 1436 1408 1473 de
1443 1436 1534 1473 civi-

450 1504 536 1535 tate.
568 1497 812 1533 Advenientes
829 1497 952 1543 itaque
969 1495 1191 1542 principales
1216 1494 1263 1532 ad
1287 1494 1446 1532 Lucium
1462 1522 1471 1539 ,
1498 1499 1535 1531 et

446 1555 720 1592 considerantes
744 1565 891 1591 omnem
905 1554 1086 1602 populum
1114 1554 1329 1599 iratum,et
1353 1552 1457 1590 valde
1476 1558 1534 1590 tu-

448 1619 607 1651 mentem
625 1613 799 1650 adversus
822 1613 957 1658 illum,
977 1613 1184 1650 timuerunt
1206 1623 1290 1649 eum
1307 1623 1375 1660 >per
1392 1623 1431 1650 se
1447 1622 1533 1660 pro-

447 1673 580 1710 ducere
608 1672 653 1710 de
681 1672 812 1718 domo,
839 1683 886 1709 ne
908 1683 931 1709 a
962 1671 1202 1709 multitudine
1223 1671 1471 1709 occideretur:
1497 1678 1534 1709 et

447 1733 516 1769 hoc
549 1733 671 1780 ipsum
705 1731 978 1769 nunciaverunt
1004 1730 1216 1769 iudicibus:
1250 1736 1287 1769 et
1317 1731 1428 1779 paulo
1454 1736 1538 1779 post

1061 288 1304 320 CHRONICON
1339 287 1534 319 LATINUM
1565 286 1720 318 RERUM
1753 284 1792 316 S·
1830 283 2085 318 ATRANASH.

1610 371 1681 418 ipsi
1708 370 1869 416 iudices,
1894 370 1969 409 dux
1990 372 2171 412 Traianus
2187 401 2197 421 ,
2224 379 2263 412 et
2285 374 2490 423 praefectus
2522 376 2702 415 Tatianus

1610 429 1657 466 ad
1685 430 1809 467 locum
1840 441 1925 468 cum
1958 432 2088 470 multis
2118 433 2299 472 militibus
2334 435 2490 484 ingressi
2521 435 2698 482 domum,

1611 488 1863 536 produxerunt
1886 501 1951 537 per
1975 492 2192 540 semetipsos
2221 494 2397 541 Lucium,
2417 495 2507 533 hora
2526 495 2598 533 diei
2615 497 2699 540 VII,

1610 548 1691 585 toth
1717 548 1779 586 die
1800 550 1957 586 XXVII.
1977 550 2117 589 Lucius
2139 558 2264 590 autem
2293 564 2379 591 cum
2407 555 2622 603 sequeretur
2647 556 2702 592 iu·

1603 607 1737 650 dices,
1775 614 1812 646 et
1839 609 1961 646 omnis
1989 611 2150 657 populus
2178 612 2335 651 civitatis
2372 619 2456 661 post
2485 625 2571 651 eum
2600 615 2701 651 chri-

1605 667 1815 704 stianorum
1832 695 1843 714 ‚
1874 678 1917 704 ac
1945 678 2198 715 paganorum,
2223 680 2266 714 ac
2293 671 2521 710 diversarum
2551 673 2703 721 religio·

1604 734 1728 772 num,
1758 727 1884 764 cuncti
1916 727 2052 774 pariter
2078 738 2154 767 uno
2182 730 2316 777 spiritu
2333 759 2344 778 ,
2377 738 2414 769 et
2443 743 2485 769 ex
2514 743 2590 769 una
2615 742 2702 769 sen-

1608 784 1723 821 tentia
1739 813 1750 830 ,
1779 790 1817 822 et
1844 785 1972 823 eodem
1998 785 2144 824 decreto
2168 798 2245 826 non
2266 796 2503 827 cessaverunt
2525 801 2567 827 ex
2591 790 2704 828 domo

1609 854 1684 891 qua
1712 844 1847 882 ductus
1872 850 1954 892 est,
1982 856 2046 893 per
2075 846 2237 885 mediam
2264 849 2450 887 civitatem
2471 878 2482 891 .
2511 861 2630 899 usque
2655 850 2704 888 ad

1610 901 1765 940 domum
1793 902 1900 941 ducis
1929 904 2194 952 vociferantes,
2225 917 2268 959 ac
2302 909 2426 956 turpia
2465 914 2501 946 et
2526 910 2703 947 scelerata

1601 961 1729 999 eidem
1758 963 1993 1010 ingerentes,
2030 969 2067 1001 et
2096 965 2322 1003 clamantes:
2352 970 2468 1005 extra
2505 970 2704 1006 civitatem

1609 1020 1970 1059 ducatur.‘Tamen
2010 1022 2085 1061 dux
2114 1023 2320 1062 introduxit
2353 1037 2438 1064 eum
2472 1027 2512 1064 in
2546 1026 2702 1064 domum

1609 1090 1738 1125 suam,
1768 1086 1804 1118 et
1828 1081 1926 1128 apud
1954 1092 2040 1118 eum
2066 1083 2227 1128 mansit,
2247 1089 2285 1121 et
2306 1084 2587 1138 custodiebatur
2613 1085 2702 1123 reli·

1609 1140 1692 1187 quis
1728 1139 1830 1177 horis
1866 1140 1968 1187 diei,
2009 1152 2052 1178 ac
2084 1146 2161 1179 tota
2190 1148 2325 1190 nocte,
2366 1150 2403 1182 et
2438 1146 2607 1193 sequenti
2643 1145 2712 1183 die-

1610 1199 1793 1252 XXVIII.
1807 1199 1944 1237 mensis
1961 1200 2154 1247 praedicti,
2171 1201 2245 1240 dux
2267 1203 2459 1254 manicans
2472 1232 2482 1250 ,
2501 1209 2537 1241 et
2561 1203 2703 1247 habens

1609 1268 1695 1294 eum
1717 1269 1835 1306 usque
1850 1257 2059 1310 Nicopolim
2077 1259 2233 1298 tradidit
2247 1256 2428 1300 militibus
2451 1265 2618 1312 Aegypto
2635 1262 2710 1300 de?

1611 1316 1840 1355 ducendum.

1659 1380 1716 1412 19.
1751 1376 1937 1414 Defuncto
1969 1383 2093 1416 autem
2127 1379 2332 1416 Athanasio
2359 1381 2460 1416 VIII.
2489 1384 2524 1422 1)
2559 1379 2704 1427 pachon

1612 1436 1748 1473 mensis
1760 1465 1770 1482 ‚
1790 1442 1876 1473 ante
1895 1436 1993 1474 diem
2012 1438 2058 1474 V.
2074 1437 2308 1476 dormitionis
2327 1449 2416 1476 suae
2435 1437 2621 1475 ordinavit
2638 1440 2704 1476 Pe-

1609 1499 1709 1531 trum
1735 1495 1947 1543 episcopum
1969 1495 2015 1534 de
2039 1497 2203 1545 antiquis
2217 1498 2458 1546 presbyteris,
2479 1497 2543 1546 qui
2563 1498 2603 1535 in
2623 1508 2705 1535 om-

1609 1553 1720 1590 nibus
1744 1564 1829 1591 eum
1857 1559 2006 1593 secutus
2041 1557 2154 1603 gessit
2180 1556 2447 1604 episcopatum.
2483 1558 2571 1594 Post
2593 1568 2704 1605 quem

1608 1613 1826 1650 Timotheus
1852 1613 1965 1651 frater
1990 1625 2082 1652 suus
2106 1619 2141 1658 2)
2165 1616 2327 1663 suscepit
2353 1618 2607 1664 episcopatum
2635 1627 2704 1654 an·

1608 1671 1668 1708 nis
1683 1673 1744 1708 IV.
1761 1673 1848 1710 Post
1872 1673 1973 1710 hunc
1991 1673 2221 1721 Theophilus
2243 1684 2290 1712 ex
2309 1674 2466 1713 diacono
2486 1680 2546 1713 est
2569 1675 2708 1723 episco-

1608 1742 1677 1779 pus
1695 1731 1903 1770 ordinatus.
1933 1733 2106 1781 Explicit.

517 1854 543 1888 ι)
562 1854 632 1891 Syr.
655 1854 720 1882 Vll.
742 1853 806 1882 Iam
822 1852 909 1890 quod
932 1852 1090 1889 syriacum
1111 1851 1285 1881 chronicon
1310 1850 1386 1881 dicit
1410 1849 1615 1880 Athanasium
1642 1851 1822 1888 prodigiose
1847 1853 1923 1888 (seu
1944 1860 2015 1883 cum
2039 1853 2205 1891 prodigio)
2233 1854 2297 1883 vita
2317 1854 2500 1890 excessisse,
2520 1854 2639 1890 nullam
2661 1854 2712 1883 di·

445 1907 489 1936 cti
508 1908 575 1937 eius
601 1914 726 1936 causam
750 1906 901 1936 hactenus
925 1905 1140 1941 inveniebam,
1162 1905 1223 1934 nisi
1246 1904 1333 1941 quod
1356 1904 1390 1933 in
1416 1903 1500 1933 calce
1524 1904 1607 1933 vitae
1638 1904 1779 1934 arabicae
1807 1904 2026 1936 athanastanae
2056 1906 2172 1937 dicitur
2195 1907 2223 1937 is
2247 1907 2386 1937 moriens
2415 1907 2603 1944 praedixisse
2636 1907 2713 1937 idoli

447 1961 608 1990 cuiusdam
631 1960 894 1996 destructionem,
919 1967 1001 1996 quac
1023 1966 1132 1996 reapse
1156 1957 1288 1995 septimo
1307 1958 1380 1996 post
1407 1958 1473 1989 eius
1496 1957 1618 1987 obitum
1638 1956 1688 1987 (lie
1711 1958 1854 1995 contigit.
1919 1953 1922 1955 ’

515 2017 546 2051 2)
566 2014 602 2043 ld
619 2015 666 2044 est
683 2013 772 2044 Petri
795 2013 966 2043 decessoris
977 2013 1097 2049 frater.

507 2191 657 2231 Desinit
681 2204 770 2240 erqo
789 2177 994 2229 chronicon
1010 2193 1050 2228 in
1080 2185 1300 2238 Theophi'lo.
1329 2193 1414 2227 Iam
1439 2199 1530 2226 vero
1550 2188 1717 2226 eiusdem
1747 2187 1947 2235 Theophili
1960 2185 2193 2235 fraqmenta
2220 2189 2295 2226 duo
2325 2198 2374 2225 ex
2402 2189 2606 2236 deperdito
2625 2191 2706 2227 eius

448 2262 561 2299 opere
591 2252 829 2289 inveniebam
854 2262 976 2299 nuper
999 2252 1101 2287 inter
1128 2251 1260 2287 varias
1287 2251 1448 2295 patrum
1477 2249 1734 2298 auctoritates
1761 2249 1801 2283 in
1833 2247 1960 2285 codiee
1988 2249 2069 2284 vat.
2100 2250 2201 2284 1455.
2219 2246 2258 2294 f.
2291 2251 2373 2284 171.
2401 2248 2518 2293 (Alia
2533 2248 2710 2287 dedimus

453 2320 493 2352 T.
524 2320 606 2354 VII.
637 2318 882 2364 scripum&
907 2326 952 2363 p.
978 2319 1036 2352 27.
1058 2318 1117 2352 39.
1136 2318 1195 2351 50.
1223 2316 1278 2351 -Et
1305 2315 1345 2349 in
1374 2313 1449 2349 hac
1477 2315 1522 2348 B.
1543 2314 1592 2349 N.
1629 2314 1670 2348 T.
1691 2314 1759 2348 III.
1778 2322 1846 2359 pp.
1873 2315 1957 2348 447.
1984 2314 2023 2349 ec
2046 2315 2164 2357 451.)

655 2456 825 2505 Θεοφίλου
852 2456 1042 2492 ἐπισκόπου
1060 2454 1316 2502 Ἀλεξανδρείας

707 2521 743 2554 ἐν.
767 2521 829 2554 ’τοῦ
854 2520 931 2565 περὶ
959 2517 1117 2564 προνοίας
1143 2514 1266 2563 λᾶγου.

489 2579 551 2616 ιὨν
577 2581 615 2615 τό
645 2580 847 2624 ἀξιόπιστον
876 2578 1107 2626 ἐξηγούμενος
1134 2578 1151 2612 ὁ
1178 2576 1368 2623 ψαλμῳδός
1393 2573 1479 2619 ᾅδει·
1506 2572 1540 2608 οἶ

448 2634 591 2689 παιέρες
616 2641 707 2687 ἡμῶν
733 2641 943 2687 οἷντίγγειλαν
970 2641 1052 2687 ἡμῖν
1080 2638 1176 2687 ἔργον
1200 2634 1384 2684 ὃείργοίσω
1411 2635 1442 2669 ἐν
1463 2635 1540 2675 ταῖς

448 2703 589 2750 ἡμέραις
607 2700 714 2738 atini-‚⁴
733 2726 743 2742 ‚
766 2702 798 2735 ἐν
818 2701 964 2748 η’μέξαις
990 2699 1170 2748 ἀρχαίαις·
1190 2699 1291 2746 μένων
1312 2697 1379 2744 γάρ
1399 2696 1416 2731 ό
1440 2694 1516 2742 ὅρος
1531 2721 1540 2737 ,

450 2764 508 2801 τήν
536 2765 599 2799 τῶν
629 2762 835 2811 πραγμάτων
871 2763 930 2798 οὐκ
957 2762 1071 2797 deins?
1095 2761 1222 2808 φύσιν,
1247 2760 1365 2808 γενικῇ
1398 2760 1544 2804 διαφορᾷ

450 2825 711 2873 συνιστάμενος·
736 2821 779 2859 ὦν
805 2823 831 2858 ν’
847 2824 942 2871 μίξις
968 2822 1160 2870 ἀδιαίρετος
1182 2819 1371 2868 τηρουμένη
1388 2844 1398 2861 ,
1425 2815 1461 2853 ἔκ
1481 2819 1541 2852 τῶν

387 2891 391 2894 ’
450 2884 577 2920 οἰκείων
610 2884 780 2933 ἐνεργειῶν
814 2883 1056 2933 ἐμφανίζεται.
1091 2879 1120 2917 εἶ
1146 2882 1182 2917 δέ
1215 2891 1267 2922 τις
1300 2880 1358 2915 τὸν
1391 2877 1465 2927 ὅρον
1491 2880 1539 2925 μή

450 2945 644 2985 καθήκουσι
673 2945 918 2994 περιβάλλοιτο
938 2973 947 2988 ,
973 2944 1074 2986 ὅντως
1101 2943 1244 2979 διαλύει.

776 3058 835 3094 Ἐκ
862 3060 922 3095 τοῦ
946 3059 1054 3094 αὐτοῦ
1078 3058 1198 3106 λόγου.

491 3119 595 3165 ’Ὀρος
623 3121 683 3167 μὲν
710 3121 778 3168 γάρ
804 3119 993 3167 ἀνθρώπῳ,
1022 3118 1077 3155 ἵνα
1103 3120 1162 3155 καὶ
1190 3120 1291 3154 τοῦτο
1311 3118 1354 3152 τοὶ
1375 3118 1430 3152 νῦν
1450 3113 1545 3161 ‹3⁶¹ssoe-
1585 3120 1591 3127 ²

450 3194 538 3225 μαι,
561 3180 598 3215 τὸ
627 3179 717 3216 εἶναι
745 3180 826 3228 ζῶον
857 3181 995 3229 λογικὸν
1020 3180 1156 3219 θνητόν·
1188 3180 1218 3216 εἰ
1244 3179 1279 3216 δέ
1309 3194 1359 3220 τις
1386 3178 1452 3218 ’τοὶς
1481 3178 1542 3211 τῶν

454 3238 540 3285 ζώων
575 3241 790 3289 μεμιγμένας
829 3244 992 3290 διαφοράς
1025 3242 1244 3292 διαλύσειεν,
1278 3240 1389 3288 ἕτερ’όν
1417 3256 1448 3277 τι
1475 3255 1544 3289 μη·

454 3299 536 3341 νόει,
563 3299 579 3334 0‘
608 3303 668 3336 τοῦ
694 3300 773 3348 ὅρου
800 3305 839 3339 τὸ
877 3303 957 3352 ζῶον
985 3303 1083 3345 ἐκτὸς
1115 3305 1228 3339 ποιῶν·
1257 3302 1287 3339 ἐἰ
1315 3304 1348 3338 δὲ
1379 3302 1437 3337 τ’ὀν
1470 3300 1544 3349 ὅρον

455 3359 509 3398 τίς
536 3359 737 3409 ἕναποτέμοι
766 3365 826 3400 τοῦ
850 3364 1049 3411 ἀνθρώπου,
1076 3363 1098 3403 ἢ
1125 3365 1162 3399 τό
1189 3359 1337 3405 θνητόν,
1362 3361 1385 3403 ἢ
1413 3364 1450 3397 τὸ
1477 3367 1544 3398 λο-

452 3420 574 3465 Ὺικδν,
600 3418 623 3459 ἦ
651 3423 690 3464 τὸ
717 3424 805 3458 notro}
833 3426 891 3463 τήν
919 3424 1038 3461 ου’σίαν
1073 3423 1159 3460 εἶναι
1191 3423 1299 3473 ζῶον,
1328 3422 1464 3471 ,ἀναιρεῖ
1486 3421 1547 3458 τοῦ

454 3477 637 3526 deQw'noo
664 3480 817 3518 καθόλου
851 3485 911 3523 τῆν
937 3483 1093 3533 ὕπαρξιν·
1122 3485 1161 3521 ’ἐκ
1195 3487 1261 3534 7⁶²?
1296 3482 1419 3521 τοῦτων
1453 3484 1546 3532 ’ἡμῶν
1586 3514 1588 3517 ,

455 3539 478 3577 ἦ
509 3539 612 3588 φύσις
638 3544 728 3577 aare&
754 3543 809 3578 τόν
835 3545 989 3590 παρόντα
1014 3545 1085 3588 βίον
1104 3548 1190 3588 ταῖς
1223 3547 1262 3592 ἐξ
1286 3546 1443 3594 ὅνομοίων
1471 3559 1548 3581 συν·

456 3600 599 3636 ι’σταται
626 3601 774 3649 μίξεσιν·
813 3603 844 3637 εἰ
876 3606 909 3638 δὲ
943 3605 1001 3639 καί
1035 3608 1080 3651 τῷ
1109 3608 1270 3655 λογισμῷ
1292 3608 1347 3648 τὶς
1377 3606 1450 3646 δοιή
1472 3620 1548 3653 μο-

457 3677 510 3698 νον
538 3664 594 3699 τὸν
618 3662 791 3710 ἄνθρωπον
819 3663 900 3712 ζῷον
934 3663 1020 3700 εἶναι
1056 3665 1205 3710 θνητόν,
1233 3668 1284 3715 μή
1317 3667 1482 3704 συνάπτοι
1510 3665 1545 3701 τὲ

456 3724 563 3770 τούτῳ
588 3723 647 3759 καὶ
674 3724 714 3759 τό
740 3725 904 3771 λογικόν,
930 3725 1123 3773 ἀποτέμνων
1158 3729 1196 3763 ‘ro'
1225 3728 1459 3776 ἐντιμότερον,
1491 3727 1567 3772 οὖν

464 3786 514 3819 δὲν
539 3786 643 3823 αὐτὸν
669 3785 805 3831 διοίσειν
833 3785 955 3835 θηρίου
980 3788 1120 3832 λέξειεν.

1722 2446 1918 2495 Theophili
1944 2444 2102 2495 episcopi
2129 2444 2358 2485 alexandrini
2383 2459 2425 2486 ex
2449 2458 2618 2487 sermone

2014 2506 2060 2543 de
2085 2505 2326 2554 providentia.

1654 2566 1827 2612 Quarum
1852 2576 1977 2602 rerum
1999 2564 2288 2603 credibilitatem
2310 2562 2499 2614 expcnens
2520 2567 2713 2615 psalmista

1609 2624 1735 2661 canit:
1765 2629 1886 2670 patres
1902 2623 2020 2660 nostri
2045 2624 2362 2661 annuntiaverunt
2378 2625 2488 2662 nobis
2504 2636 2596 2674 opus
2612 2625 2713 2674 quod

1613 2687 1785 2730 operatus
1817 2678 1855 2720 es
1879 2683 1921 2719 in
1952 2682 2083 2720 diebus
2112 2693 2267 2729 eorum,
2300 2683 2341 2720 in
2372 2683 2503 2722 diebus
2534 2685 2710 2733 antiquis.

1613 2743 1770 2779 Manens
1787 2742 1887 2779 enim
1913 2742 2102 2788 definitio,
2129 2753 2254 2780 rerum
2277 2753 2356 2780 non
2375 2743 2493 2780 -laedit
2514 2750 2687 2781 naturam
2702 2772 2713 2789 ,

1614 2801 1702 2849 quia
1727 2801 1880 2849 generis·
1902 2800 2110 2839 differentia
2134 2807 2300 2839 constat:
2336 2811 2536 2851 rerumque
2560 2803 2714 2841 illarum

1614 2860 1820 2897 conservari
1832 2860 2117 2909 inseparabilem
2136 2860 2348 2899 mixtionem
2359 2889 2370 2907 ,
2384 2866 2486 2908 patet
2500 2873 2543 2899 ex
2556 2862 2715 2910 propriis

1614 2919 1906 2967 operationibus.
1940 2919 2047 2968 Quod
2077 2920 2108 2957 si
2137 2920 2222 2968 quis
2251 2919 2507 2958 definitionem
2530 2922 2712 2959 inconve-

1614 2979 1810 3017 nientibus
1835 2986 2019 3027 apponat,
2042 2979 2210 3028 profecto
2231 2979 2420 3017 dissolv-it.

1962 3041 2013 3076 Ex
2037 3038 2166 3076 eodem
2193 3049 2378 3077 sermone.

1662 3098 1838 3136 Definitio
1864 3098 2028 3136 homin-is
2047 3104 2133 3144 est,
2161 3103 2205 3135 ut
2232 3098 2301 3135 hoc
2329 3099 2440 3135 etiam
2467 3109 2570 3137 nunc
2597 3099 2712 3136 attin-

1615 3167 1701 3203 gam
1717 3185 1728 3202 ,
1754 3163 1797 3194 ut
1821 3157 1870 3194 sit
1898 3157 2038 3194 animal
2057 3157 2235 3194 rationale
2262 3157 2432 3194 mortale.
2453 3157 2563 3205 Quod
2582 3158 2614 3195 si
2631 3159 2716 3206 quis

1616 3216 1836 3254 animalium
1865 3217 2068 3264 permixtas
2096 3215 2324 3253 differentias
2349 3216 2578 3262 dissolverit,
2611 3217 2716 3255 aliud

1616 3274 1793 3322 quiddam
1825 3275 1974 3320 innuit,
1994 3274 2093 3322 quod
2112 3274 2252 3312 animal
2268 3285 2289 3311 a
2314 3285 2380 3312 sua
2411 3275 2627 3314 definitione
2653 3268 2714 3314 ex-

1617 3332 1748 3378 cludit.
1774 3334 1813 3371 Si
1837 3345 1922 3371 vero
1942 3334 2078 3381 aliquis
2094 3333 2140 3371 ab
2162 3334 2325 3371 hominis
2339 3334 2558 3388 definitione
2573 3335 2717 3374 abscin-

1617 3390 1682 3429 dat
1706 3397 1773 3429 aut
1797 3392 2084 3438 mortalitatem,
2108 3397 2174 3430 aut
2195 3392 2509 3440 rationalitatem,
2536 3399 2602 3432 aut
2616 3394 2717 3443 quod

1610 3449 1910 3488 substantialiter
1943 3450 1992 3488 sit
2015 3451 2154 3496 homo,
2186 3450 2217 3488 is
2245 3451 2411 3489 hominis
2439 3453 2593 3490 omnino
2619 3453 2716 3491 sub-

1618 3508 1826 3546 sistentiam
1854 3508 2014 3556 perimit.
2045 3511 2215 3556 Namque
2249 3520 2292 3546 ex
2323 3504 2382 3547 his
2420 3516 2555 3549 natura
2589 3517 2716 3550 nostra

1583 3598 1587 3602 .
1619 3567 1817 3605 conficitur
1845 3567 1885 3604 in
1911 3568 2094 3616 praesenti
2121 3568 2380 3617 vita;·nempe
2409 3580 2454 3607 ex
2476 3568 2715 3609 dissimilium

2752 1382 2810 1411 An.
2831 1386 2896 1413 373.

2756 1683 2814 1712 Au.
2833 1685 2896 1711 385.

1618 3625 1860 3674 permixtione
1889 3626 2072 3664 consistit.
2098 3626 2206 3675 Quod
2230 3626 2262 3664 si
2287 3628 2371 3675 quis
2393 3634 2517 3666 mente
2546 3639 2614 3667 sua
2642 3629 2713 3667 hoc
2772 3636 2782 3637 ’

1618 3685 1740 3722 solum
1769 3685 1914 3722 homini
1950 3685 2128 3723 attribuat
2155 3684 2256 3734 quod
2291 3686 2435 3724 animal
2462 3688 2618 3726 mortale
2643 3688 2713 3735 sit,

1619 3754 1738 3792 neque
1760 3744 1874 3782 simul
1897 3744 2182 3782 rationalitatem
2202 3744 2382 3793 largiatur
2397 3773 2408 3792 ,
2433 3746 2503 3784 hac
2527 3747 2716 3786 subtracta

1615 3797 1894 3900 ἒοηοὶεὴὶϋοτο
1917 3808 2021 3852 parte
2038 3831 2049 3851 ,
2077 3803 2175 3842 nihil
2193 3814 2279 3842 eum
2299 3814 2321 3843 a
2349 3803 2460 3843 belua
2487 3804 2638 3844 differre
2655 3805 2722 3845 ad-

1642 3872 1722 3900 rma
1748 3862 1791 3900 it.
