2970 4420
453 226 473 270 1
484 226 511 270 Ο
520 225 545 269 t
1409 237 1559 269 morus
1592 238 1770 269 Anam

450 325 628 371 ctiones
661 331 708 368 et
732 323 934 385 hymnos
965 325 1241 370 constitutos
1266 339 1291 370 a
1324 323 1491 369 Carolo
1525 339 1581 369 ex
1615 332 1800 385 patrum
1835 325 2041 387 scriptis,
2068 335 2115 373 et
2147 328 2196 374 in
2232 327 2418 375 laudem
2452 337 2719 376 sanctorum

450 401 640 447 fecisse:
676 415 771 446 non
808 399 1006 447 dubium
1031 416 1147 447 vero
1181 401 1404 446 lectiones
1436 415 1492 445 ex
1530 401 1670 446 sacris
1707 401 1975 454 litteris‚·et
2007 403 2054 448 in
2090 403 2277 451 laudem
2311 406 2394 452 Dei
2430 406 2715 467 Christique,

449 477 601 523 multo
639 478 924 539 antiquiores
957 478 1121 530 fuisse,
1151 486 1195 523 et
1229 485 1334 522 ante
1365 478 1503 522 etiam
1534 477 1687 539 ipsum
1720 478 1950 524 Christum
1981 484 2127 528 natas.
2166 481 2254 528 Sed
2283 498 2431 544 neque
2456 482 2546 528 hoe
2575 483 2720 529 modo

451 553 644 617 probat,
673 554 809 601 hasce
833 554 1163 615 Thaumaturgi
1189 554 1424 599 orationes
1457 551 1622 602 dubias
1646 569 1762 599 esse.
1800 555 1855 600 Et
1883 554 2080 616 negabit
2102 573 2160 603 ne
2191 561 2289 621 ipse
2315 568 2358 605 et
2385 545 2720 606 Annunciatio-

450 647 558 677 nem
581 632 798 694 virginis,
828 640 874 678 et
904 630 1203 692 Theophani-a
1229 630 1287 675 ad
1313 631 1547 676 Christum
1575 632 1841 693 pertinere?
1874 630 2070 694 Negabit
2093 635 2281 682 scilicet.
2320 637 2441 691 Quid
2469 637 2599 682 tum?
2633 638 2720 683 Le-

451 710 627 754 ctiones
651 710 699 754 in
723 706 1114 754 sollemnitatibus
1138 715 1408 753 sanctorum
1433 706 1571 754 valde
1597 708 1765 755 Carolo
1791 709 2075 770 antiquiores
2098 720 2228 757 sunt:
2255 722 2301 759 et
2327 722 2587 775 martyrum
2621 723 2720 760 acta

451 786 498 830 in
534 785 724 831 eeclesia
762 793 867 831 ante
908 784 1110 830 eundem
1151 784 1371 830 Carolum
1408 784 1700 847 legebantur.
1743 785 1917 832 Volens
1957 795 2072 848 puto
2112 787 2202 835 hoe
2239 790 2470 853 ignoravit
2505 791 2716 835 Rivetus:

453 877 603 923 neque
639 863 763 908 enim
788 862 905 908 adeo
933 861 1085 908 infans
1114 863 1163 906 in
1194 861 1335 907 rebus
1367 863 1705 917 ecclesiasticiS‚
1735 871 1781 910 et
1811 864 1995 925 scriptis
2025 873 2237 927 patrum,
2264 882 2383 928 quae
2407 882 2495 929 pro
2526 865 2721 912 libidine

452 939 689 993 deartuat‚
719 939 1050 985 existimandus
1076 946 1160 985 est.
1200 939 1336 993 Quod
1374 941 1410 985 si
1443 940 1609 986 nolens
1643 940 1693 985 id
1728 941 1999 994 nesciverit,
2028 941 2222 988 edoctus
2253 943 2398 990 modo
2430 946 2541 989 sciat
2563 951 2609 989 et
2634 940 2721 988 ob-

454 1023 702 1067 mutescat,
732 1024 778 1061 et
802 1016 1006 1077 deponat
1040 1014 1217 1076 aliquid
1254 1031 1310 1061 ex
1334 1016 1455 1062 fastu
1488 1017 1597 1068 illo.
1625 1026 1671 1063 et
1702 1025 1830 1063 tanta
1856 1017 1938 1063 illa
1965 1033 2108 1079 quam
2130 1016 2220 1083 sibi
2251 1018 2456 1066 vindicat
2486 1018 2716 1065 doctrina.

452 1097 565 1137 Acta
599 1101 859 1154 martyrum
894 1090 1091 1154 probata
1127 1099 1231 1138 ante
1263 1093 1482 1139 Carolum
1515 1095 1563 1139 in
1597 1093 1790 1140 ecclesia
1822 1093 2124 1155 legebantur,
2153 1103 2582 1156 consequenterque
2615 1094 2721 1141 festi

451 1178 715 1215 sanctorum
743 1169 842 1214 dies
867 1167 1239 1216 celebrabantur.
1270 1170 1535 1217 Hadrianus
1559 1186 1679 1233 papa
1702 1172 1751 1216 in
1778 1171 1973 1233 epistola
1998 1172 2058 1218 ad
2084 1171 2290 1218 eiusdem
2317 1163 2471 1218 Caroli
2493 1173 2721 1233 scriptum

452 1245 510 1291 de
536 1244 815 1307 imaginibus
846 1261 948 1307 cap.
985 1248 1059 1291 17.
1095 1245 1226 1292 Vitae
1250 1259 1451 1311 patrum
1484 1247 1585 1293 sine
1612 1247 1946 1311 probabilibus
1974 1247 2250 1294 auctoribus
2280 1247 2476 1293 minime
2502 1247 2552 1292 in
2576 1247 2721 1293 eccle-

451 1322 525 1367 sia
552 1322 793 1384 leguntur.
831 1323 978 1367 Name
995 1322 1057 1368 ab
1081 1322 1363 1370 orthodoxis
1386 1324 1613 1370 titulatae
1637 1336 1682 1370 et
1709 1324 2036 1387 suscipiuntur
2060 1336 2105 1370 et
2129 1325 2370 1388 leguntur.
2408 1323 2568 1387 Magis
2592 1323 2721 1369 enim

445 1398 691 1461 passiones
714 1411 989 1446 sanctorum
1015 1412 1289 1485 martyrum
1313 1401 1445 1447 sacri
1475 1418 1678 1447 canones
1707 1413 2009 1452 censuerunt,
2042 1413 2096 1446 ut
2121 1402 2265 1447 liceat
2288 1417 2369 1447 eas
2399 1401 2548 1446 etiam
2574 1399 2624 1446 in
2647 1416 2722 1445 ec-

452 1474 596 1520 clesia
621 1475 740 1537 legi,
771 1492 877 1523 cum
904 1475 1228 1523 anniversarii
1247 1477 1348 1523 dies
1369 1495 1536 1526 eorum
1561 1478 1876 1524 celebrantur.
1906 1477 2063 1524 Canon
2086 1478 2166 1538 qui
2192 1478 2242 1522 id
2266 1478 2444 1523 censuit
2465 1477 2586 1523 inter
2608 1491 2721 1522 con-

454 1552 557 1598 cilia
591 1552 794 1599 africana
828 1562 896 1599 est
931 1570 1060 1600 num.
1078 1550 1170 1601 50.
1203 1543 1484 1617 Ἔξέστω’
1471 1568 1543 1598 ετι
1578 1568 1673 1615 μκν
1710 1541 2146 1618 ἀναγινώσκεσθαι
2184 1542 2249 1597 τὰ
2282 1541 2425 1600 ποί-θη
2461 1566 2558 1598 των
2592 1564 2720 1636 phap-

452 1617 642 1693 τύρων,
679 1621 822 1676 πηνίκα
858 1621 912 1674 αἱ
954 1619 1149 1678 ἐτήσιαι
1189 1622 1355 1677 αὐτων
1392 1621 1573 1696 κμέραι
1616 1621 1983 1676 ἐπιτελοῦνται.
2019 1630 2183 1677 Liceat
2218 1630 2367 1676 etiam
2406 1629 2504 1692 legi
2530 1644 2722 1693 passio-

452 1723 533 1751 nes
555 1719 855 1770 martyrum,
883 1725 991 1754 cum
1017 1708 1341 1756 anniversarii
1363 1709 1464 1755 dies
1488 1725 1650 1755 eorum
1674 1709 1989 1756 celebrantur.
2017 1709 2120 1755 Dixi
2143 1724 2257 1755 vero
2280 1706 2502 1770 probata,
2529 1715 2580 1753 ut
2602 1721 2721 1767 quae

455 1783 513 1829 de
548 1793 816 1830 sanctorum
849 1786 1052 1832 historiis
1086 1785 1144 1832 ab
1172 1773 1412 1833 haereticis
1442 1787 1514 1834 vel
1543 1787 1642 1833 aliis
1672 1787 1790 1834 falso
1817 1788 1986 1849 scripta
2019 1794 2127 1833 sunt
2151 1785 2446 1833 excluderem
2483 1784 2569 1846 (ut
2591 1782 2721 1831 iubet

455 1876 601 1906 canon
637 1863 868 1909 trullanus
903 1863 1017 1925 63.)
1053 1865 1157 1918 Quo
1182 1863 1252 1910 vel
1290 1865 1393 1910 solo
1428 1864 1601 1911 sactum
1633 1874 1724 1918 est,
1751 1873 1804 1910 ut
1833 1879 1887 1911 ea
1922 1864 2105 1926 legendi
2138 1865 2187 1909 in
2219 1862 2409 1909 ecelesia
2443 1869 2575 1908 vetus
2608 1876 2721 1907 con-

455 1939 653 1985 suetudo
689 1955 714 1985 a
749 1941 930 1987 Gelasio
955 1942 1189 2003 antiquata
1214 1943 1288 1994 sit.
1327 1942 1532 1988 Gelasius
1557 1956 1677 2003 papa
1708 1943 1755 1987 in
1785 1956 1990 1987 romano.
2012 1940 2210 1986 concilio
2247 1939 2356 2002 (ed.
2385 1936 2533 1984 Labb.
2561 1939 2615 1983 T..
2639 1938 2716 1983 1V.

454 2030 503 2076 p.
539 2017 714 2079 1263.)
751 2019 893 2064 Gesta
928 2030 1202 2064 sanctorum
1239 2030 1513 2082 martyrum
1545 2018 1802 2064 secundum
1833 2017 2088 2080 antiquam
2122 2015 2527 2071 consuetudinem,
2554 2014 2722 2077 singu-

456 2092 555 2137 lari
578 2095 769 2141 cautela
795 2094 845 2140 in
872 2107 1042 2141 sancta
1070 2111 1275 2141 romana
1299 2095 1495 2142 ecclesia
1519 2112 1613 2141 non
1637 2097 1886 2158 leguntur:
1915 2094 2032 2157 quia
2056 2110 2241 2146 eorum,
2271 2092 2361 2155 qui·
2379 2091 2718 2154 conscripsere,

459 2169 658 2216 nomina
686 2172 878 2234 penitus
914 2172 1225 2236 ignorantur,
1258 2184 1304 2218 et
1337 2172 1400 2218 ab
1435 2172 1707 2234 infidelibus
1734 2183 1821 2218 aut
1855 2171 2017 2218 idiotis
2049 2172 2294 2235 superflua
2317 2181 2364 2215 et
2386 2168 2544 2214 minus
2572 2178 2716 2231 apta,

455 2261 601 2307 quam
638 2248 712 2292 rei
743 2249 859 2295 ordo
878 2249 1065 2311 suerit,
1100 2249 1294 2313 scripta-
1317 2266 1413 2303 esse
1443 2260 1707 2313 putantur,
1745 2249 1868 2295 sicut
1905 2246 2157 2295 cuiusdam
2195 2246 2381 2303 Quirici
2413 2257 2459 2291 et
2491 2244 2716 2296 Iulittae,

455 2321 579 2368 sicut
615 2324 810 2389 Georgii
842 2326 1155 2388 aliorumque
1174 2326 1409 2372 eiusmodi
1434 2325 1702 2389 passiones,
1732 2343 1854 2389 quae
1886 2325 1948 2371 ab
1972 2324 2226 2371 haereticis
2255 2321 2564 2387 perhibentur
2595 2336 2723 2366 com-

448 2399 662 2462 positae:
685 2415 883 2466 propter
916 2404 1067 2467 quod,
1097 2415 1150 2449 ut
1177 2403 1358 2449 dictum
1392 2415 1487 2455 est.
1516 2421 1574 2450 ne
1607 2404 1678 2450 vel
1705 2403 1825 2457 levis
1846 2401 2179 2466 subsannandi
2203 2401 2411 2449 oriretur
2434 2397 2640 2449 occasio,
2671 2397 2723 2443 in

452 2489 627 2530 xsancta
653 2495 856 2525 romana
888 2480 1085 2527 ecclesia
1118 2498 1212 2527 non
1248 2482 1488 2544 leguntur.
1526 2482 1779 2542 Antiquam
1809 2480 2191 2527 consuetudinem
2219 2477 2406 2540 legendi
2439 2483 2564 2537 gesta
2598 2489 2723 2520 mar-

458 2563 614 2615 tyrum
650 2559 695 2602 in
735 2559 927 2605 ecclesia
964 2560 1172 2606 Gelasius
1205 2560 1357 2606 multo
1395 2568 1500 2605 ante
1536 2560 1688 2606 Caroli
1725 2567 1935 2621 tempora
1968 2558 2165 2610 fatetur,
2196 2565 2242 2604 et
2274 2555 2537 2601 Hadrianus
2570 2552 2723 2599 eidem

456 2631 625 2678 Carolo
665 2634 938 2682 denunciat:
974 2645 1019 2683 et
1053 2638 1242 2683 Rivetus
1275 2645 1322 2684 et
1356 2634 1621 2682 Perkinsius
1653 2637 1859 2698 primum
1900 2650 1925 2681 a
1959 2634 2127 2681 Carolo
2161 2634 2458 2680 constitutam
2494 2645 2592 2677 esse
2627 2637 2726 2675 tra-⁴

458 2708 611 2756 dunt?
646 2712 702 2757 Et
736 2722 787 2759 ut
820 2715 965 2775 magis
998 2722 1177 2768 teneas,
1205 2714 1320 2775 quid
1350 2722 1523 2766 essent,
1557 2713 1751 2759 adeatur
1778 2712 1972 2758 Basilius
2005 2712 2295 2758 seleuciensis
2329 2710 2389 2756 de
2422 2709 2516 2755 vita
2552 2715 2599 2755 et
2633 2708 2724 2754 mi-

458 2786 629 2834 raculis
666 2799 850 2837 sanctae
883 2791 1076 2838 Theclae
1101 2790 1186 2837 lib.
1217 2793 1274 2837 Π.
1314 2792 1357 2837 Is
1388 2792 1607 2852 martyris
1639 2791 1833 2836 Theclae
1868 2790 1943 2836 die
1980 2789 2196 2836 sollemni
2231 2788 2291 2835 ad
2321 2785 2584 2833 habendam
2616 2800 2723 2831 ora-

449 2864 632 2910 ›tionem
661 2867 709 2911 in
735 2869 832 2914 eius
863 2868 1050 2915 laudem
1076 2884 1124 2915 se
1158 2884 1456 2931 comparans,
1485 2868 1561 2914 die
1587 2867 1886 2914 antecedente
1918 2868 1966 2912 in
1998 2866 2335 2930 aegritudinem
2366 2878 2590 2926 perquam
2616 2878 2723 2925 pra-

460 2956 566 2988 vam
601 2943 788 2998 incidit,
822 2953 868 2991 et
903 2954 1109 3033 martyre
1141 2946 1361 2992 morbum
1397 2946 1702 2999 dissolvente,
1738 2947 1787 2990 in
1821 2945 1983 2991 laudes
2015 2946 2113 2990 eius
2146 2943 2440 2989 effunditur
2429 2958 2475 2987 in
2511 2940 2717 2987 eeclesia.

452 3003 549 3062 Ἠν
587 3033 689 3084 γαρ
729 3013 884 3073 αὐτῆς
921 3038 944 3070 n
987 3011 1182 3075 ἐτησιος
1214 3011 1366 3086 ἑορὛκ
1399 3010 1847 3084 παρεσκευασάμην
1879 3009 1932 3064 δὲ
1969 3011 2113 3085 nai-yn}
2150 3033 2274 3083 προς
2310 3007 2507 3064 ἔπαινον
2541 3029 2721 3078 μικρον

462 3107 552 3146 Τῆς
590 3087 780 3160 ἑορτῆς
817 3087 1044 3155 ὤφθην
1026 3113 1100 3144 επι
1138 3113 1224 3164 ‘roo
1269 3087 1566 3163 ὃεικτκρίου·
1597 3087 1808 3161 M'ye'Tat
1850 3084 1903 3140 δὲ
1944 3086 2102 3149 οὕτως
2138 3088 2161 3141 0‘
2196 3085 2345 3147 τόπος
2384 3085 2430 3138 ἐν
2467 3079 2527 3168 ᾠ·
2542 3079 2722 3137 ἐπιδεί-

466 3183 665 3218 κνυνται
706 3166 753 3218 οἱ
791 3166 1048 3230 λεΤοντες,
1080 3168 1234 3221 τοῦτο
1271 3164 1403 3221 ἐστιν
1441 3167 1465 3219 0‘
1504 3164 1682 3239 ἅμβων
1718 3163 1829 3223 ἤτοι
1860 3189 1915 3218 το
1954 3161 2298 3239 ἀκροατήριον
2335 3160 2418 3215 καὶ
2459 3156 2594 3214 εἶπον
2627 3156 2719 3230 μὲν

462 3234 607 3292 ἅττα.
647 3253 904 3299 Conventus
936 3253 1294 3301 anniversarius
1319 3270 1420 3299 etus
1445 3248 1705 3316 agebatur,
1738 3264 1782 3297 et
1814 3252 1882 3298 acl
1911 3263 2175 3318 orationem
2207 3249 2441 3332 exiguam
2473 3246 2530 3292 de
2560 3245 2723 3291 laudi-

463 3325 548 3371 bus
569 3327 695 3387 sesti
717 3328 990 3378 habendam
1022 3348 1096 3377 me
1129 3346 1537 3395 comparaveram.
1571 3332 1632 3376 In
1664 3329 1864 3385 di‘cterto
1894 3344 2164 3391 comparui,
2193 3325 2281 3372 hoc
2314 3337 2382 3371 est
2410 3324 2461 3370 in
2487 3325 2607 3374 loco,
2638 3322 2723 3368 ubi

463 3401 604 3447 verba
617 3403 815 3464 facturi
835 3425 882 3453 se
907 3407 1158 3459 exhibent,
1188 3408 1283 3455 sive
1308 3407 1577 3458 ambonem,
1607 3406 1702 3454 sive
1725 3418 2022 3470 suggestum,
2051 3404 2145 3452 sive
2168 3397 2463 3449 auditorium
2486 3400 2714 3463 appelles,

463 3489 508 3523 et
539 3495 704 3542 pauca
737 3485 973 3545 quaedam
1009 3486 1137 3532 dixi.
1175 3487 1263 3541 Qui
1298 3487 1389 3532 iam
1426 3484 1636 3531 adductis
1667 3484 1940 3531 testimoniis
1968 3482 2110 3529 fidem
2143 3496 2237 3527 non
2269 3478 2485 3532 adhibet,
2512 3478 2651 3524 etiam
2682 3479 2723 3523 si

464 3567 674 3603 sexcenta
713 3559 799 3605 alia
839 3562 1121 3617 offerantur,
1160 3564 1441 3623 pervicacius
1478 3562 1758 3608 indurescet.
1798 3560 2088 3623 Legebantur
2120 3560 2281 3618 itaque·
2312 3557 2360 3601 in
2397 3554 2586 3622 ecclesia
2619 3563 2720 3600 tum

466 3635 605 3680 latina
642 3644 741 3681 tum
777 3653 940 3698 graeca
977 3656 1070 3686 non
1105 3641 1359 3702 scripturae
1396 3655 1550 3685 sacrae
1585 3639 1906 3690 solummodo,
1943 3636 2024 3684 sed
2057 3644 2102 3682 et
2136 3632 2246 3681 acta'
2274 3642 2559 3695 martyrum,
2597 3642 2642 3680 et
2674 3634 2724 3680 in

466 3714 628 3759 iisdem
671 3713 1059 3761 sollemnitatibus
1103 3716 1161 3761 ab
1204 3716 1542 3778 antiquioribus
1583 3715 1792 3778 patribus
1834 3714 2016 3760 habitae
2057 3712 2293 3759 orationes
2332 3719 2436 3757 ante
2471 3711 2720 3764 Carqum,

466 3793 678 3855 quamvis
712 3792 760 3838 id
794 3793 1008 3854 nequiter
1041 3802 1209 3854 negent
1246 3802 1291 3840 et
1330 3794 1515 3840 Rivetus
1548 3802 1592 3840 et
1625 3790 1903 3839 Perkinsius.
