2970 4420
467 252 556 298 198
1401 266 1552 297 moins
1586 267 1761 297 ALLA'rn

460 349 703 396 merearis.
744 349 881 404 Quod
913 350 958 396 si
974 349 1128 415 plebis
1155 350 1300 396 etiam
1333 348 1652 395 testimonium
1683 349 1894 395 maximi
1916 350 2072 411 facis,
2103 351 2210 399 licet
2237 355 2454 402 Socrates
2490 374 2582 404 uno
2608 369 2718 404 tan-

460 439 586 476 tum,
616 442 724 471 cum
751 443 843 489 quo
878 427 1162 489 colloquium
1189 425 1412 475 iniverat,
1442 437 1685 472 contentus
1718 437 1855 476 esset,
1887 437 1973 471 aut
2003 443 2060 472 ne
2092 428 2145 474 id
2176 420 2391 492 quidemss
2422 450 2567 495 neque
2590 435 2715 481 enim

460 502 553 548 ti‘bz
584 516 810 550 convenit.
849 504 944 550 Sed
982 504 1095 549 aliis
1129 501 1401 548 utilioribus
1437 502 1680 548 attendere
1714 504 1890 554 volens,
1926 504 2116 550 ommno
2149 506 2210 552 ab
2248 507 2715 572 z'mnterpretationibus

460 579 733 634 abstissnebzs
769 583 830 626 At
861 592 912 625 tu
938 596 1042 626 vero
1068 596 1126 624 ne
1148 578 1387 630 cruciare,
1416 595 1647 641 quaerens
1675 580 1799 625 unde
1824 579 1915 624 tibi
1936 579 2166 628 alimenta
2193 599 2455 647 compares,
2486 585 2716 658 interpre-

460 656 722 702 tati'onibus
755 656 994 719 neglectis.
1034 657 1211 701 Nostra
1244 655 1477 718 siquidem
1509 668 1554 702 et
1591 657 1682 703 tibi
1715 657 1986 702 communia
2021 670 2155 704 sunt.-
2189 671 2233 704 et
2264 661 2389 706 unde
2419 662 2584 714 nobis,
2616 664 2726 709 inde
2761 671 2764 673 ’

458 746 503 778 et
537 734 629 779 tibi
655 733 1032 796 praestabuntur
1055 733 1309 783 alimenta,
1339 750 1433 779 non
1470 746 1744 796 utcumque,
1772 735 1856 780 sed
1878 735 2019 797 quasi
2048 735 2215 781 eadem
2240 753 2336 799 qua
2362 751 2405 783 et
2440 756 2527 786 nos
2564 741 2732 804 digni-

459 823 559 856 tate
580 811 818 874 fulgeres.
856 809 919 856 Et
951 810 996 855 si
1027 810 1118 855 tibi
1150 810 1199 855 in
1234 810 1399 856 animo
1421 811 1585 872 suerit
1619 812 1776 858 sedem
1805 823 2016 863 mutare,
2054 829 2149 858 non
2184 814 2254 858 ad
2289 814 2442 860 alium
2475 833 2621 879 quam
2655 818 2724 864 ad

457 904 541 933 nos
575 904 790 951 gressum
823 887 1038 949 dirigito.
2337 880 2341 886 ’

587 966 742 1011 Liceat
774 964 887 1010 mihi
919 964 994 1009 hic
1028 962 1181 1010 obiter
1213 953 1446 1027 iniquam,
1479 960 1787 1027 ac'perpetuo
1812 966 2108 1012 comitantem
2135 966 2362 1014 litteratos
2392 969 2627 1023 homines,
2657 971 2732 1017 af-

460 1041 632 1087 flictam
652 1052 719 1087 *ac
751 1042 963 1086 miseram
998 1040 1313 1087 conditionem
1345 1041 1606 1104 deplorare.
1642 1041 1914 1106 Theodorus
1946 1044 2088 1096 Gaza,
2116 1045 2197 1104 qui
2230 1044 2324 1089 vir!
2360 1053 2430 1091 tot
2461 1047 2722 1098 studiorum
2760 1044 2765 1052 ⁴

464 1117 703 1164 laboribus
726 1117 848 1179 apud
873 1118 1068 1163 Graecos
1093 1125 1138 1162 et
1161 1119 1346 1164 Latinos
1371 1120 1610 1172 emeritus,
1639 1118 2050 1166 totvoluminibus
2072 1122 2342 1182 compositis
2364 1122 2516 1169 clarus
2539 1132 2586 1170 et
2611 1140 2731 1170 con-

458 1196 673 1256 spicuus,
699 1209 880 1240 summo
914 1194 1124 1241 Pontifici
1158 1204 1319 1249 notus,
1349 1196 1614 1258 purpuratis
1648 1194 1858 1258 patribus
1885 1211 2041 1249 carus,
2071 1198 2119 1242 in
2144 1198 2276 1244 Italia
2303 1198 2568 1245 studiorum
2597 1201 2728 1246 altri-

458 1288 532 1329 ce,
562 1270 874 1334 spectantibus
899 1270 1187 1334 principibus
1211 1272 1321 1319 viris
1342 1282 1387 1319 et
1411 1272 1732 1334 laudantibus,
1760 1275 1824 1319 ita
1848 1282 1976 1336 eget,
2006 1281 2055 1320 ut
2081 1290 2165 1321 nec
2192 1274 2278 1320 sibi
2305 1275 2429 1321 unde
2447 1276 2573 1323 vivat
2595 1277 2731 1323 domi

458 1351 540 1401 εἰη
578 1358 623 1394 et
663 1364 720 1394 ne
756 1348 813 1394 ad
858 1349 1199 1395 mendicitatem
1239 1365 1287 1399 se
1320 1349 1615 1404 detruderet,
1655 1351 1860 1396 animum
1901 1366 1925 1397 a
1961 1351 2124 1405 studiis
2163 1350 2459 1406 abstrahere,
2496 1362 2543 1400 et
2581 1354 2719 1400 alieni

460 1424 595 1486 agelli
621 1424 778 1487 glebas
812 1426 965 1472 colere
995 1427 1193 1487 cogitur.
1231 1428 1334 1473 Non
1369 1427 1606 1473 crederem
1636 1428 1734 1488 ipse
1765 1426 1949 1480 hercle,
1978 1428 2024 1473 ni
2056 1428 2275 1474 idemmet
2304 1429 2576 1476 Theodorus
2602 1430 2716 1476 fate-

456 1511 610 1554 retur,
648 1511 693 1549 et
725 1517 854 1548 suam
899 1494 1017 1549 hanc
1059 1512 1306 1564 egestatem
1347 1513 1600 1566 exponeret
1634 1506 1681 1550 in
1717 1505 1912 1566 epistola
1951 1504 2011 1551 ad
2055 1507 2343 1552 Demetrium
2384 1507 2724 1569 Sguropulum.

458 1568 808 1640 Παροίὸειγμα
845 1567 946 1621 ὃ”’
924 1594 1044 1630 ισως
1072 1594 1141 1623 αν
1179 1568 1255 1628 ein
1288 1571 1343 1624 οὔ
1379 1571 1580 1635 φαῦλον
1614 1594 1697 1624 και
1731 1571 1786 1624 τὸ
1821 1570 2078 1644 ἡμέτερον·
2111 1595 2257 1644 κμεις
2286 1596 2391 1645 γαρ
2423 1573 2726 1647 αποροῦνὝές
2776 1642 2779 1645 ¹

458 1668 590 1700 ποτε
626 1645 816 1720 τρόπον
853 1645 1051 1707 «παντὸς
1090 1647 1161 1708 εἷς
1196 1647 1282 1702 τὸν
1319 1653 1459 1714 βίον,
1497 1646 1668 1720 ἑτέρου
1707 1647 1959 1712 λαβόντες
1994 1654 2184 1721 χωρίον
2223 1649 2594 1723 ἐγεωργουμεν
2634 1673 2723 1703 και

457 1721 614 1792 ταύτῃ
650 1722 716 1776 τοὶ
757 1722 1021 1778 ἐπιτήδεια
1054 1746 1167 1797 πορι
1154 1723 1409 1797 ιζόμενοι,
1445 1720 1608 1777 οὐδενὶ
1650 1723 1942 1799 γεγόναμεν
1980 1730 2218 1820 φορτικοί
2246 1748 2298 1779 τε
2336 1725 2419 1778 καὶ
2464 1726 2727 1796 ἐπαχθεῖς

459 1800 727 1861 αἷτοῦνὟες
766 1799 845 1853 σοὶ
885 1799 976 1872 μέν
1011 1824 1090 1854 τοι
1129 1825 1191 1873 γε
1231 1798 1447 1872 οὐδεμία
1482 1799 1664 1858 οἰναΓκκ
1702 1801 1957 1873 γεωρΓεῖν·
1996 1799 2113 1872 ἐμοι
2149 1801 2241 1872 μὲν
2251 1802 2394 1899 γὰρ
2422 1802 2445 1854 o‘
2483 1802 2598 1857 τότ-ε
2634 1802 2728 1856 πο’-

458 1886 616 1947 λεμος
655 1875 879 1930 ἐπέκλειε
910 1901 994 1935 την
1032 1878 1104 1940 εἷς
1137 1877 1231 1939 τοὶς
1265 1877 1442 1939 πόλεις
1479 1876 1613 1932 ὁδόν
1654 1877 1712 1932 σι)
1746 1876 1794 1930 δ’
1829 1878 1875 1933 ἐν
1905 1879 2198 1952 ΦλωρενΤίᾳ.
2227 1901 2266 1932 ει
2290 1920 2301 1941 ,
2330 1877 2477 1932 πόλει
2508 1881 2727 1952 πορισὛι-

457 1971 656 2025 κωτατνι
695 1952 918 2027 ἑκάστῳ,
956 1951 1077 2029 ἅπερ
1116 1952 1175 2010 ἀν
1215 1952 1515 2012 ἔπίΤηὸεύειν
1546 1954 1842 2028 προέλιΠαι.
1875 1964 2144 2028 Exemplar
2162 1965 2357 2026 suerint
2373 1965 2592 2026 fortasse
2626 1983 2719 2012 non

453 2042 637 2088 malum
669 2058 741 2087 res
776 2054 983 2088 nostrae.
1021 2042 1167 2089 Nobis
1190 2059 1316 2088 enim
1345 2059 1452 2089 cum
1475 2059 1671 2106 prorsus
1694 2058 1790 2088 non
1813 2052 2109 2106 suppeterent
2137 2052 2262 2088 vitae
2286 2042 2578 2094 necessaria,
2608 2059 2716 2089 nos-

456 2130 585 2164 tram
617 2118 666 2163 in
701 2118 857 2165 alieno
895 2135 1016 2182 agro
1048 2119 1239 2166 colendo
1269 2135 1463 2182 operam
1493 2118 1848 2171 collocavimus3
1872 2118 2031 2181 sicque
2064 2118 2335 2165 necessaria
2361 2129 2721 2182 comparantes,

456 2195 638 2241 nemini
669 2212 829 2242 sumus
859 2197 1175 2259 quaeritando
1205 2213 1354 2259 neque
1384 2196 1573 2243 molesti
1601 2212 1749 2260 neque
1785 2195 1953 2241 odiosi.
1992 2195 2140 2241 Nulla
2178 2200 2283 2242 vero
2317 2195 2445 2259 cogit
2475 2194 2727 2241 necessitas

455 2287 499 2320 te
526 2290 670 2339 agros
699 2276 863 2322 colere.
899 2275 1025 2322 Mihi
1042 2276 1274 2324 enimvero
1305 2277 1477 2338 bellulm
1504 2275 1632 2361 quod
1654 2287 1754 2322 tum
1778 2275 2054 2339 gerebatur,
2084 2274 2153 2320 ad
2179 2260 2316 2321 urbes
2339 2274 2527 2321 aditum
2556 2274 2704 2321 inter-

455 2352 693 2399 eludebat.
734 2355 800 2397 Tu
838 2369 943 2400 vero
970 2354 1240 2400 Florentiae
1271 2353 1544 2402 immoraris
1573 2370 1624 2399 ιη
1659 2353 1773 2399 urbe
1792 2351 2213 2416 fructuosissima
2249 2363 2295 2397 et
2323 2368 2563 2416 perquam
2601 2368 2728 2398 com-

459 2429 601 2475 moda
637 2429 854 2476 omnibus
883 2429 968 2492 qui
1002 2430 1218 2476 animum
1249 2430 1318 2476 acl
1349 2430 1548 2516 aliquod
1574 2429 1858 2476 exercitium
1890 2428 2225 2492 applicuerzssnt
2262 2430 2318 2474 Et
2348 2430 2397 2475 in
2434 2429 2630 2491 epistola
2664 2430 2727 2476 ad

459 2506 780 2554 Andronicum
812 2507 1001 2553 Callisti.
1043 2496 1133 2550 Σοὶ
1177 2496 1229 2560 δὲ
1267 2520 1438 2555 mvn‘rt
1477 2495 1582 2552 δ’ντι
1622 2497 1835 2568 ἀπορίαν
1860 2519 1967 2550 των
2000 2494 2243 2550 τοιούτων
2280 2493 2528 2567 ὑπάρχειν
2566 2492 2728 2568 ἀνοίγ-

460 2609 548 2648 nn,
587 2582 696 2641 οἷόν
731 2610 778 2640 τι
816 2583 972 2659 κᾴμοι
1009 2591 1279 2656 συμβαίνει
1319 2586 1557 2641 νοσουνΎι·
1587 2590 1678 2640 καί
1701 2608 1778 2639 τοι
1811 2608 1856 2638 οι
1891 2582 2128 2638 δεσπόται
2167 2607 2302 2655 κμων
2333 2581 2719 2656 ὃιατατὟόμενοι

460 2663 581 2734 ἧμιν
611 2687 676 2717 τα
713 2660 994 2726 ἐπιΎῆἃεια,
1022 2663 1304 2717 τάναΓκαια
1338 2661 1489 2733 μόνον
1516 2663 1588 2737 τῷ
1616 2663 1873 2717 ὔΓιαίνονΤι
1913 2662 2171 2734 ὁρίζουσι,
2207 2660 2354 2715 νόσου
2389 2657 2450 2713 δε
2483 2684 2566 2714 και
2605 2683 2725 2732 συμ-

460 2738 737 2812 πτωμοίτων
772 2738 1016 2794 τοιούτων
1050 2738 1371 2813 προμήθειαν
1407 2763 1527 2812 κμιν
1556 2721 1805 2811 οὐδεμίαν
1841 2739 2130 2800 ποιοῦνται,
2168 2737 2233 2798 ὦς
2269 2735 2373 2809 οἵρα
2410 2738 2469 2790 ἐκ
2505 2735 2722 2812 ὃρυος
2694 2762 2718 2795 n

460 2814 671 2897 πέτρας,
709 2815 856 2871 αλλα
889 2841 954 2888 μη
997 2817 1057 2889 ἐξ
1093 2814 1358 2889 ἀνθρώπων
1395 2815 1755 2891 ‘fiscampi-vote
1795 2825 1900 2872 Tibi
1932 2841 2036 2872 vero
2063 2840 2170 2870 cam
2197 2840 2384 2888 pauper
2415 2841 2505 2875 szs,
2536 2823 2722 2871 necesse

461 2915 528 2950 est
554 2916 605 2950 ut
630 2920 788 2950 rerum
812 2902 1088 2949 huiusmodi
1114 2903 1278 2967 inopia
1298 2903 1541 2968 premaris
1550 2922 1565 2957 ,-
1589 2903 1718 2966 quod
1738 2901 1861 2948 milii
1884 2918 2065 2964 quoque
2097 2901 2222 2947 male
2244 2899 2442 2946 habenti
2464 2899 2718 2964 contingit.

462 2980 660 3039 Domini
685 2980 920 3043 siquidem
953 2979 1107 3026 nostri
1129 2979 1264 3026 nobis
1293 2980 1561 3026 necessaria
1587 2978 1963 3044 suppeditantes,
1992 2976 2258 3023 necessaria
2281 2977 2573 3023 solummodo
2603 2991 2721 3022 sano

462 3057 766 3110 ministrant,·
794 3056 1115 3121 aegritudinis
1144 3073 1248 3104 vero
1271 3069 1316 3103 et
1340 3056 1573 3103 similium
1597 3055 1916 3103 accidentium
1946 3055 2129 3100 nullam
2156 3070 2323 3100 curam
2350 3053 2632 3116 suscipiunt.
2652 3068 2721 3111 ¹ac

463 3134 507 3179 si
538 3151 622 3180 nos
648 3152 711 3179 σω
735 3151 908 3197 quercu
932 3135 1004 3182 vel
1022 3150 1167 3185 saxo,
1197 3146 1243 3179 et
1278 3151 1372 3180 non
1400 3133 1465 3180 ea:
1488 3133 1785 3184 hominibus,
1808 3132 2044 3197 prognati
2070 3147 2287 3178 essemus.
2325 3131 2364 3176 Ο
2400 3145 2562 3176 manus
2596 3130 2722 3191 prin-

465 3213 620 3274 cipum
656 3213 839 3275 pumice
872 3215 975 3276 ipso
1012 3212 1264 3259 aridiores!
1301 3214 1339 3259 Ο
1373 3212 1556 3259 divitias
1590 3211 1849 3285 luculentas
1882 3218 2080 3273 egestate
2114 3211 2211 3271 ipsa
2245 3207 2502 3255 avariores!
2537 3206 2627 3253 Sed
2662 3207 2721 3253 ad

467 3290 632 3351 scripta
663 3289 910 3336 Theodori.
2621 3291 2625 3295 “

595 3368 779 3413 Praeter
811 3369 1239 3430 interpretationem
1275 3382 1430 3421 suam,
1459 3367 1733 3413 divisionem
1763 3379 1952 3428 quoque
1988 3363 2217 3410 librorum
2248 3361 2519 3407 Theodorus
2542 3359 2602 3407 de
2634 3376 2720 3408 suo

469 3441 637 3487 attulit.
675 3444 942 3490 Franciscus
980 3445 1201 3490 Patricius
1236 3444 1573 3490 discussionum
1610 3443 2016 3505 peripateticarum
2055 3438 2177 3487 libro
2206 3439 2284 3484 XI.
2322 3438 2456 3483 Inter
2493 3453 2595 3487 eos,
2636 3437 2721 3499 qui

471 3516 780 3565 aristotelicos
812 3520 956 3566 libros
985 3538 1048 3566 ex
1081 3537 1253 3584 graeco
1282 3521 1457 3566 latinos
1478 3520 1666 3582 secere,
1702 3517 2128 3566 Theodorus‘Gaza
2154 3530 2236 3561 suo
2258 3513 2465 3576 quodam
2489 3512 2627 3559 modo
2658 3513 2722 3559 ab

472 3595 708 3640 averroico
745 3595 1010 3657 differente,
1051 3598 1194 3644 libros
1228 3597 1278 3643 in
1312 3596 1476 3661 capita
1508 3596 1678 3647 secuit,
1718 3595 1846 3659 quod
1876 3595 1988 3640 item
2020 3604 2065 3638 et
2095 3590 2445 3654 Argyropulum.
2476 3601 2520 3634 et
2555 3591 2720 3642 Bessa-

473 3669 652 3715 rionem
667 3706 678 3719 ‚
707 3682 752 3715 et
785 3673 906 3717 alios
932 3673 1155 3720 existimo
1176 3673 1379 3736 secisse:
1406 3685 1459 3720 ut
1483 3672 1631 3720 variis
1658 3671 1810 3719 modis
1839 3668 2102 3717 Aristotelis
2134 3665 2249 3713 libri
2274 3682 2363 3729 pro
2394 3665 2616 3728 cuiusque
2637 3680 2722 3711 ar-

474 3746 616 3793 bitrio
649 3747 742 3794 Sint
777 3747 919 3794 divisi
933 3786 944 3799 ,
983 3767 1088 3796 cum
1126 3752 1222 3814 ipse
1259 3751 1467 3815 integros
1499 3762 1642 3814 atque
1679 3749 1978 3796 continuatos
2011 3743 2273 3808 scripserit,
2312 3745 2473 3805 quales
2504 3743 2566 3788 ab
2600 3742 2720 3789 Aldo

474 3824 662 3888 eiusque
686 3822 934 3871 heredibus
960 3826 1054 3876 bis,
1086 3828 1304 3874 Basileae
1327 3840 1488 3874 autem
1513 3827 1657 3874 semel
1676 3825 1890 3890 expressi
1905 3824 2129 3886 suerunt.
2157 3823 2414 3869 Maussacus
2440 3821 2564 3869 dicto
2588 3820 2716 3867 loco:
