2970 4420
1225 254 1281 287 ne
1313 253 1497 288 moeris.
2451 242 2511 287 23

256 352 374 390 num
407 340 700 405 elegantium
731 339 1067 401 artificialium
1103 340 1448 389 doctrinarum.
1483 336 1744 388 'Musaeum
1767 353 1930 384 revera
1962 337 2210 384 scientiam
2245 339 2506 403 inspirans.

256 418 415 466 Huius
448 416 788 480 inculpabilem
820 416 1123 480 scriptionem
1152 417 1429 481 expediens,
1455 415 1692 482 plerisque
1715 414 1872 460 cibum
1895 414 2122 478 proposui
2147 431 2407 477 numquam
2434 418 2515 462 cle-

254 494 524 557 ficientem.
1462 533 1464 536 .

389 571 629 632 Leguntur
652 569 793 615 etiam
819 570 914 616 sive
937 570 1166 624 eiusdem,
1198 571 1294 617 sive
1319 570 1507 630 alterius
1533 568 1636 632 (sed
1661 577 1784 616 certe
1807 568 1993 614 Nicetae
2018 566 2324 614 heracleensis
2347 577 2517 614 metro·

255 646 435 710 politae
464 646 594 709 sunt)
621 662 842 710 responsa
865 646 934 692 ad
955 646 1351 711 interrogationes
1375 647 1625 694 cuiusdam
1647 644 1868 710 episcopi.
1906 646 2212 691 Meminerunt
2242 645 2518 706 epitomato-

257 740 339 771 res
371 725 654 786 gesneriani,
683 732 731 770 et
760 725 1060 777 Possevinus;
1098 711 1351 786 dicuntque
1383 734 1537 772 extare
1571 723 1695 787 apud
1731 724 1955 768 Zonaram
1987 722 2040 768 in
2076 721 2331 768 canonibus
2365 725 2519 768 conci-

257 801 349 847 lior
358 816 453 846 um.
474 800 632 847 Edidit
655 815 709 847 ea
734 816 895 862 graece
917 810 963 848 et
988 802 1130 848 latine
1149 801 1376 848 Iohannes
1392 801 1694 848 Leunclavius
1717 801 1767 846 in
1790 801 1891 845 iure
1914 813 2310 860 graeco-romano
2333 814 2378 861 p.
2403 799 2513 844 310.

386 919 512 965 XIII.
550 920 734 965 Nicetae
764 919 1163 982 chartophylacis,
1190 918 1491 981 post-modum
1521 918 1846 980 metropolitae
1877 916 2298 970 thessalonicensis,
2325 931 2521 979 respon-

261 1010 366 1042 sum
388 994 448 1041 ad
483 996 826 1057 suggestionem
857 996 1009 1042 Basilii
1040 996 1255 1042 monachi
1280 996 1558 1058 cappadocis
1589 995 1647 1041 de
1680 994 1846 1046 servis,
1877 1005 1930 1040 ut
1954 1009 2122 1040 sacrae
2148 1009 2310 1058 preces
2339 993 2521 1056 nuptiis

262 1088 425 1118 eorum
459 1070 799 1118 adhtmbeantur
838 1073 980 1119 Item.
1017 1071 1337 1137 responsiones
1372 1088 1536 1119 variae
1573 1072 1641 1118 ad
1679 1071 1888 1118 diversas
1921 1069 2211 1118 diversorum
2249 1069 2521 1116 anti'stztum

263 1148 664 1234 interrogationes
687 1149 746 1194 de
779 1148 927 1195 variis
953 1149 1090 1195 rebus
1120 1148 1464 1195 ecclesiastissczs
1502 1140 1595 1196 Has
1619 1164 1808 1212 quoque
1839 1147 2227 1209 interrogationes
2257 1154 2302 1192 et
2329 1161 2520 1207 respon-

263 1225 419 1272 siones
452 1240 616 1287 graece
641 1233 686 1271 et
711 1225 854 1272 latine
885 1225 1032 1272 edidit
1060 1210 1364 1272 Leunclavius
1392 1224 1565 1272 ibidem
1592 1242 1639 1288 p.
1672 1228 1784 1273 344.
1815 1235 1861 1272 et
1890 1227 2001 1273 346.
2028 1233 2075 1271 et
2097 1223 2180 1270 lib.
2210 1224 2286 1270 VI.
2320 1239 2367 1285 p.
2405 1224 2516 1268 4.09

261 1302 468 1350 Eandem
502 1303 655 1349 Basilii
685 1303 753 1348 de
790 1302 934 1349 servis
972 1303 1414 1365 interrogationem,
1455 1311 1501 1361 et
1533 1305 1716 1350 Nicetae
1759 1304 2108 1365 responsionem
2144 1301 2298 1347 nescio
2341 1315 2431 1361 qua
2462 1298 2520 1344 de

259 1395 397 1427 causa
433 1381 635 1443 repetiit.
674 1381 731 1426 Et
767 1379 887 1426 forte
918 1395 1014 1426 non
1050 1380 1239 1456 alterius
1270 1381 1456 1427 Nicetae
1492 1389 1590 1434 est,
1626 1381 1755 1442 quod
1790 1389 1956 1427 notant
1988 1381 2319 1443 epitomatores
2359 1392 2518 1439 gesne-

258 1458 402 1511 riani,
430 1474 572 1520 quam
605 1458 789 1504 Nicetae
821 1457 1153 1519 protosyncelli
1187 1465 1234 1502 et
1267 1457 1640 1519 chartophylacis
1670 1473 1863 1519 magnae
1897 1457 2137 1509 ecclesiae,
2174 1467 2284 1517 περι
2323 1445 2417 1497 τοῦ
2449 1467 2516 1514 μη

258 1527 502 1596 γίνεσθαι
534 1523 707 1596 γάμον
739 1521 968 1595 ἑβδόμου
999 1520 1238 1594 βαθμοῦ,
1273 1533 1331 1579 de
1352 1550 1447 1579 non
1470 1532 1804 1597 contrahendis
1826 1533 2008 1598 nuptiis
2035 1550 2085 1578 cn
2109 1544 2306 1596 septimo
2330 1530 2515 1592 gradu,-

259 1612 308 1657 in
343 1627 513 1673 magno
542 1611 783 1657 volumine.
817 1625 1051 1657 canonum
1084 1609 1302 1656 Iohannis
1337 1611 1558 1656 Zonarae.
1595 1612 1868 1658 Possevinus
1903 1609 2086 1656 scribit:
2114 1609 2171 1654 de
2201 1625 2295 1654 non
2328 1619 2520 1653 contra-

258 1686 412 1734 hendo
446 1687 680 1734 connubio
716 1686 766 1733 in
799 1685 1100 1732 hebdomada
1133 1702 1302 1740 sacra3
1331 1686 1543 1732 ridicule.

388 1808 507 1853 XIV.
544 1807 729 1853 Nicetae
764 1804 1092 1867 metropolitae
1125 1806 1338 1852 Amasiae
1371 1804 1566 1867 legitur:
1603 1815 1712 1868 περι
1750 1817 1839 1856 της
1876 1794 1923 1849 ἐν
1954 1817 2023 1866 τῳ
2053 1792 2405 1868 πατριαρχείῳ
2443 1810 2519 1856 φι-

258 1879 514 1935 λονεικίας
551 1870 641 1926 δια
673 1871 767 1934 τὰς
803 1871 1023 1944 ψηφοῡς.
1059 1883 1132 1928 De
1169 1882 1371 1928 dzfflsszdco
1409 1894 1578 1928 eoeorto
1615 1882 1666 1928 in
1693 1881 2000 1946 patri-'arduo
2029 1893 2224 1945 propter
2259 1881 2516 1944 suffragia.

260 1947 315 2004 P.
347 1950 628 2020 Καλοῦμαι
664 1949 710 2004 ἔν
736 1972 862 2021 ταις
880 1948 1091 2020 ψήφοις
1126 1959 1399 2006 Habebatur
1427 1962 1476 2004 in
1510 1958 1742 2023 palatina,
1769 1967 1985 2020 ext-atque
2012 1959 2061 2004 in
2091 1959 2416 2020 ahempsiana,
2446 1959 2521 2018 (in

259 2039 366 2085 cod.
394 2046 488 2085 vat.
523 2039 663 2084 1455.
694 2037 730 2083 f.
760 2038 872 2083 325.
890 2036 905 2100 )
939 2045 986 2084 et
1019 2036 1147 2084 alibi.

386 2159 484 2204 XV.
521 2159 708 2204 Nicetae
733 2157 974 2219 anthypati
999 2158 1178 2219 patricii
1204 2165 1249 2203 et
1282 2157 1490 2219 magistri
1526 2143 1786 2208 ὑποθέσεις
1818 2146 1887 2207 εἷς
1917 2169 2035 2207 τους
2063 2143 2327 2217 ψαλμούς.
2366 2158 2520 2218 trgu-

218 2294 223 2296 μ
263 2247 424 2281 menta
459 2235 510 2280 in
538 2235 768 2299 psalmos.
808 2228 862 2276 P.
893 2225 994 2286 Tne
1025 2222 1160 2285 θείας
1188 2225 1282 2277 τοΰ
1308 2223 1548 2278 παναΓίου
1575 2222 1855 2295 πνεύματος
1883 2221 2115 2298 χάριτος.
2151 2233 2200 2277 In
2237 2231 2547 2279 bibliotheca
2595 2253 2609 2261 Α·

259 2311 528 2359 barberina.

388 2432 508 2478 XVI.
544 2433 731 2478 Nicetae
762 2431 1145 2491 iatrosophistae:
1184 2421 1209 2477 ἦ
1245 2418 1457 2493 μεγάλη
1495 2418 1577 2473 καὶ
1616 2416 1822 2473 παλαιοὶ
1858 2415 2132 2491 συναγωγή
2167 2419 2254 2479 τῆς
2289 2439 2521 2489 χειρουρ·

208 2523 211 2524 ’
261 2499 414 2571 γικῆς
449 2496 661 2567 τέχνης,
698 2497 1024 2564 συλλεγεῖσα
1056 2495 1191 2572 παρὰ
1226 2495 1426 2554 Nmn‘w
1455 2496 1507 2550 ἐκ
1545 2494 1801 2569 διαφόρων
1835 2495 2067 2550 παλαιῶν
2105 2495 2303 2567 ias-pair.
2339 2506 2522 2566 Magna

262 2599 307 2632 et
332 2586 536 2648 antiqua
567 2584 778 2631 collectio
803 2583 926 2630 artis
950 2582 1254 2648 chirurgicae
1278 2601 1342 2629 ex
1365 2583 1513 2630 variis
1532 2583 1747 2646 antiquis
1764 2582 1977 2628 medicis.
2005 2584 2071 2628 Ex
2093 2583 2293 2642 Amynta
2318 2581 2487 2627 scilicet
2507 2614 2517 2631 ‚

261 2662 517 2724 Anthyllo,
545 2662 733 2723 Apelle,
765 2661 1020 2723 Apollonio
1054 2661 1242 2713 cinaeo,
1280 2661 1566 2722 Archigene,
1601 2659 1899 2722 Asclepiade,
1926 2659 2110 2711 Diocle,
2136 2658 2336 2708 Galeno‚
2364 2655 2525 2701 Helic-

263 2741 410 2792 doro,
439 2741 746 2801 Hippocrate,
773 2737 1141 2799 Nymphodoro,
1173 2737 1414 2792 Oribasio,
1441 2737 1674 2788 Palladio,
1706 2736 1848 2783 Paulo
1883 2737 2115 2797 aegineta,
2145 2734 2291 2785 Rufo,
2326 2735 2517 2779 Sorano.

262 2821 432 2865 Graece
456 2817 768 2878 manuscripta
793 2814 992 2861 habetur
1016 2815 1062 2860 in
1086 2813 1368 2860 bibliotheca
1394 2816 1516 2876 regis
1538 2815 1793 2861 Gallorum.
1826 2815 2039 2876 Epitome
2065 2813 2354 2874 gesneriana,
2383 2809 2522 2854 Israel

263 2894 485 2958 Spachius
509 2894 558 2939 in
581 2891 932 2938 nomenclatore
958 2891 1271 2943 medicorum,
1300 2891 1530 2937 Paschalis
1558 2891 1739 2943 Gallus,
1765 2899 1811 2937 et
1845 2890 2072 2936 Iohannes
2095 2889 2318 2949 Georgius
2352 2887 2524 2932 Schen-

261 2970 368 3018 kius
393 2973 440 3017 in
465 2969 750 3016 bibliotheca
774 2968 972 3014 medica.
1009 2967 1291 3028 Principium
1317 2968 1471 3029 operis
1494 2982 1551 3012 ex
1574 2967 1680 3013 cod.
1711 2968 1822 3012 404.
1861 2967 2012 3028 regiae
2037 2965 2281 3011 lutetianae
2305 2962 2524 3008 indicavit

264 3050 409 3102 mihi,
446 3049 506 3094 de
540 3046 707 3093 sanctis
741 3044 952 3108 patribus
985 3045 1160 3106 graecis
1194 3045 1370 3106 optime
1402 3045 1624 3098 meritus,
1661 3044 1930 3090 Franciscus
1970 3043 2028 3089 de
2066 3039 2321 3092 Combelis‚
2356 3048 2401 3086 et
2434 3047 2519 3085 est.
2566 3036 2568 3041 '

255 3127 324 3181 *H
361 3124 516 3198 ὅμοια
544 3123 574 3183 ἦ
603 3122 823 3195 ἀνόμοια
855 3123 915 3196 ἐξ
944 3123 1107 3197 ἀρχῆς
1137 3118 1234 3175 ἀπὸ
1264 3122 1361 3176 τῶν
1395 3127 1678 3194 μεγίστων,
1708 3121 1804 3175 eim*
1836 3122 1931 3176 τῶν
1967 3119 2125 3189 πάντῃ
2154 3117 2347 3179 πάντως
2376 3141 2522 3190 γινω-

271 3204 505 3278 σκμένων.
543 3214 658 3258 Sunt
683 3227 739 3257 ex
761 3211 1058 3272 Hippocratis
1083 3208 1206 3255 libro
1233 3209 1292 3254 de
1315 3209 1499 3255 officina
1529 3209 1726 3261 medici,
1754 3223 1833 3255 seu
1869 3209 1927 3254 de
1962 3208 2116 3253 officio
2149 3206 2331 3251 medici.
2369 3205 2522 3251 Codex

270 3300 338 3339 est
360 3289 522 3352 figuris
547 3288 740 3351 plenus,
768 3296 815 3333 et
842 3286 1032 3348 quidem
1058 3285 1420 3348 elegantissimis.
1458 3287 1515 3330 Et
1540 3285 1730 3331 fortasse
1755 3300 1850 3331 non
1876 3285 1964 3331 alia
1989 3292 2122 3336 sunt,
2152 3298 2271 3344 quae
2293 3281 2524 3327 habentur

266 3371 316 3415 in
350 3367 514 3414 eadem
547 3360 856 3418 bibliotheca,
882 3363 989 3409 cod.
1023 3363 1133 3408 504.
1394 3353 1397 3355 ’

396 3485 538 3532 XVII.
574 3484 759 3531 Nicetae
790 3481 1043 3529 sacerdotis
1074 3482 1375 3544 myrsiniotae
1409 3467 1536 3524 navo?
1562 3468 1785 3526 Λατίύων
1812 3467 1927 3544 περῖ
1957 3469 2043 3531 ‘tiis
2075 3466 2403 3542 ἕκπορεόσεως
2430 3467 2525 3520 τοῦ

272 3563 432 3639 ἁγίου
468 3560 776 3634 πνεύματος,
804 3583 887 3614 και
921 3558 1099 3621 λύσεις
1128 3582 1223 3614 των
1251 3556 1566 3632 προτάσεων,
1597 3555 1674 3612 ὅτι
1706 3581 1804 3612 και
1825 3557 1879 3611 ἐκ.
1903 3580 1992 3612 του
2033 3558 2153 3611 υἱοῦ
2182 3555 2520 3629 ἐκπορεύεται.

272 3648 502 3696 Adversus
536 3647 731 3694 Latinos
761 3646 819 3692 de
854 3645 1061 3710 Spi'rztus
1096 3655 1250 3691 sancti
1278 3643 1594 3707 processione
1625 3655 1670 3690 et
1692 3643 1944 3691 solutiones
1968 3655 2385 3708 argumentorum,
2419 3659 2524 3704 qut-

273 3731 359 3776 bus
389 3729 680 3780 adstruitur,
710 3745 774 3774 ex
795 3728 904 3790 filio
927 3743 1110 3791 quoque
1140 3725 1408 3790 procedere.
1447 3715 1500 3763 Ρ.
1533 3710 1707 3766 Δεινὸν
1736 3735 1760 3768 n
1793 3716 2047 3778 φιλαυτία
2073 3724 2300 3784 πηρωσαι
2332 3707 2519 3779 ψυχήν.

273 3808 463 3854 Romae.
500 3807 710 3868 Epitome
737 3807 1027 3868 gesneriana,
1055 3812 1100 3851 et
1133 3803 1405 3850 Possevinus
1439 3801 1486 3847 in
1522 3805 1762 3861 apparatu.
