2970 4420
452 255 548 304 398
1667 313 1671 318 ³

1392 358 1468 400 AD
1498 357 1753 402 ΡΟΕΜΑΤΑ

872 515 1538 585 &stammana
1609 517 2276 587 wffiomfflomtt
2344 523 2351 531 ’

1335 694 1825 747 MONITUM.

452 1047 549 1119 De
581 1078 779 1120 Theodoro
810 1080 1029 1120 Prodromo
1059 1082 1217 1132 eiusque
1249 1080 1406 1133 scriptis
1432 1081 1622 1133 plurimis
1653 1085 1735 1122 tum
1762 1082 1877 1123 editis
1907 1084 1990 1123 tum
2012 1083 2171 1123 ineditis
2197 1086 2377 1123 accurate
2406 1082 2596 1123 disseruit
2621 1083 2702 1124 Al-

453 1153 573 1192 latius
603 1152 646 1191 in
676 1151 851 1192 diatriba
879 1163 921 1192 n.
951 1151 1095 1192 CXVI.
1132 1151 1265 1201 Quum
1294 1155 1424 1192 autem
1454 1153 1600 1193 multae
1630 1154 1740 1193 illius
1770 1153 2058 1194 lucubrationes
2087 1154 2216 1194 codice
2244 1157 2420 1194 vaticano
2453 1153 2552 1194 305.
2578 1155 2702 1194 conti-

451 1227 641 1273 neantur,
675 1224 785 1275 isque
815 1222 940 1263 codex
967 1223 1238 1274 superioribus
1267 1225 1381 1263 annis
1410 1225 1586 1263 Parisios
1616 1225 1828 1265 translatus
1850 1224 2017 1277 suisset,
2052 1225 2186 1266 oblata
2208 1224 2294 1277 suit
2318 1227 2464 1265 occasio
2493 1224 2702 1265 studiosis-

452 1295 560 1351 simis
592 1293 721 1334 Gallis
749 1294 798 1333 de
830 1306 874 1334 eo
905 1305 978 1334 ms.
1009 1294 1127 1333 latius
1148 1282 1363 1337 disserendi
1394 1297 1435 1334 in
1455 1287 1718 1335 voluminibus
1748 1297 2036 1348 Excerptorum
2066 1308 2118 1336 ex
2144 1309 2234 1336 mss.
2260 1297 2393 1349 reqiae
2423 1295 2697 1344 bibliothecae,

453 1365 639 1404 nimirum
665 1365 710 1405 T.
739 1365 812 1406 VI.
830 1377 879 1417 p.
910 1363 1010 1404 496.
1034 1366 1072 1403 et
1096 1375 1203 1415 seqq.
1237 1365 1292 1404 Et
1317 1365 1474 1416 quidem
1492 1377 1540 1416 p.
1569 1366 1786 1407 516-518.
1812 1367 1937 1410 index
1956 1367 2141 1419 vulqatus
2159 1371 2316 1418 prostat
2335 1368 2591 1407 continentiae
2611 1368 2707 1405 uni·
2765 1353 2767 1357 ’

451 1438 557 1475 versi
576 1428 737 1477 codicis.
761 1437 935 1487 Deinde,
970 1439 1014 1477 T.
1042 1438 1138 1479 VII.
1160 1442 1272 1493 part.
1300 1439 1365 1480 II.
1381 1451 1431 1490 p.
1457 1438 1559 1479 235.
1582 1442 1621 1478 et
1642 1450 1749 1490 seqq.
1774 1442 1814 1478 et
1829 1442 2053 1490 postremo,
2083 1439 2129 1479 T.
2158 1438 2276 1479 VIII.
2301 1442 2413 1490 part.
2437 1438 2500 1478 II.
2530 1449 2574 1489 p.
2606 1437 2702 1478 170.

453 1509 492 1545 et
517 1518 624 1558 seqq.
654 1507 702 1546 de
724 1507 938 1547 Prodromi
961 1509 1118 1560 scriptis
1147 1513 1276 1549 actum
1303 1513 1374 1550 est.
1409 1510 1518 1559 Quin
1547 1509 1665 1549 etiam
1691 1522 1717 1549 a
1743 1509 1796 1549 cl.
1826 1508 2062 1549 Boissonado
2085 1508 2235 1549 Anecd.
2262 1521 2327 1560 qr.
2358 1509 2403 1549 T.
2429 1508 2505 1548 IV.
2525 1519 2574 1559 p.
2600 1507 2703 1548 440.

461 1577 609 1618 editum
629 1579 842 1619 Prodromi
860 1592 1016 1620 carmen
1042 1581 1154 1620 video
1183 1581 1231 1621 de
1253 1593 1306 1621 ss.
1333 1581 1539 1621 Trinitate.
1572 1581 1674 1621 Item
1693 1593 1718 1620 a
1744 1582 1797 1621 cl.
1825 1582 2008 1621 Cramero
2030 1581 2179 1621 Anecd.
2199 1581 2330 1646 pari.s
2357 1582 2402 1620 T
2426 1581 2501 1620 IV.
2524 1591 2574 1631 p.
2601 1578 2705 1620 267.

458 1660 614 1689 carmen
642 1650 907 1702 epitaphicum
929 1652 1116 1703 incipiens
1147 1641 1327 1689 ἓνταῧθα
1358 1660 1421 1701 μοι
1452 1659 1551 1692 στας
1580 1656 1653 1691 etc.
1687 1652 1793 1703 quod
1815 1654 1885 1691 etsi
1909 1652 1996 1691 illic
2023 1663 2280 1703 anonymum,
2306 1654 2476 1691 attamen
2500 1649 2710 1690 Prodromi

462 1732 560 1772 esse,
588 1721 737 1761 codices
767 1724 890 1762 nostri
925 1722 1073 1763 docent.
1108 1723 1165 1763 Et
1193 1723 1318 1763 codeoe
1347 1725 1482 1775 utique
1513 1725 1715 1763 vaticanus
1746 1723 1849 1764 305.
1875 1723 2120 1774 postliminio
2150 1723 2312 1763 Romam
2341 1721 2483 1772 rediit,·
2511 1721 2582 1761 sed
2606 1721 2707 1761 enim

455 1803 524 1832 nos
553 1803 632 1832 non
666 1791 770 1832 hunc
802 1793 1089 1844 tantummodo,
1123 1794 1192 1833 sed
1222 1797 1261 1833 et
1297 1795 1397 1834 alios
1429 1795 1471 1833 in
1499 1795 1704 1845 pontificia
1739 1793 1970 1834 bibliotheca
2005 1795 2262 1845 spectavimus
2298 1792 2508 1839 Prodromi
2534 1791 2701 1841 codices,

453 1866 690 1915 praesertim
720 1876 811 1904 vero
841 1865 1134 1905 ottobonianum
1156 1864 1238 1905 324
1255 1894 1266 1916 ,
1294 1867 1411 1904 euius
1432 1865 1650 1904 indiculum
1677 1876 1811 1904 novem
1831 1867 2060 1916 poematum
2082 1864 2235 1904 iamdiu
2262 1865 2511 1916 exposuimus
2533 1865 2576 1903 in
2599 1862 2705 1914 Spic.

460 1944 559 1973 rom.
585 1935 631 1974 T.
662 1935 708 1973 V.
734 1946 783 1985 p.
813 1935 897 1976 396
913 1964 924 1986 ,
956 1947 1055 1986 quae
1082 1947 1184 1976 nunc
1212 1936 1388 1976 carmina
1411 1936 1527 1987 prelo
1559 1935 1752 1975 tradenda
1782 1935 2018 1986 censuimus,
2046 1936 2136 1975 aliis
2163 1935 2313 1987 aliquot
2337 1934 2503 1985 additis,
2532 1945 2632 1985 quae
2660 1933 2710 1972 de

452 2006 591 2055 priore
618 2009 844 2056 recuperato
873 2010 953 2046 vat.
980 2006 1108 2046 codice
1136 2002 1390 2059 sumpsimus,
1419 2019 1542 2058 neque
1566 2007 1729 2046 minoris
1751 2007 1994 2046 aestimanda
2022 1991 2128 2047 sunt.
2161 2008 2215 2046 Et
2238 2018 2330 2046 sane
2357 2007 2527 2046 Allatius
2553 2007 2595 2045 in
2618 2004 2707 2044 dia·

461 2075 567 2115 triba
594 2088 645 2127 p.
683 2076 779 2117 183.
810 2078 980 2117 iambica
1011 2083 1049 2118 et
1072 2079 1235 2130 politica
1263 2078 1476 2118 Prodromi
1504 2081 1679 2118 carmina
1705 2079 1756 2118 ab
1786 2079 1965 2118 acumine
1995 2080 2112 2118 etiam
2140 2082 2257 2129 atque
2287 2078 2481 2129 eleqantia
2514 2087 2708 2116 commen-

463 2145 557 2197 dat,·
583 2146 739 2186 heroica
767 2160 847 2188 non·
873 2151 985 2200 item,
1020 2162 1120 2200 quae
1149 2161 1218 2190 nos
1246 2161 1398 2201 quoque
1426 2149 1574 2188 intacta
1603 2151 1644 2188 in
1665 2149 1797 2188 codice
1825 2149 1926 2189 305.
1953 2149 2201 2200 reliquimus,
2232 2159 2390 2199 nempe,
2411 2150 2575 2199 praeter
2599 2146 2703 2197 alia,

456 2215 497 2267 s.
527 2216 599 2258 91.
623 2218 678 2258 ad
702 2218 857 2258 Irenem
884 2220 1126 2260 Ducaenam.
1160 2222 1211 2260 F.
1235 2220 1307 2261 93.
1335 2220 1389 2260 ad
1414 2221 1568 2260 Annam
1594 2221 1687 2260 item
1717 2221 1956 2260 Ducaenam.
1990 2221 2040 2260 F.
2062 2219 2135 2259 92.
2170 2219 2266 2259 101.
2298 2217 2393 2259 123.
2421 2218 2476 2257 ad
2498 2217 2710 2258 Iohannem

463 2290 561 2342 imp.
586 2291 763 2343 Denique
790 2293 908 2332 etiam
934 2292 1231 2345 epithalamium
1257 2294 1311 2333 ad
1340 2293 1604 2345 Nicephorum
1634 2292 1910 2343 Phorbenum,
1942 2303 2181 2343 quamquam
2210 2292 2367 2331 minime
2396 2290 2614 2341 heroicum,
2641 2301 2712 2330 nec

464 2372 541 2401 non
571 2363 785 2402 minutiora
816 2364 924 2414 alia,·
953 2368 991 2404 et
1019 2364 1185 2415 denique
1214 2364 1414 2404 monodias
1437 2376 1560 2415 prosa
1588 2366 1761 2404 oratione
1788 2365 1954 2415 scriptas
1983 2374 2061 2403 non
2090 2374 2324 2414 maqnopere
2352 2361 2466 2402 inviti
2495 2363 2707 2402 omisimus.

582 2433 671 2473 Iam
700 2445 792 2474 vero
821 2435 1050 2474 selectorum
1074 2438 1300 2486 poematum
1321 2435 1656 2487 publicandorum
1688 2434 1799 2475 nobis
1832 2433 2032 2474 hortatrix
2050 2432 2152 2485 suit,
2187 2444 2264 2473 non
2292 2436 2371 2473 tam
2402 2432 2613 2472 Prodromi
2638 2430 2713 2483 sa-

470 2503 596 2543 cultas
617 2502 794 2556 poetica,
825 2507 896 2545 etsi
925 2506 1078 2557 alioqui
1104 2517 1182 2546 non
1210 2506 1505 2556 contemnenda,
1542 2517 1659 2557 quam
1687 2508 1847 2557 eqreqia
1879 2505 2065 2545 historiae
2091 2504 2243 2544 utilitas
2271 2507 2389 2555 atque
2416 2505 2710 2543 incrementum.
2767 2506 2771 2509 '

470 2575 574 2615 Nam
609 2577 889 2617 Comncnorum
920 2577 1078 2628 Alexii,
1115 2581 1155 2617 et
1175 2579 1411 2629 praesertim
1445 2577 1653 2628 Iohannis,
1689 2577 1904 2617 illustrium
1934 2578 2215 2627 imperatorum
2245 2588 2307 2615 res
2334 2577 2489 2627 qestae,
2524 2577 2707 2624 virtutes,

469 2651 508 2686 et
538 2647 728 2698 quicquid
754 2648 916 2688 illorum
946 2651 1067 2688 vitam
1102 2649 1337 2700 imperiique
1366 2651 1467 2688 vices
1506 2650 1683 2699 respicit,
1717 2648 1836 2688 ubere
1868 2659 1967 2688 vena
1996 2647 2300 2699 depromuntur,
2326 2646 2612 2698 perspicuoque
2645 2656 2715 2687 nec

471 2717 627 2759 insuavi
661 2719 814 2769 eloquio
849 2719 1097 2759 scribuntur:
1125 2720 1286 2771 ideoque
1316 2718 1559 2760 Prodromus
1587 2721 1689 2759 inter
1718 2719 1944 2770 byzantinos
1978 2718 2179 2758 historicos
2191 2747 2203 2768 ‚
2240 2729 2405 2769 quorum
2437 2728 2568 2756 recens
2597 2715 2715 2755 editio

471 2788 515 2827 in
539 2788 748 2829 Germania
768 2793 955 2841 urqetur,
981 2802 1057 2830 non
1083 2789 1250 2841 sortasse
1270 2792 1461 2830 immerito
1482 2790 1724 2841 reponendus
1744 2788 1956 2828 videbitur.
1982 2789 2040 2828 Ac
2057 2801 2149 2828 sane
2169 2788 2392 2838 voluissem,
2419 2787 2519 2835 sicut
2535 2783 2716 2837 Ephrae-

474 2861 595 2899 mium
615 2864 773 2911 poetam
795 2860 1134 2913 chronoqraphum
1162 2873 1301 2913 qraece
1320 2861 1442 2900 simul
1467 2860 1663 2911 latineque
1686 2859 1811 2910 edidi,
1837 2862 1892 2899 sic
1919 2861 2036 2899 etiam
2056 2859 2319 2899 Prodromum
2343 2859 2468 2898 latina
2493 2860 2595 2896 veste
2617 2857 2716 2899 ami-

473 2931 574 2981 cire,
598 2931 668 2970 sed
682 2934 833 2983 partim
858 2933 1060 2984 qraviores
1084 2932 1372 2985 occupationes,
1396 2935 1547 2984 partim
1571 2932 1779 2971 voluminis
1806 2930 1924 2971 moles
1947 2932 2028 2970 iam
2052 2932 2314 2982 exaqqerata,
2340 2940 2400 2968 me
2423 2927 2719 2968 deterruerunt..

478 2999 682 3053 Ceteroqui
711 3014 856 3054 qraeca
887 3004 1104 3055 leqentibus
1130 3005 1226 3044 satis
1251 3004 1407 3044 evidens
1433 3005 1510 3043 erit
1534 3003 1797 3054 Prodromus,
1822 3001 2079 3042 nescientibus
2104 3002 2233 3040 autem'
2256 3012 2332 3040 non
2356 2999 2481 3039 deerit
2503 2997 2717 3049 aliquando
2747 3032 2749 3034 .

475 3070 683 3123 interpres.
717 3074 845 3125 Atque
876 3073 971 3114 haec
1001 3087 1120 3116 causa
1143 3074 1250 3126 suit,
1287 3087 1359 3114 cur
1396 3074 1603 3126 exeqeticis
1637 3085 1787 3126 quoque
1818 3073 1973 3113 scholiis
2003 3071 2215 3111 scribendis
2245 3067 2517 3119 abstinuerim,
2552 3079 2716 3120 quorum

477 3143 560 3180 viee
593 3142 767 3183 historici
798 3145 873 3184 alii
906 3144 1110 3196 byzantini
1131 3144 1370 3197 sunqentur.
1403 3146 1456 3185 Et
1487 3145 1643 3197 quidem
1676 3144 1937 3196 Ephraemius
1966 3146 2113 3193 noster,
2143 3143 2222 3181 iam
2250 3143 2293 3180 in
2321 3140 2460 3196 seriem
2491 3138 2717 3192 byzantino·

480 3223 568 3253 rum
597 3213 763 3266 retatus,
789 3216 1011 3267 plurimam
1039 3216 1257 3257 Prodromo
1283 3218 1327 3256 in
1355 3216 1560 3268 utriusque
1585 3215 1834 3267 imperatoris
1861 3213 2024 3254 historia
2051 3213 2175 3254 lucem
2199 3212 2460 3264 impertietur.

2963 129 2970 164 „-=
2964 65 2970 119 ..u
