2970 4420
438 275 535 322 5¹42

429 378 562 423 πνεῦμα
588 377 638 410 δεῖ
658 373 788 411 ἐννοεῖν.
814 373 856 410 Τί
876 374 950 411 ἐστι
972 377 1011 413 τό
1032 382 1107 413 κατ’
1129 377 1263 422 εἰκόνας
1284 378 1318 414 σι’
1336 378 1398 424 μὲν
1419 378 1458 413 τό
1480 377 1539 414 οἶό-

431 451 531 486 ρατον
558 439 618 478 τῆς
645 435 780 485 ψυχῆς·
802 437 836 472 οἱ
863 439 896 473 δὲ
924 439 980 474 τόν
1005 441 1099 484 νοῦν,
1123 439 1178 475 διά
1204 440 1241 475 τὸ
1266 442 1448 486 πανταχοῦ
1469 440 1539 478 διή-

429 509 506 536 κειν·
530 514 562 535 οι
587 500 623 534 δέ
644 500 683 535 τό
703 498 823 548 άρχειν
845 503 905 535 τῶν
928 500 1030 544 κάτω,
1048 500 1160 549 ὥσπερ
1182 498 1278 544 θεὸς,
1301 501 1359 536 καὶ
1382 503 1442 536 τῶν
1462 501 1539 536 ἄνω·

946 653 1027 695 ΙΙΙ.
1540 665 1553 670 ‘

429 737 634 773 ΙΩΑΝΝΟΥ
656 737 891 776 ΔΙΑΚΟΝΟΥ
916 738 1005 771 ΤΗΣ
1034 734 1250 771 ΜΕΓΑΛΗΣ
1273 735 1536 773 ΕΚΚΑΗΣῙΑΣ

431 836 514 885 Περὶ
536 836 598 878 τῆς
619 834 659 880 ἔξ
677 834 790 884 ἀρχῆς
812 836 869 870 και1
891 834 996 883 μέχρι
1019 834 1138 876 τέλους
1160 834 1354 884 οἰκονομίας
1375 837 1434 871 τοῦ
1454 834 1539 872 θεοῦ

505 897 556 940 εἷς
591 897 648 932 τόν
680 895 867 943 ἄνθρωπον,
895 894 1031 943 ἱστορία
1064 895 1249 944 ἐπωφελής·
1275 897 1335 932 καί
1366 897 1443 945 περὶ
1475 899 1536 940 τῆς

499 961 740 1008 χριστιανικῆς
761 956 961 1000 πολιτείας,
976 956 1064 1000 ὅπως
1087 957 1243 998 συνέστη”
1266 959 1323 994 καί
1345 959 1435 995 κατά
1454 960 1537 996 πάν-

505 1034 565 1057 των
591 1021 773 1068 αἱρετικῶν.

801 1107 993 1153 Κεφάλαιον
1019 1108 1159 1155 πρῶτον.

506 1211 538 1243 1.
565 1181 726 1248 Βιβλίαν
753 1207 890 1253 πρῶτον.
914 1204 974 1247 Τίς
1001 1205 1020 1241 o'
1046 1206 1175 1248 σκοπὸς
1201 1209 1246 1253 τῷ
1270 1205 1336 1253 θεῷ
1367 1207 1427 1248 τῆς
1452 1206 1536 1254 πρῶ-

429 1282 492 1310 της
513 1269 572 1304 τοῦ
590 1265 765 1314 ἀνθρώπου
787 1265 943 1308 πλάσεως
965 1267 1023 1302 καὶ
1046 1270 1107 1309 τῆς
1133 1267 1290 1317 δευτέρας
1311 1267 1535 1308 άναπλάσεως

427 1331 484 1366 διά
504 1332 562 1365 τοῦ
582 1329 665 1365 υίοῦ·
686 1328 774 1370 ὅπως
800 1330 862 1377 μὲν
890 1329 906 1364 ὁ
934 1327 1012 1371 θεὸς
1040 1329 1095 1365 διά
1119 1329 1330 1377 άγαθόντητα
1354 1329 1460 1366 αὑτοῦ
1479 1330 1535 1365 τόν

426 1393 561 1435 νοητόν,
583 1389 661 1427 εἶτα
685 1391 743 1426 καὶ
770 1388 940 1429 αἰσθητὸν
966 1390 1095 1439 κόσμον
1122 1387 1313 1439 παρήγαγε·
1340 1391 1398 1427 καί
1421 1390 1473 1426 ὅτι
1495 1391 1533 1426 το“

427 1455 621 1489 τελευταῖον
643 1452 899 1500 δημιουργήσας
917 1452 971 1488 τόν
993 1451 1188 1501 ἄνθρωπον,
1205 1451 1305 1489 ἔθετο
1322 1452 1424 1489 αὐτὸν
1440 1452 1474 1488 ἐν
1491 1455 1536 1498 τῷ

428 1513 620 1564 παραδείσῳ
641 1516 684 1561 τῷ
703 1513 736 1551 ἔν
757 1514 881 1561 Ἐδὲμ,
899 1512 974 1553 ήτοι
996 1516 1040 1562 τῇ
1060 1517 1180 1563 τρυφῇ·
1199 1515 1306 1562 Ἐδὲμ
1327 1515 1395 1563 γάρ
1416 1514 1438 1553 ἦ
1459 1526 1536 1562 τρυ-

406 1575 473 1625 Ιφή
495 1576 721 1625 ἑρμηνεύεται·
743 1576 802 1611 καί
823 1574 910 1616 ὅπως
926 1574 1144 1619 αὐτεξούσιον
1165 1575 1315 1618 ποιήσας
1337 1574 1457 1620 αὐτόν,
1473 1575 1533 1610 καὶ

425 1638 531 1686 μέσον
558 1636 644 1686 ζωῆς
664 1638 722 1673 καὶ
746 1636 896 1673 θανάτου
922 1635 1084 1685 θέμενος,
1105 1637 1242 1677 ἐντολήν
1267 1638 1402 1674 δέδωκεν
1425 1636 1535 1684 αύτῷ,

426 1700 488 1735 καί
512 1698 639 1735 ὁποίαν·
666 1698 724 1735 καί
753 1698 787 1733 τί
811 1700 850 1734 τό
883 1699 982 1741 τέλος
1009 1702 1069 1741 τῆς
1101 1700 1249 1741 ἐντολῆς·
1274 1700 1334 1735 καὶ
1359 1699 1477 1735 όποῖον
1505 1698 1535 1734 εἷ

427 1762 574 1811 ε’φύλαξε
601 1763 659 1801 τήν
690 1761 826 1801 ἐντολήν
853 1762 870 1797 ὁ
897 1762 1028 1810 Ἀδάμ,
1055 1761 1212 1798 ἀπέκειτο
1245 1761 1355 1807 ἐκείνῳ
1386 1761 1424 1798 τὸ
1452 1761 1536 1797 ἔπα-

427 1820 521 1860 θλον·
542 1824 601 1860 καί
630 1823 716 1865 ὅπως
737 1823 854 1872 ἀπάτῃ
877 1826 936 1860 τοῦ
957 1823 1062 1872 ὄφεως
1084 1823 1133 1865 ει’“ς
1155 1823 1283 1872 φθοράν
1304 1823 1363 1859 καὶ
1388 1821 1534 1858 θάνατον

428 1887 447 1922 ὁ
472 1884 596 1929 ἅθλιος
618 1884 894 1929 κατωλίσθησεν,
916 1886 958 1927 ω’ς
979 1887 1019 1929 ἐξ
1038 1884 1164 1922 ἐκείνου
1189 1886 1238 1927 εἷς
1260 1887 1374 1921 πᾶσαν
1396 1885 1455 1925 τήν
1476 1884 1538 1933 φύ-

428 1963 480 1985 σιν
507 1947 702 1989 διαδοθῆναι
730 1950 788 1989 τήν
815 1947 1050 1998 φιλάνθρωπον
1074 1951 1136 1990 τῆς
1164 1946 1296 1997 φθορᾶς
1317 1947 1496 1997 τιμωριάν,
1518 1946 1537 1983 o‘

428 2010 581 2054 θεόπτης
604 2013 733 2053 Μωσῆς
759 2011 950 2061 ἀρχόμενος
976 2013 1036 2053 τῆς
1062 2009 1294 2059 κοσμοποιΐας
1313 2010 1395 2058 ῆμῒν
1419 2008 1539 2057 διηγή-

426 2087 533 2118 σατο,
559 2075 617 2110 καί
644 2075 768 2110 πολλοιΙ
797 2072 947 2117 καθεξῆς
982 2075 1042 2109 τῶν
1069 2073 1217 2121 πατέρων
1244 2070 1353 2119 ἐκείνῳ
1379 2071 1535 2119 ἑπόμενοι

427 2134 638 2183 σαφέστερον
663 2134 890 2182 ἐξηγήσαντο·
911 2134 990 2170 ἀλλ’
1013 2132 1072 2184 οῦκ
1097 2133 1138 2175 ῆν
1160 2133 1250 2176 εἷκός
1277 2134 1382 2183 μέχρι
1409 2134 1537 2174 παντός

425 2196 648 2245 ἀνασχέσθαι
676 2197 730 2233 τὸν
757 2195 892 2244 ἀγαθόν
913 2197 1057 2237 ποιητήν
1084 2197 1209 2244 ὁρῶντα
1234 2196 1272 2231 τό
1299 2195 1422 2231 οἰκεῖον
1449 2195 1536 2230 πλά-

429 2272 507 2306 σμα
531 2259 587 2293 τὸν
613 2257 785 2306 ἄνθρωπον
813 2259 877 2294 ὑπὸ
905 2261 964 2294 τοῦ
991 2257 1151 2301 διαβόλου
1179 2257 1456 2305 τυραννούμενον,
1479 2251 1539 2292 τοῦ

427 2320 490 2368 μέν
517 2322 659 2360 ποιητοῦ
684 2321 742 2356 καί
771 2319 938 2359 ἀληθινοῦ
963 2318 1046 2356 θεοῦ
1076 2319 1393 2368 ἀποστρεφόμενον,
1419 2319 1473 2354 τὸν
1501 2318 1538 2354 δέ

429 2382 537 2429 οἱθεΐα
561 2386 733 2420 νοσοῦντα·
762 2385 864 2419 ταυτό
898 2384 964 2432 γάρ
993 2383 1068 2418 ε’στι
1101 2384 1159 2419 καί
1192 2381 1381 2418 πολυθεΐαν
1410 2381 1536 2426 εἴπεῖν,

429 2447 490 2481 καί
515 2448 557 2495 τῇ
583 2446 754 2494 ὁμοδούλῳ
785 2444 893 2481 κτίσει
926 2440 1155 2494 λατρεύοντα,
1183 2446 1243 2480 καί
1268 2444 1386 2486 πάσης
1416 2444 1536 2486 κακίας

427 2510 485 2544 καὶ
508 2508 670 2556 πονηρίας
687 2509 890 2557 ὑπάρχοντα
906 2507 1113 2544 οἰκειότατον
1135 2506 1369 2581 ἐργαστήριον·
1386 2506 1446 2542 τίνι
1468 2507 1535 2555 γάρ

427 2571 521 2617 ἄλλῳ
546 2569 569 2611 η
596 2574 640 2616 τῷ
672 2570 821 2609 δεσπότη
855 2572 916 2611 τῆς
948 2568 1077 2617 φύσεως
1110 2569 1254 2618 διέφερεν
1279 2584 1300 2608 η
1328 2567 1534 2610 οἶνάκλησιςς

428 2632 489 2668 τίνι
513 2636 539 2668 δ’
562 2632 659 2680 ἑτέρῳ
680 2630 704 2672 η
730 2632 833 2678 τούτῳ
860 2632 947 2693 μόνῳ
965 2634 1014 2678 τῷ
1033 2631 1092 2670 τήν
1115 2629 1199 2678 ζωην
1222 2630 1374 2666 δεδωκότι
1398 2631 1535 2667 δυνατὸν

424 2693 464 2734 ῆν
491 2709 548 2730 και
579 2695 764 2743 ἁρμόδιον,
783 2694 960 2730 άνασῶσαι
995 2694 1098 2729 πάλιν
1131 2697 1175 2739 τῷ
1208 2693 1333 2732 ταύτην
1364 2692 1404 2737 ἐξ
1431 2692 1537 2728 αυτοῦ

425 2757 567 2799 λαβόντι
595 2772 652 2794 και
679 2758 908 2805 οἷπολέσαντις

501 2824 534 2857 2.
560 2823 656 2857 Ἀλλ’
684 2821 773 2868 ὅμως
807 2821 865 2855 καί
897 2819 989 2867 μετά
1023 2819 1156 2860 πολλάς
1182 2819 1244 2860 τάς
1274 2816 1386 2859 ι’άσεις
1417 2815 1462 2859 ἂς
1494 2819 1537 2866 τῇ

427 2882 737 2932 πραγματισθείση
765 2883 865 2930 φύσει
887 2885 947 2917 τῶν
968 2880 1148 2929 ἀνθρώπων
1175 2880 1238 2916 ύπὸ
1268 2881 1328 2915 τοῦ
1348 2882 1453 2915 δεινοῦ
1474 2893 1535 2915 πο-

424 2944 631 2993 λεμήτορος,
660 2946 677 2979 ό
703 2946 764 2986 τῆς
791 2943 919 2992 φύσεως
950 2942 1119 2983 δεσπότης
1149 2941 1369 2988 προσήγαγεν
1396 2941 1437 2982 ὦς
1463 2940 1536 2988 ἄρι-

426 3020 508 3047 στος
532 3005 646 3054 ιάτρός
669 3006 758 3041 κατά
779 3006 956 3053 διαφόρους
978 3003 1094 3045 αι’τίας
1116 3003 1173 3039 καὶ
1193 3003 1357 3052 χρόνους,
1379 3002 1474 3052 ἔμενε
1496 3003 1534 3038 τό

426 3070 526 3104 κακόν
552 3068 763 3116 ἀδιόρθωτον·
786 3068 869 3103 ποτὲ
896 3068 958 3116 μὲν
979 3067 1047 3115 γάρ
1068 3067 1110 3108 ὥς
1130 3066 1219 3105 ἤπια
1241 3065 1407 3114 φάρμακα
1431 3078 1536 3112 προσ-

426 3132 489 3178 ῆγε
517 3131 578 3171 τάς
606 3129 804 3179 εὐεργεσίας
827 3129 927 3176 αὐτῷ·
946 3130 1027 3164 ποτὲ
1057 3129 1092 3163 δέ
1119 3128 1162 3169 ὦς
1184 3126 1373 3177 δραστήρια
1394 3126 1452 3162 καί
1476 3128 1533 3166 τήν

427 3190 536 3237 σῆψιν
563 3191 865 3240 οἱποκαθαίροντα,
892 3190 915 3230 ῆ
950 3192 1007 3226 καὶ
1042 3190 1209 3231 πολλάκις
1238 3187 1534 3224 καταναλίσκοντα

427 3253 566 3300 ἐπέφερε
596 3255 656 3294 τοὶς
682 3254 834 3301 πληγάς·
862 3254 920 3288 καί
947 3253 1032 3288 ποτέ
1057 3252 1119 3300 μέν
1139 3251 1229 3299 λόγῳ
1252 3249 1470 3294 ἐπαίδευσεν,
1491 3250 1533 3292 ὦς

426 3315 483 3349 τόν
509 3314 620 3363 Ἀδάμ
645 3315 735 3362 μετά
760 3316 819 3353 τήν
845 3313 1059 3363 παράβασιν,
1082 3313 1140 3349 καί
1168 3313 1223 3348 τὸν
1245 3312 1331 3348 Κάῖν
1356 3312 1450 3358 μετά
1475 3313 1534 3351 τήν

427 3375 694 3422 ἀδελφοκτονίαν·
721 3378 804 3413 ποτὲ
831 3377 865 3412 δὲ
894 3375 1082 3424 εὐηργέτει,
1106 3376 1148 3416 ὦς
1174 3375 1230 3410 τόν
1258 3375 1387 3422 Ἀδάμ,
1413 3373 1534 3422 ε’πιχο-

428 3439 538 3485 ρηγῶν
561 3439 603 3472 τοὶ
621 3438 768 3487 χρειώδη
792 3441 835 3487 τῇ
855 3439 959 3488 σαρκί
977 3439 1068 3486 μετά
1088 3439 1146 3477 τήν
1167 3435 1375 3484 παράβασιν·
1397 3437 1455 3472 καί
1477 3436 1533 3471 τόν

426 3499 488 3546 μὲν
510 3497 596 3534 Κάῖν
624 3500 726 3545 στόνῳ
749 3501 805 3535 καί
829 3500 940 3549 τρόμῳ
960 3498 1162 3547 κατεδίκαζε
1184 3500 1243 3533 τῶν
1265 3496 1391 3534 οἶκείων
1417 3499 1535 3546 μελῶν·

428 3558 506 3599 τούς
532 3556 577 3594 αὖ
603 3559 659 3594 ε’πί
681 3563 751 3596 Νῶε
775 3561 870 3597 ὕδατι
892 3562 1125 3608 κατακλυσμῷ
1148 3560 1202 3596 διά
1225 3560 1264 3595 τό
1288 3557 1532 3608 διεφθαρμένον

429 3622 491 3661 τῆς
515 3619 623 3655 αὐτῶν
649 3622 882 3670 προαιρέσεως·
908 3624 968 3659 καιι
994 3624 1074 3664 τούς
1106 3622 1167 3670 μὲν
1193 3620 1227 3657 ἐν
1253 3623 1297 3669 τῇ
1324 3619 1533 3668 πυργοποιΐα

429 3683 489 3716 τῶν
515 3684 676 3728 γλωσσῶν
699 3683 869 3730 συγχύσει
893 3685 949 3719 δια
974 3685 1032 3724 τήν
1059 3683 1230 3720 ἀπόνοιαν·
1252 3683 1331 3723 τοῦς
1359 3683 1394 3717 δὲ
1415 3679 1449 3717 ε’ν
1470 3674 1535 3717 Σό-

428 3743 543 3790 δόμοις
570 3743 627 3778 διοὶ
652 3743 709 3782 τήν
736 3743 929 3791 ἀσέλγειαν·
957 3746 1120 3793 ὁδηγήσει
1148 3745 1181 3781 δὲ
1210 3745 1291 3780 ποτὲ
1319 3744 1376 3779 καὶ
1403 3742 1464 3778 δια“
1484 3742 1535 3779 νό-

428 3819 494 3853 μου
521 3807 676 3853 γραπτοῦ
696 3804 738 3846 ὦς
759 3804 815 3840 ἐπὶ
839 3805 985 3847 Μωσέως
1012 3807 1068 3842 διά
1089 3808 1144 3842 τόν
1166 3805 1379 3853 συνηθισμόν
1400 3807 1460 3846 τῆς
1481 3804 1535 3840 αι’-

429 3870 622 3915 γυπτιακῆς
648 3866 847 3908 ἀθεότητος·
875 3866 952 3903 εἶτα
985 3869 1041 3903 καί
1077 3870 1131 3904 διά
1163 3866 1534 3917 προφητῶνπολλάκις

1048 290 1265 322 ῙΟΙΙΑΧΝΕΞ
1300 291 1511 322 DrAcoxcs
1545 292 2100 326 CONSTASTmOPOLnANUS.

1609 378 1642 414 οἶ
1668 379 1705 414 δέ
1730 379 1787 421 διοὶ
1810 379 1848 414 τό
1875 378 2239 427 ἐργάζεσθαιάῦτὸν,
2265 383 2323 417 καί
2357 380 2415 417 οἷα
2445 381 2527 418 θεὸν
2555 385 2714 432 δημιουρ-

1609 443 1691 487 γεῖν·
1718 441 1752 476 οἵ
1776 441 1814 475 δέ
1840 441 1897 476 διά
1923 442 1960 476 τὸ
1987 443 2059 476 νοῦν
2085 439 2187 488 λόγον
2217 443 2276 477 καί
2308 445 2442 491 πνεῦμα
2474 443 2587 493 ἔχειν,
2614 442 2672 479 οἷα
2697 444 2717 479 o‘

1612 501 1869 550 δημιουργήσας
1895 504 2011 537 τοῦτον
2037 501 2129 544 θεός.

1610 653 1841 702 παρήγγελλε·
1864 655 1921 689 καὶ
1948 653 2064 691 πολλά
2088 669 2162 688 τινα
2187 668 2244 689 και
2272 653 2413 690 ποικίλα
2437 653 2645 693 ἐπεδείκνυτο
2674 656 2718 714 τά

1614 715 1842 765 ιατρεύματα,
1869 719 1924 752 δι’
1922 731 1977 752 ων
2003 717 2060 755 τήν
2087 718 2259 753 πεσοῦσαν
2288 715 2387 764 φύσιν
2417 730 2467 758 εις
2499 717 2538 752 τό
2571 709 2715 766 ἀρχαῖον

1611 777 1845 818 ἀνακληθῆναι
1869 778 1906 815 τό
1929 759 2246 827 σπουδαζόμειίον
2225 787 2273 817 ην·
2298 779 2354 814 διά
2374 780 2474 813 τοῦτο
2500 777 2604 813 τοίνυν
2625 778 2643 814 o‘
2664 778 2718 814 νό,

1610 855 1674 889 μος
1702 841 1760 876 καί
1787 840 1820 875 οἷ
1844 842 2025 888 προφῆται.

1688 906 1720 939 3.
1745 903 1841 937 Ἀλλ’
1864 901 1902 937 οῦ
1924 902 2054 937 δέδοται
2077 904 2187 937 ταῦτα
2211 904 2282 942 τοῖς
2309 901 2430 936 ἅπασι·
2453 901 2567 947 μόνοις
2588 903 2623 936 δέ
2645 903 2716 943 τοῖς
2734 910 2770 929 ⁷

1610 963 1650 1008 ἐξ
1670 962 1849 1013 Ἀβραάμ,
1875 963 1918 1005 ὦς
1951 962 2059 1009 ε’κείνῳ
2085 963 2270 1011 ὑπέσχετο·
2296 963 2372 998 ου’δὲ
2400 962 2468 1011 γάρ
2497 960 2716 1001 τοσαύτήῆν

1608 1025 1632 1065 ή
1658 1028 1719 1062 τοῦ
1740 1024 1886 1067 Μωσέως
1913 1023 2016 1074 ι’σχῦς
2043 1025 2100 1060 καί
2129 1027 2190 1060 τῶν
2216 1026 2400 1071 προφητῶν·
2423 1022 2507 1058 ’ἀλλ’
2530 1024 2598 1059 οὐδ’
2624 1021 2663 1058 οἶν
2684 1024 2718 1060 οἱ
2748 1017 2752 1026 ’

1609 1088 1733 1124 πολλοί
1759 1087 2005 1136 προσεδέξαντο
2032 1087 2192 1130 τούτους,
2218 1084 2413 1130 κατείδωλοι
2442 1085 2552 1125 πάντη
2580 1085 2717 1133 τυγχά-

1609 1158 1729 1191 νοντες·
1757 1149 1812 1185 διαὶ
1837 1152 1934 1184 τοῦτο
1962 1151 2034 1190 τοῖς
2056 1147 2227 1197 Ἑβραίοις
2255 1148 2312 1182 καί
2341 1146 2455 1195 μόνοις
2481 1147 2539 1183 καί
2567 1146 2635 1182 οὐδ’
2657 1145 2719 1182 αὗ-

1610 1214 1683 1253 τοῖς
1709 1212 1855 1259 φανεριῖς
1881 1208 2103 1258 οἶνεκαλύφθη
2130 1210 2171 1245 τό
2195 1211 2257 1250 τῆς
2281 1206 2413 1256 τριάδος
2438 1209 2640 1257 μυστήριον,
2661 1206 2719 1243 ἵνα

1609 1274 1659 1321 μή
1686 1273 1807 1322 τριάδα
1833 1271 2088 1320 ἕνωτισοίμενοι,
2110 1270 2159 1312 εἷς
2186 1271 2245 1310 τήν
2272 1270 2504 1318 αι’γυπτιακήν
2530 1267 2633 1311 αὖθις
2658 1283 2719 1317 με-

1610 1338 1828 1384 ταστραφῶσι
1854 1332 2054 1370 πολυθεΐαν·
2075 1333 2110 1369 οἵ
2131 1348 2215 1374 τινες
2237 1333 2296 1369 καί
2321 1333 2412 1381 μετά
2432 1332 2605 1373 τοσαύτης
2627 1334 2718 1367 διδα-

1611 1396 1773 1439 σκαλίας,
1800 1396 1858 1432 καί
1886 1395 2135 1444 παραινέσεως,
2162 1396 2220 1430 καὶ
2248 1395 2291 1429 τοὶ
2316 1394 2509 1434 τηλικαῦτα
2533 1393 2718 1441 τεράστια,

1609 1459 1776 1511 σρχνάκις
1792 1459 1874 1507 πρός
1893 1456 2168 1506 εἶδωλολατρείαν
2186 1457 2361 1505 ἐτρέποντο
2373 1484 2381 1500 ,
2401 1456 2456 1492 καί
2479 1457 2538 1497 τῆς
2554 1455 2719 1503 προτέρας

1609 1521 1731 1562 κακίας
1751 1519 1958 1568 ἀντείχοντο·
1979 1519 2072 1555 ἄλλα
2093 1519 2153 1554 καί
2172 1519 2313 1565 νομικοῦ
2324 1517 2538 1566 ’γράμματος
2559 1505 2721 1563 ὀδηγόῦνω

1611 1597 1667 1624 τος
1693 1582 1818 1624 αὐτούς
1852 1581 1935 1629 πρός
1966 1581 2025 1620 τήν
2057 1578 2371 1628 πνευματικωτέραν
2403 1578 2570 1621 διάνοιαν,
2596 1576 2715 1613 ε’κεῒνοι

1610 1645 1783 1686 κτηνώδεις
1804 1644 1896 1685 ὄντες
1918 1646 1962 1690 τῷ
1978 1642 2161 1691 φαινομένῳ
2183 1641 2417 1690 προσέκεινιό,Δ
2429 1640 2514 1688 μόνῃ
2533 1641 2574 1685 τῇ
2590 1638 2720 1679 αἰσθή-

1611 1722 1663 1744 σει
1686 1701 1909 1748 δουλευμοντες·
1926 1705 1957 1742 εί
1980 1706 2014 1741 δὲ
2038 1705 2095 1740 καί
2119 1705 2212 1753 παρά
2229 1706 2287 1738 τῶν
2308 1704 2482 1752 προφητῶν
2499 1700 2719 1749 ὦνειδίζοντο,

1609 1770 1665 1804 δια
1686 1769 1723 1804 τό
1746 1758 2009 1816 σκληροκάρδιον
2037 1764 2145 1801 αὐτῶν
2172 1765 2231 1800 καί
2258 1763 2418 1812 ἀκαμπὲς
2446 1762 2504 1797 οὐκ
2525 1761 2720 1805 ἐπείθοντο,

1610 1830 1692 1865 ποτὲ
1717 1831 1750 1865 δέ
1772 1830 1830 1865 καὶ
1853 1829 2056 1865 ἀπέκτεινον·
2076 1827 2185 1863 ἐδόκει
2208 1825 2312 1862 τοίνυν
2334 1826 2372 1860 τό
2394 1823 2598 1874 ἀνθρώπινον
2619 1826 2719 1872 τραῦ-

1609 1907 1662 1940 μα
1688 1891 1843 1936 ἀνίατον,
1871 1905 1926 1927 και
1959 1890 1980 1929 ῆ
2011 1891 2129 1938 πληγή
2162 1887 2411 1937 ἀθεράπευτος
2443 1887 2492 1922 διό
2525 1886 2583 1922 καὶ
2612 1881 2725 1933 χρεία.

1610 1953 1741 2002 ἐγένετο
1766 1945 2008 2002 ἐμπειροτέρου
2032 1951 2243 1999 θεραπευτοῦ
2263 1964 2321 1985 συν
2344 1947 2612 1996 δραστικοτέροις
2634 1956 2718 1996 φαρ-

1609 2016 1750 2063 μάκοις,
1774 2016 1831 2051 καὶ
1860 2014 2014 2064 ἰατρείας
2041 2015 2100 2055 τῆς
2125 2011 2292 2061 μεί.ζονος

1687 2081 1719 2114 4.
1745 2076 1804 2119 Τίς
1827 2080 1854 2112 δ’
1875 2090 1987 2125 ετερος
2009 2076 2143 2124 ύπῆρχε
2166 2077 2315 2114 τοιοῦτος
2338 2071 2453 2120 ιατρός
2474 2070 2715 2119 δοκιμώτατος,

1611 2154 1667 2176 και
1693 2139 1906 2196 θεραπευτής
1928 2137 2193 2187 ἀκριβέστατος,
2214 2135 2292 2170 ἄλλ
2315 2151 2335 2174 η
2355 2135 2456 2183 μόνος
2478 2133 2581 2174 αυτὸς
2603 2133 2622 2169 ό
2645 2133 2717 2174 υιός

1611 2204 1671 2237 τοῦ
1695 2191 1778 2237 θεοῦ
1804 2202 1864 2236 καί
1883 2200 1988 2248 λόγος
2015 2200 2032 2236 ὁ
2058 2199 2308 2241 ε’νυπόστατος-
2330 2197 2387 2231 καί
2409 2209 2515 2231 τοινυν
2537 2193 2653 2238 ουτος,
2675 2198 2715 2230 δι’
2731 2231 2733 2234 ,

1611 2261 1653 2298 ου
1675 2263 1732 2298 καὶ
1761 2263 1778 2298 ὁ
1804 2262 1918 2311 πατήρ
1945 2262 1986 2302 ὥς
2013 2261 2219 2308 δημιουργοῦ
2245 2258 2302 2294 τόν
2329 2257 2406 2293 όλον
2432 2256 2560 2304 κόσμον
2581 2257 2638 2292 καὶ
2662 2256 2716 2292 τόν

1608 2323 1781 2374 ἄνθρωπον
1810 2323 2062 2367 συνεστήσατο,
2085 2322 2145 2358 και1
2165 2321 2201 2356 ἐκ
2224 2321 2356 2367 τοῦ.μῆ
2380 2319 2474 2360 ὄντος
2501 2318 2550 2359 εἷς
2573 2319 2610 2354 τό
2633 2316 2717 2353 εἶναι

1610 2388 1809 2435 παρήγαγε,
1832 2386 1891 2422 σύν
1918 2388 1962 2432 τῷ
1984 2382 2218 2431 παναγίῳκαί
2240 2382 2390 2431 ζωοποιῷ
2414 2381 2520 2416 αὐτοῦ
2540 2379 2716 2426 πνεύματι·

1610 2449 1665 2484 διά
1690 2448 1756 2497 γάρ
1784 2447 1901 2483 τούτου
1930 2446 2169 2494 ζωοποιοῦνται
2196 2445 2240 2480 τοὶ
2266 2443 2392 2491 ζῶντα,
2415 2443 2471 2478 καί
2499 2441 2626 2491 άρρήτῳ
2648 2443 2720 2475 δυν-

1609 2510 1688 2558 άμει
1717 2510 1927 2558 συνέχονται·
1954 2509 1971 2544 ὁ
1998 2507 2101 2548 αῦτός
2136 2507 2236 2543 πάλιν
2264 2506 2455 2541 ἐκπεσόντα
2482 2507 2541 2547 τοῦ
2566 2501 2602 2538 εὖ
2633 2499 2715 2537 εἶναι

1609 2574 1664 2609 τόν
1690 2571 1863 2622 ἄνθρωπον
1890 2571 1939 2613 εἷς
1965 2573 2063 2606 τοῦτο
2088 2569 2333 2605 ἀνεκαλέσατο·
2362 2567 2449 2608 ὅπως
2482 2567 2516 2601 δὲ
2551 2567 2610 2604 τήν
2637 2564 2718 2600 οἰνά-

1610 2639 1729 2673 κλησιν
1751 2634 1938 2672 ἐποιήσατο
1962 2631 2166 2672 ἀναπλάσας
2189 2632 2206 2667 ὅ
2227 2631 2332 2679 λόγος
2358 2629 2414 2664 καὶ
2443 2627 2522 2670 θεός
2549 2627 2582 2662 ε’ν
2608 2627 2720 2673 ἑαυτῷ

1610 2698 1668 2736 τήν
1693 2694 1900 2743 ἀνθρωπίνην
1924 2695 2040 2743 φύσιν,
2063 2694 2120 2729 καί
2149 2693 2251 2734 οὕτως
2276 2690 2572 2740 άνορθωσάμενος,
2592 2690 2717 2738 προῗοὶν

1610 2759 1626 2795 ὁ
1647 2758 1751 2805 λόγος
1772 2757 1896 2801 διδάξει
1918 2757 2009 2792 κατά
2029 2756 2143 2805 καιρόν
2163 2755 2218 2790 τὸν
2236 2752 2461 2802 προσήκοντα·
2471 2753 2532 2787 ,νῦν
2551 2751 2619 2799 γάρ
2636 2764 2728 2798 προ-ῃ

1608 2819 1795 2868 ηγούμενος
1821 2817 1916 2854 ἐστίν
1938 2818 1956 2854 ό
1979 2816 2099 2865 τρόπος
2121 2818 2180 2857 τῆς
2203 2815 2235 2850 ἐν
2263 2814 2441 2864 τῷπροίτῳ
2463 2814 2573 2861 Ἀδάμ
2593 2811 2719 2848 οἷκονο-

1607 2880 1691 2929 μιάς
1714 2882 1775 2916 τοῦ
1796 2878 1877 2915 θεοῦ
1897 2878 2108 2922 πάσης,’και“
2132 2877 2182 2918 τίς
2205 2877 2223 2913 o‘
2242 2876 2446 2924 παράδεισος
2468 2876 2525 2910 καὶ
2547 2875 2569 2914 ῆ
2591 2875 2716 2923 τρυφή,

1609 2942 1666 2977 καὶ
1698 2941 1782 2977 ὅπου
1812 2940 2035 2989 πεφύτευται,
2062 2938 2121 2975 καί
2149 2953 2224 2974 τινα
2252 2939 2296 2973 τά
2323 2937 2580 2985 ἐπιτεταμμένα
2609 2936 2718 2983 φυτά,

1608 3006 1703 3040 ποῖον
1724 3005 1758 3038 δέ
1778 3003 1815 3039 τό
1836 3003 2099 3051 κεκωλυμμένον·
2117 3003 2176 3037 καί
2196 3003 2292 3041 ποῖος
2315 2997 2479 3037 ἐπλάσθη
2503 2999 2540 3034 τό
2563 3001 2638 3033 κατ’
2660 2996 2719 3045 αἱρ-

1604 3067 1677 3114 χοὶς
1704 3066 1721 3101 o‘
1748 3065 1876 3112 Ἀδάμ,
1898 3065 1955 3100 καὶ
1983 3063 2017 3099 τί
2036 3063 2104 3113 ἄρα
2124 3063 2228 3108 τούτῳ
2250 3060 2520 3110 ἐπισυμβέβηκε·
2544 3060 2601 3095 καὶ
2629 3059 2718 3101 ὅπως

1605 3122 1758 3164 ύπέπεσε
1781 3129 1824 3176 τῇ
1844 3129 2020 3176 παρακοῇ,
2041 3126 2099 3161 καί
2127 3125 2158 3161 ε“ί
2180 3139 2210 3159 τι
2234 3123 2364 3165 τούτοις
2385 3121 2625 3171 ἐμπεριέχεται
2646 3118 2718 3155 ἕτε-

1607 3198 1671 3239 ρον·
1693 3189 1777 3225 οῦτω
1798 3189 1867 3238 γάρ
1889 3189 1948 3234 ὁδῷ
1968 3187 2224 3237 προβαίνοντες,
2242 3187 2299 3221 καὶ
2322 3187 2365 3234 τῇ
2387 3185 2507 3237 {gozlem
2529 3180 2719 3226 ἀκολουθία

1609 3252 1784 3300 ἑπόμενοι,
1805 3255 1845 3286 δι’
1868 3251 2033 3286 εὐτάκτου
2056 3253 2115 3291 τῆς
2144 3248 2331 3296 διηγήσεως
2354 3247 2411 3283 ε’πί
2438 3247 2493 3282 τὸν
2514 3246 2584 3281 νεόν
2605 3244 2717 3290 Ἀδάμ.
2734 3269 2746 3288 3
2765 3267 2775 3272 -

1608 3315 1881 3362 καταντήσομεν,
1898 3313 1955 3349 καὶ
1977 3314 2021 3348 τοὶ
2042 3317 2117 3348 κατ’
2134 3310 2235 3362 αὐτὸν
2256 3309 2500 3358 ἱστορήσομεν,
2517 3307 2574 3343 καί
2594 3306 2653 3345 τήν
2668 3308 2714 3346 ιδι’

1607 3377 1714 3412 αὐτοῦ
1742 3375 1924 3424 γενομένην
1952 3378 2011 3416 τῆς
2043 3373 2216 3413 πεσούσης
2247 3372 2340 3420 ήμῶν
2371 3370 2500 3418 φύσεως
2533 3365 2716 3416 οἷνόρθωσιν

1607 3439 1665 3475 καὶ
1693 3438 1897 3475 ἀνάπλασιν,
1923 3436 2075 3484 Λέγομεν
2102 3434 2209 3470 τοίνυν
2236 3431 2387 3469 ἐντεῦθεν
2413 3429 2610 3478 ἀρχόμενοι.

1677 3498 1853 3535 Primum
1870 3498 2008 3548 [autem
2032 3494 2135 3532 hunc
2161 3494 2290 3542 operis
2316 3491 2456 3529 librum
2482 3490 2541 3525 ita
2566 3486 2716 3525 conclu-

1607 3557 1668 3595 dit
1685 3559 1843 3602 auctor,
1853 3565 2075 3604 proponens
2092 3553 2251 3590 secunda·
2270 3552 2553 3600 aryumentum.
2578 3550 2715 3587 ‘rmsou

1605 3621 1724 3656 λοιπόν
1751 3619 1784 3654 έν
1812 3621 1856 3665 τῷ
1883 3622 2018 3665 δευτερῳ
2046 3616 2167 3662 βιβλίῳ
2190 3616 2266 3663 περί
2293 3617 2353 3655 τῆς
2375 3614 2605 3659 πνευματικῆς
2626 3610 2713 3658 ζωῆς

1607 3683 1667 3718 καί
1692 3681 1882 3729 άγγελικῆς
1907 3683 1967 3722 τῆς
1994 3680 2079 3728 ὑπὲρ
2106 3679 2225 3725 φύσιν,
2248 3674 2289 3716 ῆν
2315 3676 2332 3711 ὁ
2360 3674 2506 3722 Χριστός
2533 3673 2714 3721 εἰσήγαγε·

1606 3742 1717 3791 ἀρχήν
1745 3740 1848 3783 αὖθις
1883 3740 1998 3789 ἑτέραν
2024 3738 2276 3785 ποιησαμένους
2310 3737 2370 3771 τοῦ
2395 3733 2547 3782 δευτέρου
2575 3734 2713 3778 βιβλίου

1606 3805 1666 3844 τῆν
1688 3804 1883 3853 πρέπουσαν
1902 3803 1959 3837 καί
1978 3801 2174 3850 ἀφηγητήν,
2193 3799 2251 3834 καί
2270 3798 2314 3832 τοὶ
2329 3798 2388 3831 τοῦ
2410 3795 2562 3843 δευτέρου
2580 3796 2711 3842 Ἀδάμ,

1608 3866 1665 3902 καί
1694 3868 1753 3901 τῶν
1780 3863 1942 3907 καθεξῆς.
