2970 4420
303 635 311 661 l
342 635 387 661 52.
408 638 436 661 a.

296 1431 317 1459 f.
337 1434 381 1458 52.
401 1429 431 1459 b.

293 2299 313 2327 f.
337 2301 379 2327 53.
400 2304 430 2326 a.

184 2672 199 2687 *
218 2672 308 2700 Num.
328 2670 365 2700 X.
382 2674 430 2699 35.

170 2731 184 2748 *
201 2730 250 2760 Ps.
264 2730 388 2760 vau.
404 2734 430 2760 3.

296 3040 317 3068 f.
340 3043 382 3069 53.
402 3039 433 3069 l).

305 3784 326 3813 s.
346 3788 390 3813 54.
411 3790 441 3814 a.

481 294 576 341 428

462 413 494 433 x„
521 383 600 420 οἶδα
623 385 689 432 γάρ
714 383 764 420 ὅτι
791 383 943 421 δυ’νασαι·
966 386 1036 422 ι’δοὺ
1063 386 1095 422 οἱ
1121 385 1244 436 ἐχθροί
1266 400 1332 434 μου
1352 387 1492 435 ἤχησαν
1516 389 1573 424 λε’-

473 474 492 490 ,,
518 455 646 494 γοντες·
667 448 759 482 δεῦτε
782 448 840 482 καί
862 446 1149 496 ἐξολοθρεύσομεν
1174 448 1278 486 αὐτήν
1298 448 1337 492 ἐξ
1357 447 1493 494 ἔθνους,
1513 452 1571 486 καὶ

474 535 494 550 ,,
520 507 558 542 οὗ
582 507 632 554 μή
651 506 793 555 μνησθῇ
814 509 874 543 τοῦ
893 509 1035 556 Ἰσραήλ
1055 508 1104 543 ἔτι
1127 509 1164 544 το“
1186 508 1301 555 ὄνομα·
1324 508 1572 552 ἐβουλεύσαντο

474 596 495 611 „
520 567 588 616 γάρ
615 567 648 603 ἐν
671 567 810 615 ὁμονοία
833 568 889 604 ἐπὶ
913 570 951 605 ‘to'
973 569 1056 605 αὐτὸ
1080 569 1189 612 Μωοὶβ
1210 570 1267 606 καί
1288 572 1490 619 Ἀγαρηνοὶ,
1511 574 1572 607 Γε-

475 656 494 673 ,,
516 628 591 672 Both
611 630 669 666 καί
696 630 850 678 Ἀμμών,
871 630 928 665 καὶ
950 631 1120 678 Ἀμαλέκ,
1141 631 1199 666 καὶ
1221 631 1344 673 πάντες
1364 631 1573 679 ἀλλόφυλοι,

473 718 494 735 ,,
520 691 578 727 καὶ
599 692 722 739 Ἀσούρ
742 691 779 726 δέ
797 695 871 739 μετ’
893 692 998 726 αὐτοῖν
1020 691 1231 739 παρεγένετο·
1252 691 1346 726 ἄλλά
1365 691 1430 727 θοῢ
1449 691 1572 735 αὐτούς

471 781 492 796 „
518 753 562 793 ώς
588 754 711 801 τροχόν
742 753 800 788 καὶ
832 752 990 799 καλάμην
1020 751 1119 791 ήνίκα
1144 755 1209 800 πῦρ
1237 753 1410 801 διαφλέγει
1441 755 1571 802 δρυμόν·

471 843 492 858 ,,
518 815 569 863 μή
589 829 671 850 ποτε
692 814 844 859 ε’ίπωσιν,
865 813 923 849 οῦκ
945 813 1019 849 ἔστι
1042 813 1190 862 σωτηριά
1210 814 1245 849 ἐν
1267 817 1311 860 τῷ
1332 813 1397 861 θεῷ
1416 815 1532 857 αὐτῆς.
1553 845 1572 860 ,,

472 877 540 911 Καὶ
565 876 588 915 ἦ
613 877 674 924 μὲν
701 875 798 916 πόλις
825 875 857 909 ἐν
884 875 1014 916 τούτοις
1040 872 1080 914 ἦν
1106 874 1164 910 καί
1192 875 1273 923 ἔδρα
1297 874 1316 910 ὅ
1341 890 1371 911 τι
1398 877 1455 912 καὶ
1482 876 1572 925 ἔδρα·

472 937 510 972 ου’
532 937 601 986 γάρ
622 934 694 978 οἷος
716 937 753 972 τέ
777 935 870 971 ε’στίν
892 934 1095 983 ἀνθρώπινος
1115 936 1222 984 λόγος
1243 936 1386 980 ἐξειπεῖν
1413 938 1456 972 τά
1476 937 1509 972 ἐν
1531 945 1573 987 τῇ

472 1001 585 1043 πόλει,
613 998 657 1034 τά
681 1013 716 1033 τε
741 1002 814 1033 κατ’
844 997 958 1039 οἴκους
985 1012 1040 1033 και
1070 997 1222 1046 δημοσία
1247 997 1280 1034 ἐν
1306 999 1380 1042 νυξι
1407 999 1467 1034 καί
1490 999 1574 1047 η’μέ-

472 1077 545 1110 ραις
565 1061 733 1109 λεγόμενά
753 1075 788 1095 τε
810 1075 865 1096 και
890 1060 1038 1109 δρώμενα
1058 1061 1111 1108 υφ’
1133 1061 1272 1109 ἦγεμονι
1299 1061 1359 1097 καί
1379 1067 1576 1111 παντουργῷ

471 1127 516 1170 τῷ
540 1122 702 1172 ιἐρωτάτῳ
727 1123 915 1170 ταττομένη
941 1122 1085 1171 ποιμένι.

547 1184 575 1222 ι’.
601 1187 732 1233 Πρῶτος
754 1185 789 1219 δέ
810 1186 870 1219 τοῦ
894 1187 1079 1232 πυρπολεῖν
1101 1200 1117 1220 ο
1139 1184 1178 1236 ἐξ
1201 1183 1370 1220 ἀνατολῶν
1396 1185 1573 1234 απήρξατο

474 1246 663 1296 βάρβαρος,
685 1247 702 1281 o‘
729 1248 771 1295 τῇ
794 1246 916 1292 γείτονι
943 1246 1040 1282 πόλει
1068 1248 1111 1295 τῇ
1136 1247 1331 1294 Καλχηδόνι
1359 1248 1577 1300 πανστρατιᾷ

461 1302 740 1356 προκαθήμενος·
763 1306 863 1349 εὐθύς
886 1309 920 1343 δὲ
939 1309 1003 1343 καὶ
1028 1309 1044 1343 o‘
1066 1307 1101 1343 ἔκ
1124 1308 1246 1349 δυ’σεως
1269 1311 1384 1344 τοῦτον
1406 1308 1574 1364 ἐζήλωσε,

471 1370 528 1404 καί
556 1367 665 1418 ὥσπερ
691 1368 861 1410 ἀλλήλους
893 1369 1192 1417 οένταμειβόμενοι,
1219 1371 1276 1405 καὶ
1309 1370 1473 1411 ἀλλήλοις
1499 1370 1575 1405 οἱντ-

470 1428 720 1466 επιδείκνυσθαι
747 1431 896 1470 σπουδήν
928 1434 1043 1467 πᾶσαν
1075 1431 1287 1478 ποιούμενοι,
1310 1431 1515 1480 οἷνεπύρισαν
1541 1432 1574 1466 ἐν

470 1492 550 1540 πυρί
577 1492 636 1527 καί
663 1491 711 1532 εἷς
738 1495 799 1539 γῆν
827 1491 1045 1535 ἔβεβήλωσαν
1079 1495 1136 1527 τοῦ
1171 1492 1253 1528 θεοῦ
1279 1494 1324 1527 τοὶ
1347 1493 1572 1540 οἱγιαστήρια,

468 1555 527 1589 καὶ
554 1554 665 1589 πάντα
690 1552 780 1590 οἷκον
808 1553 998 1597 βασίλειον,
1025 1555 1081 1589 καί
1114 1553 1204 1590 ἅπαν
1233 1554 1394 1591 ἰδιωτικόν
1421 1554 1576 1602 καταγώ-

468 1625 550 1664 γιον·
568 1617 627 1652 καί
646 1619 771 1657 Μωσῆς
792 1617 853 1663 μέν
874 1615 971 1656 ἡνίκα
993 1618 1048 1651 τόν
1067 1618 1210 1665 Ἰσραήλ
1228 1619 1317 1653 κατά
1337 1620 1396 1652 τοῦ
1417 1619 1575 1666 Ἀμαλήκ

467 1679 552 1727 πρός
579 1678 727 1726 πόλεμον
755 1678 892 1720 ἔταττε,
915 1679 977 1719 τάς
1000 1680 1125 1726 χεῖρας
1154 1678 1202 1720 εἷς
1225 1679 1279 1714 τὸν
1306 1679 1440 1726 οὐρανόν
1462 1679 1577 1723 ε’ξεπέ-

468 1749 564 1776 τασε·
587 1742 641 1775 τόν
665 1741 812 1788 σταυρόν
833 1740 900 1788 γάρ
921 1740 1109 1787 προετύπου
1131 1744 1174 1786 τῷ
1197 1742 1367 1789 σχήματι.
1393 1742 1518 1790 Ἀαρών
1541 1744 1575 1776 δὲ

467 1804 524 1838 καὶ
539 1802 603 1850 Ὤρ
625 1806 686 1838 τοῦ
706 1802 891 1850 νομοθέτου
914 1804 975 1843 τοὶς
993 1805 1118 1850 χεῖρας
1140 1803 1327 1851 ὑπήρειδον·
1351 1802 1486 1852 βαρεῖαι
1507 1804 1575 1852 γάρ

466 1866 589 1910 αὗται,
610 1866 836 1914 αἰνιττόμεναι
859 1867 895 1900 τὸ
918 1868 977 1900 τοῦ
1003 1864 1105 1909 νόμου
1133 1865 1312 1908 οἷδυνατον,
1335 1865 1416 1913 ὅπερ
1437 1864 1574 1904 ἠσθένει

468 1932 528 1969 τῆς
551 1929 676 1976 σαρκὸς
697 1931 740 1974 τῷ
761 1927 966 1976 φρονήματι,
986 1931 1024 1962 δι’
1048 1925 1067 1963 ὃ
1083 1928 1141 1962 καί
1165 1928 1220 1962 το“ν
1242 1927 1312 1962 υἱὸν
1330 1926 1437 1962 αὕτοιῖ
1457 1927 1473 1962 ὁ
1495 1926 1577 1968 θεός

468 1990 516 2032 εἷς
543 1991 599 2026 τὸν
626 1990 753 2039 κόσμον
779 1990 1004 2026 ἀπέσταλκεν·
1032 1991 1049 2025 ὁ
1077 1990 1111 2024 δέ
1138 1988 1218 2025 καθ’
1244 1990 1338 2037 ήμᾶς
1363 1992 1490 2030 Μωσῆς
1518 1992 1578 2024 τοῦ

464 2055 665 2100 μονογενοῦς
688 2051 769 2087 θεοῦ
786 2052 840 2087 τόν
859 2052 980 2095 τύπον,
999 2049 1032 2086 ὃν
1050 2053 1106 2086 καί
1127 2050 1280 2098 δαίμονες
1299 2050 1472 2098 φρίττουσι
1493 2049 1578 2098 (φα-

467 2115 503 2149 σί
526 2116 559 2149 δέ
583 2117 697 2149 τοῦτον
719 2113 1002 2162 ἀχειροποίητον)
1029 2113 1154 2154 οἱθωόις
1177 2112 1262 2161 ἆρας
1286 2110 1429 2162 χερσίν,
1451 2112 1490 2148 ου’
1509 2114 1576 2163 γάρ

467 2175 575 2211 ἐδεῖτο
603 2177 661 2210 τοῦ
687 2174 933 2222 ὑπερείδοντος,
959 2174 1037 2210 ὅλον
1064 2175 1184 2210 ἑαυτὸν
1215 2174 1417 2222 σταυρώσας
1443 2176 1576 2223 κόσμῳ,

469 2239 560 2273 κατά
581 2239 618 2274 τὸ
641 2232 791 2286 Χριστοῦ
811 2240 870 2272 τοῦ
891 2236 975 2273 θεοῦ
993 2237 1212 2285 εὐαγγέλιον,
1234 2237 1346 2284 ὥσπερ
1369 2237 1471 2273 ὅπλον
1494 2238 1578 2274 οἶκα-

469 2299 672 2348 ταμάχητον
696 2301 751 2334 διά
771 2300 896 2341 παντὸς
917 2302 978 2334 τοῦ
996 2298 1132 2347 τείχους
1153 2303 1214 2340 τῆς
1236 2300 1362 2340 πόλεως
1381 2299 1498 2338 διῆλθε
1516 2301 1575 2336 σῦν

470 2362 609 2410 δάκρυσι
633 2364 748 2397 τοῦτον
774 2362 991 2408 παραδεικνύς
1017 2364 1094 2402 ταῖς
1115 2361 1238 2408 οἶεριόις
1261 2364 1319 2396 τοῦ
1342 2362 1484 2403 σκότους
1506 2365 1577 2397 δυν-

469 2424 572 2472 οίμεσι
597 2425 653 2459 καί
677 2426 753 2463 ταῖς
780 2422 816 2458 ἐκ
844 2422 966 2464 δυ’σεως
988 2423 1152 2471 φάλαγξι·
1175 2423 1331 2470 σιωπώση
1361 2424 1394 2458 δέ
1422 2426 1465 2471 τῇ
1490 2426 1577 2472 φωνῇ

470 2485 567 2521 καθά
588 2488 714 2526 Μωσῆς
738 2486 754 2520 ὁ
776 2488 900 2532 πρῶτος
922 2485 1009 2527 ἐβόα
1030 2486 1112 2533 πρὸς
1133 2485 1262 2533 κόριον,
1281 2485 1380 2524 ἡνίκα
1400 2486 1459 2524 τήν
1480 2485 1576 2529 κιβω-

470 2549 526 2584 τὸν
549 2547 651 2584 ἐποίει
674 2551 733 2583 τοῦ
751 2550 838 2583 λαοῦ
864 2546 1145 2596 προπορεύεσθαι·
1167 2547 1367 2596 ε’ξεγέρθητι
1390 2548 1497 2595 κύριε,
1517 2550 1575 2584 καὶ

472 2609 834 2659 διασκορπισθήτωσαν
856 2611 890 2645 οἱ
911 2608 1033 2658 ἐχθροί
1052 2623 1130 2652 σου,
1153 2610 1210 2644 καὶ
1234 2609 1431 2657 φυγέτωσαν
1454 2610 1576 2651 πάντες

798 2673 815 2688 «ιι

469 2674 502 2708 οἱ
527 2675 704 2720 μισοῦντες
727 2680 775 2706 σε·
836 2671 965 2712 τούτοις
989 2671 1022 2706 δὲ
1044 2670 1237 2717 προσετίθει
1262 2671 1370 2706 Δαυίδ
1397 2673 1458 2706 τοῦ
1477 2670 1578 2714 βασι-

817 2734 831 2750 ⁴²
857 2733 898 2773 ὦς
923 2731 1068 2768 ἐκλείπει
1091 2733 1232 2774 καπνός,
1255 2731 1512 2767 ἐκλειπέτωσαν·
1535 2733 1576 2775 ὦς

469 2732 550 2774 λέως
579 2733 622 2768 τά
641 2733 788 2783 ῥήματα·

471 2796 608 2835 τήκεται
630 2796 731 2844 κηρός
748 2793 815 2831 dno*
837 2795 1016 2843 προσώπου
1038 2796 1157 2843 πυρός,
1175 2794 1277 2835 οὕτως
1295 2793 1476 2829 ἀπόλοιντο
1493 2793 1574 2833 ἔθνη

471 2857 652 2905 ἀλλόφυλα
678 2856 747 2892 ‹in-o·
768 2857 946 2904 προσώπου
969 2858 1029 2892 τοῦ
1054 2855 1136 2891 θεοῦ
1159 2856 1269 2903 ἡμῶν,
1292 2858 1351 2891 τοῦ
1374 2855 1578 2899 ἐπιβεβηκό-

473 2934 528 2961 τος
555 2918 613 2955 ε’πί
642 2922 792 2967 δυσμῶν,
815 2919 870 2954 διά
897 2919 955 2958 τήν
983 2919 1066 2967 πρός
1092 2919 1183 2966 ήμοῖς
1212 2917 1487 2966 συγκατάβασιν.

547 2982 599 3019 ια’.
624 2983 742 3029 Πρώτη
770 2983 804 3017 δὲ
829 2980 869 3022 ἦν
895 2981 981 3019 αὕτη
1002 2980 1113 3029 ἡμέρα
1135 2983 1193 3021 τῆς
1221 2981 1258 3016 ἐκ
1285 2984 1417 3029 δυσμῶν
1438 2984 1498 3016 τῶν
1519 2980 1577 3016 ε’θ-

472 3047 528 3079 νῶν
562 3042 772 3092 παρουσίας,
798 3042 877 3078 καθ’
903 3041 941 3082 ἢν
974 3046 1084 3077 ταῦτα
1119 3042 1333 3089 ἐπράττοντο·
1361 3041 1454 3089 τρίτη
1491 3043 1524 3077 δὲ
1555 3043 1575 3081 ἦ

472 3105 559 3144 αὐτή
588 3094 734 3153 ὑπῆρχεν
762 3107 822 3145 τῆς
848 3104 1036 3152 ἑβδομάδος
1062 3103 1183 3152 η’μέρα·
1207 3105 1264 3147 καί
1287 3104 1302 3139 ὁ
1328 3105 1389 3151 μὲν
1412 3104 1575 3152 ἱεράρχης

473 3165 533 3202 οἷά
558 3182 609 3208 τις
631 3166 737 3207 ἄλλος
762 3168 888 3207 Μωσῆς
910 3166 979 3201 ἀντ’
1003 3167 1097 3213 ὅρους
1121 3167 1156 3200 ‘to'
1179 3166 1261 3213 πρὸς
1287 3167 1433 3211 δυσμαῖς
1459 3167 1576 3212 τεῖχος

473 3230 650 3278 διήρχετο,
672 3228 795 3277 κλήρου
823 3227 909 3275 ἔχων
937 3229 974 3262 τὸ
1002 3228 1150 3274 ἔκκριτον
1178 3227 1326 3275 προάγον
1354 3228 1389 3261 τέ
1416 3227 1472 3261 καὶ
1501 3226 1579 3262 ἑπό-
1606 3256 1608 3259 .

473 3299 578 3337 μενον·
600 3290 618 3325 ὁ
641 3292 674 3325 δὲ
702 3291 815 3337 φύλαξ
841 3292 900 3324 τῶν
929 3288 1097 3332 βασιλέως
1123 3291 1328 3335 πραγμάτων
1353 3289 1390 3322 ro*
1417 3302 1578 3336 στρατιω-

474 3353 562 3387 τικὸν
590 3353 647 3388 καὶ
674 3355 733 3388 τοῦ
757 3355 844 3387 λαοῦ
878 3352 955 3387 ὅσον
990 3350 1162 3387 ε’πίλεκτον
1196 3351 1280 3398 πρός
1313 3350 1577 3397 ἀντιπαράταξιν

474 3412 611 3457 ἔταττε,
636 3413 731 3449 καθά
757 3416 878 3450 Γεδεών
912 3414 1037 3454 ἐκεῖνος
1069 3414 1101 3448 ἐν
1134 3413 1260 3461 λογάσι
1295 3414 1378 3462 πρὸς
1411 3413 1578 3462 μυριάδας

474 3473 759 3522 ἀντιταττόμενος·
783 3475 910 3515 ε’πέστη
934 3477 970 3511 δέ
990 3474 1049 3511 οἷα
1075 3480 1208 3523 σφηκῶν
1232 3475 1342 3523 σμήνη
1367 3476 1410 3510 τά
1429 3475 1512 3514 ἔθνη
1536 3477 1579 3510 τά

478 3535 637 3584 βάρβαρα
661 3537 728 3573 ἀπὸ
758 3537 944 3580 θαλάσσης
972 3538 1020 3579 εἷς
1047 3537 1250 3580 θάλασσαν,
1273 3539 1330 3577 τήν
1356 3540 1419 3584 γῆν
1440 3537 1578 3572 ἅπασαν

478 3598 536 3632 σύν
563 3600 633 3638 τοῖς
661 3597 777 3640 ὅπλοις
804 3600 1039 3648 πληρώσαντα·
1067 3600 1157 3635 οὔπω
1189 3602 1256 3648 γάρ
1282 3603 1325 3645 τῷ
1358 3598 1516 3648 βαρβάρῳ
1542 3604 1580 3634 ‘ro‘

477 3658 564 3694 κατα1
591 3657 776 3694 θάλασσαν
803 3661 1007 3710 ηύτρέπιστο
1034 3662 1199 3710 μάχιμον·
1225 3660 1265 3700 ἦν
1293 3663 1325 3696 δὲ
1353 3662 1410 3696 καὶ
1433 3663 1470 3696 τὸ
1492 3664 1580 3696 κατά

478 3723 540 3767 γῆν
563 3719 681 3767 θέαμα
702 3723 987 3769 φρικωδέστατον,
1005 3726 1060 3759 καὶ
1086 3725 1123 3759 τό
1146 3723 1224 3759 ἷδεῖν
1246 3723 1345 3771 μόνον,
1365 3722 1487 3767 ἐξέστη
1511 3723 1581 3757 διά-

479 3789 578 3816 νοιαν·
595 3780 673 3817 καθ’
697 3782 754 3818 ἕνα
774 3784 840 3830 γάρ
860 3782 1061 3830 στρατιώτην
1081 3786 1259 3833 ἡμέτερον,
1277 3785 1395 3820 ἑκατόν
1413 3784 1472 3819 καί
1488 3782 1583 3819 πλεί-

480 3856 536 3884 ους
563 3843 714 3891 ὑπῆρχον
737 3843 769 3878 οἷ
795 3842 977 3890 βάρβαροι,
999 3846 1118 3886 πάντες
1141 3846 1344 3893 ἐνδεδυμένοι
1372 3846 1448 3886 τούς
1475 3843 1582 3892 θώρα-

481 3918 561 3948 κας,
582 3903 703 3945 πάντες
726 3906 801 3946 ταῖς
825 3905 1101 3952 περικεφαλαίαις
1125 3906 1342 3954 σκεπόμενοι,
1359 3907 1418 3942 καί
1439 3909 1504 3942 ποῖν
1521 3920 1582 3942 πο-

1179 312 1237 344 DE
1268 311 1497 344 onslmoNE
1529 313 2043 348 CONSTANTINOPOLITANA

1645 403 1662 421 ι»
1689 393 1727 426 te
1750 400 1869 437 posse.
1895 391 1990 428 Ecce
2018 391 2161 431 inimici
2192 394 2265 432 mei
2291 397 2528 442 strepuerunt
2555 393 2738 433 dicentes:

1645 463 1663 481 »ο
1689 448 1809 486 venite
1828 448 2063 487 destruamus
2080 460 2162 488 eam
2183 452 2228 490 de
2243 464 2400 492 numero
2415 456 2604 502 gentium,
2622 466 2742 504 neque

1647 522 1664 539 υ
1692 507 1868 555 amplius
1891 515 2115 549 memoretur
2148 512 2320 551 israhelis
2350 525 2499 552 nomen.
2536 515 2742 553 Consilium

1645 581 1662 599 n
1691 567 1828 615 quippe
1858 568 2047 606 iniverunt
2070 571 2322 618 conspirantes
2350 574 2390 611 in
2418 586 2535 612 unum
2566 575 2676 612 Moab
2706 571 2743 613 et

1646 641 1663 658 υ
1691 625 1874 672 Agareni,
1900 627 2018 665 Gebal
2046 633 2083 665 et
2105 630 2268 666 Ammon
2292 633 2524 676 etsAmalec‚
2544 633 2743 681 cunctique

1646 701 1662 717 »
1691 685 1943 734 alienigenaet,
1973 691 2091 725 Assur
2120 699 2266 736 quoque
2296 700 2380 727 cum
2413 692 2504 739 ipsis
2531 693 2642 730 venit.
2669 694 2740 730 Ve-

1646 760 1663 776 »
1691 740 1902 782 rumtamen
1920 756 2015 794 ponc
2030 757 2092 784 eos
2107 753 2151 784 ut
2166 753 2308 796 rotam,
2324 755 2360 786 et
2376 756 2419 787 ut
2433 751 2607 799 stipulam
2626 762 2743 799 quan·

1647 819 1662 836 u
1692 803 1740 841 do
1768 805 1866 852 ignis
1898 806 2036 844 saltum
2068 796 2241 845 amburit.
2269 809 2323 846 Ne
2358 809 2559 858 aliquando
2592 811 2739 848 dicant.

1646 881 1663 897 »
1691 876 1767 902 non
1794 871 1850 903 est
1874 865 1977 904 salus
2001 877 2021 903 a
2048 869 2126 904 Deo
2152 867 2282 904 eius.»
2301 869 2349 904 Et
2373 870 2499 907 civitas
2522 870 2672 918 quidem
2691 872 2743 908 ita

1645 935 1685 962 se
1710 925 1889 971 habebat,
1913 931 1950 962 et
1970 926 2103 973 agebat
2124 925 2306 974 quidquid
2329 927 2483 974 agebat:
2500 939 2619 977 neque
2644 931 2744 967 enim

1645 985 1834 1022 humanus
1859 995 1981 1022 sermo
1997 995 2168 1023 enarrare
2190 987 2304 1032 valet,
2323 997 2418 1034 quae
2439 988 2478 1024 in
2499 988 2596 1026 intra
2615 989 2745 1027 domos

1643 1043 1700 1080 vel
1728 1043 1898 1091 publice,
1925 1043 1993 1092 diu·
2015 1049 2203 1092 noctuque
2231 1044 2450 1083 dicebantur
2474 1051 2584 1095 atque
2607 1048 2746 1087 fiebant

1644 1104 1684 1139 in
1709 1102 1821 1149 urbe,
1849 1103 1920 1140 sub
1945 1102 2040 1141 duce
2062 1115 2105 1140 ac
2130 1105 2298 1141 omnium
2325 1104 2580 1144 efficacissimo
2601 1113 2747 1155 pastore

1644 1160 1896 1199 sacratissimo
1919 1162 2138 1199 constituta.
2505 1182 2507 1185 -

1719 1225 1777 1257 ιο.
1807 1221 1954 1258 Primus
1995 1222 2254 1260 incendiorum
2292 1222 2379 1261 fecit
2418 1223 2566 1261 initium
2602 1225 2667 1272 qui
2707 1226 2746 1263 in

1645 1281 1819 1317 orientali
1851 1287 1953 1328 parte
1982 1287 2062 1318 erat
2091 1282 2293 1328 barbarus3
2320 1289 2399 1320 erat
2426 1284 2525 1321 enim
2555 1294 2640 1322 curn
2671 1291 2747 1323 toto

1645 1350 1713 1376 suo
1737 1340 1896 1377 exercitu
1914 1340 2011 1377 circa
2029 1341 2186 1378 vicinam
2204 1341 2488 1379 Chalcedonam.
2516 1344 2647 1380 Statim
2663 1354 2747 1382 vero

1646 1400 1762 1436 hostis
1787 1411 1933 1448 quoque
1951 1401 1992 1437 in
2013 1401 2202 1446 occidente
2224 1402 2428 1439 consistens
2452 1403 2559 1440 illum
2577 1404 2749 1451 ¹aemula-

1645 1464 1708 1497 tus
1730 1465 1804 1506 est,
1822 1465 1859 1496 et
1879 1460 1986 1507 quasi
2004 1460 2159 1496 invicem
2179 1460 2459 1509 respondentes,
2477 1467 2514 1499 et
2531 1462 2623 1499 alter
2641 1456 2747 1501 alteri

1646 1524 1764 1556 semet
1781 1523 1966 1557 ostentare
1982 1519 2085 1555 omni
2103 1518 2227 1555 studio
2243 1519 2439 1566 gestientes
2450 1547 2459 1564 ,
2477 1520 2563 1567 igne
2577 1520 2748 1559 combus-

1647 1584 1795 1623 serunt,
1813 1584 1849 1615 et
1866 1577 1971 1614 humi
1987 1578 2298 1615 conculcaverunt
2312 1579 2379 1615 Dei
2399 1578 2549 1625 altaria,
2562 1579 2674 1617 aedes
2693 1590 2764 1618 re·>

1647 1639 1727 1685 gias
1748 1648 1898 1683 omnes,
1917 1643 1954 1674 et
1970 1647 2079 1674 omne
2098 1638 2278 1685 privatum
2299 1637 2565 1675 habitaculum.
2585 1640 2632 1675 Et
2645 1641 2749 1689 Moy-

1647 1708 1705 1735 ses
1719 1697 1871 1745 quidem
1888 1696 2037 1745 quando
2053 1697 2250 1736 israhelem
2265 1702 2392 1734 contra
2407 1697 2559 1735 Amalec
2572 1699 2613 1735 in
2629 1699 2746 1736 aciem

1647 1756 1821 1800 deduxit,
1841 1767 1974 1793 manus
1993 1756 2031 1792 in
2049 1756 2168 1801 crucis
2183 1756 2342 1793 formam
2359 1756 2542 1802 extendit;
2562 1768 2648 1794 nam
2665 1768 2748 1795 cru-

1648 1826 1729 1852 cem
1755 1816 1808 1852 sic
1833 1815 2108 1862 praefiguravit3
2131 1817 2257 1852 Aaron
2282 1820 2405 1853 autem
2428 1821 2465 1870 et
2488 1816 2540 1852 Or
2563 1816 2749 1863 legislato-

1646 1874 1699 1912 ris
1719 1885 1852 1912 manus
1871 1874 2145 1911 sustentabant:
2166 1885 2292 1921 graves
2307 1875 2407 1911 enim
2426 1880 2550 1920 erant,
2568 1875 2661 1924 legis
2679 1876 2748 1914 im-

1648 1931 1862 1981 potentiam'
1877 1934 2149 1981 significantes,
2176 1945 2271 1982 quae
2296 1934 2344 1972 ob
2367 1936 2488 1972 carnis
2513 1945 2662 1972 sensum
2683 1935 2747 1972 in-

1648 1993 1887 2031 firmabatur:
1915 1993 2071 2041 ideoque
2095 1999 2132 2030 et
2155 1993 2275 2030 filium
2307 2003 2415 2030 suum
2440 1996 2542 2031 Deus
2572 1994 2609 2031 in
2638 2002 2746 2036 mun'-

1648 2051 1740 2090 d'um
1770 2053 1882 2090 misit.
1911 2054 2045 2090 Noster
2069 2063 2152 2090 vero
2179 2054 2325 2102 Moyses
2351 2053 2535 2101 unigeniti
2562 2053 2627 2090 Dei
2651 2053 2747 2092 ima-

1648 2112 1771 2158 ginem
1783 2138 1793 2156 ,
1808 2122 1921 2159 quam
1935 2110 2133 2148 daemones
2146 2110 2411 2148 exhorrescunt
2424 2115 2629 2160 (quamque
2642 2113 2749 2151 aiunt

1648 2181 1727 2207 esse
1752 2181 1829 2206 non
1848 2169 2123 2214 manufactam)
2147 2170 2250 2218 puris
2276 2170 2449 2208 manibus
2473 2176 2622 2218 gestans
2647 2176 2748 2216 (non

1647 2230 1748 2267 enim
1773 2230 1852 2277 ipse
1874 2235 2103 2267 sustentante
2124 2229 2277 2277 egebat,
2295 2230 2383 2278 quia
2406 2241 2445 2268 se
2467 2236 2586 2268 totum
2607 2231 2748 2269 mundo

1648 2288 1898 2333 crucifixerat,
1924 2289 2026 2325 iuxta
2050 2288 2188 2326 Christi
2214 2290 2283 2326 Dei
2307 2290 2562 2337 evangelium)
2587 2296 2750 2329 armatu-

1646 2350 1727 2385 ram
1745 2348 1889 2384 scilicet
1902 2347 2226 2395 inexpugnabilem
2236 2376 2246 2394 ,
2260 2349 2385 2386 omnia
2398 2349 2502 2387 urbis
2520 2351 2663 2388 moenia
2679 2352 2749 2389 cir·

1647 2406 1815 2443 cumibat
1840 2417 1925 2443 cum
1951 2407 2146 2456 lacrymis,
2170 2407 2268 2449 hanc
2292 2407 2492 2446 ostendens
2517 2408 2625 2447 aeriis
2648 2414 2749 2448 tene·

1647 2466 1798 2503 brorum
1817 2466 2136 2513 potestatibus‚.et
2151 2466 2435 2505 occidentalium
2452 2468 2616 2506 hostium
2634 2471 2750 2518 agmi-

1647 2526 1773 2563 nibus.
1801 2526 1928 2563 Tacita
1961 2531 2084 2563 autem
2109 2537 2215 2571 voce,
2242 2527 2339 2564 sicut
2363 2528 2465 2575 prior
2491 2528 2555 2566 ille
2582 2530 2747 2579 Moyses,
2803 2567 2806 2569 ,

1648 2584 1836 2622 clamabat
1852 2584 1899 2622 ad
1915 2585 2118 2622 Dominum
2130 2613 2140 2631 ,
2156 2596 2241 2622 cum
2255 2596 2378 2623 arcam
2393 2587 2529 2634 populo
2542 2589 2682 2636 praeire
2696 2588 2749 2627 fa·
2805 2599 2810 2613 ²

1649 2645 1791 2682 ciebat.-
1813 2656 1949 2692 exurge
1966 2646 2125 2682 Domine
2138 2674 2148 2690 ,
2168 2651 2204 2683 et
2220 2645 2445 2694 dissipentur
2459 2657 2588 2686 omnes
2606 2649 2749 2686 inimici

1647 2705 1724 2747 tui,
1740 2709 1777 2740 et
1793 2703 1941 2750 fugiant
1955 2714 2086 2741 omnes
2102 2703 2269 2742 odientes
2284 2709 2332 2742 te.
2349 2705 2418 2742 His
2436 2711 2619 2753 praeterea
2638 2706 2749 2746 adde-

1648 2762 1713 2799 bat
1728 2763 1880 2800 Davidis
1894 2763 1989 2810 regis
2003 2763 2127 2800 verba:
2147 2763 2244 2800 sicut
2259 2762 2383 2801 deficit
2397 2763 2542 2808 fumus,
2559 2764 2746 2804 deficiant.

1648 2822 1753 2859 Sicut
1778 2832 1860 2859 cera
1881 2822 2054 2869 liquescit
2078 2832 2098 2858 a
2124 2821 2217 2859 facie
2241 2822 2360 2870 ignis,
2379 2823 2433 2859 sic
2451 2829 2602 2871 pereant
2620 2829 2749 2872 gentes

1648 2883 1880 2930 alienigenae
1909 2893 1929 2919 a
1957 2882 2051 2920 facie
2082 2882 2151 2919 Dei
2179 2882 2321 2928 n‘ostri,
2350 2883 2415 2933 qui
2444 2883 2611 2920 ascendit
2639 2884 2750 2932 su'per

1648 2952 1820 2979 occasum
1835 2969 1844 2987 ,
1874 2947 2023 2989 propter
2046 2952 2152 2978 suam
2179 2952 2264 2989 erga
2288 2951 2358 2979 nos
2384 2941 2745 2980 condescensionem.

1722 3006 1777 3038 11.
1806 3002 1954 3038 Primus
1979 3001 2040 3038 hic
2064 3006 2143 3038 erat
2167 3000 2266 3046 dies,
2286 3011 2359 3049 quo
2383 3007 2421 3038 et
2446 3002 2561 3039 hostis
2580 3002 2769 3045 occidens

1647 3060 1735 3097 talis
1754 3066 1994 3108 apparuerat,
2013 3065 2049 3096 et
2066 3059 2155 3097 haec
2177 3059 2335 3105 fiebant,
2355 3059 2607 3097 hebdomadae
2624 3065 2747 3097 autem

1649 3120 1728 3156 dies
1757 3116 1915 3164 tertius,
1942 3129 2027 3156 cum
2058 3119 2203 3166 praesul
2233 3119 2334 3155 velut
2360 3119 2453 3155 alter
2479 3121 2646 3168 Moyses,
2671 3129 2748 3156 non

1651 3185 1834 3223 montem,
1855 3178 1919 3215 sed
1945 3178 2213 3215 occidentalem
2239 3189 2389 3215 murum
2416 3178 2663 3222 discurrebat,
2687 3177 2749 3215 de-

1649 3237 1785 3275 lectum
1819 3238 1960 3274 clerum
1997 3238 2128 3285 partim
2164 3248 2250 3285 prae
2283 3248 2322 3274 se
2357 3237 2496 3275 habens
2523 3239 2659 3284 partim
2690 3247 2747 3274 se-

1649 3302 1838 3343 quentem.
1860 3298 1993 3334 Custos
2011 3302 2135 3335 autem
2158 3297 2279 3344 regiae
2302 3296 2454 3333 ditionis
2476 3296 2613 3332 milites
2634 3296 2749 3343 popu-

1650 3356 1750 3404 lique
1767 3355 1952 3393 delectum
1972 3366 2170 3394 numerum
2188 3356 2227 3392 in
2244 3356 2360 3393 aciem
2379 3354 2577 3399 educebat,
2599 3365 2665 3392 ceu
2684 3355 2749 3393 ille

1649 3416 1820 3460 Gedecn,
1849 3427 1987 3463 paucos
2013 3416 2224 3463 manipulos
2250 3414 2610 3462 millibus-pluribus
2633 3425 2748 3462 oppo-

1650 3486 1759 3512 nens.
1786 3477 1879 3512 Ecce
1905 3480 2030 3512 autem
2050 3474 2290 3518 adstiterunt,
2310 3483 2378 3510 ceu
2402 3483 2596 3520 vesparum
2614 3473 2749 3511 exami-

1649 3546 1719 3581 na,
1740 3540 1867 3582 gentes
1889 3534 2069 3572 barbarae
2095 3545 2116 3572 a
2141 3534 2235 3571 mari
2259 3532 2305 3570 ad
2325 3543 2425 3570 mare
2443 3538 2581 3570 terram
2599 3533 2753 3571 univer-⁷

1650 3604 1729 3630 sam
1757 3595 1870 3631 armis
1895 3594 2092 3642 replentes.
2120 3591 2295 3630 Nondum
2322 3593 2423 3628 enim
2445 3591 2626 3630 barbarus
2642 3592 2749 3630 belli-

1651 3664 1731 3690 cam
1759 3654 1914 3690 classem
1936 3655 1974 3691 in
1997 3654 2090 3691 mari
2114 3658 2315 3700 paraverat.
2342 3653 2431 3689 Erat
2451 3658 2577 3690 tamen
2597 3653 2748 3690 horren-

1652 3712 1849 3749 dissimum
1868 3714 1907 3749 in
1925 3718 2023 3750 terra
2036 3711 2287 3759 spectaculum
2300 3739 2311 3755 ,
2327 3711 2433 3748 cuius
2451 3711 2629 3749 Velsolus
2646 3721 2748 3759 aspe-

1652 3777 1733 3808 ctus
1760 3777 1920 3808 mentem
1947 3776 2095 3817 stupore
2119 3769 2358 3816 percellebat:
2386 3780 2472 3806 nam
2499 3781 2565 3818 pro
2588 3770 2748 3818 singulis

1651 3830 1789 3867 nostris
1815 3829 1995 3866 militibus
2020 3834 2168 3866 centum
2194 3834 2231 3865 et
2254 3829 2416 3876 amplius
2444 3836 2548 3867 erant
2577 3829 2745 3875 barbari,

1652 3887 1781 3925 loricis
1797 3899 1925 3926 omnes
1940 3887 2080 3932 vestiti,
2098 3888 2213 3936 galeis
2232 3898 2361 3927 omnes
2382 3889 2493 3934 tecti,
2510 3893 2618 3937 atque
2637 3898 2746 3926 omne
