2970 4420
286 1618 306 1647 ἱ.
327 1622 372 1647 71.
394 1618 428 1648 b.

289 3286 312 3314 s.
331 3291 375 3317 72.
396 3286 427 3317 b.

479 281 574 327 436

472 373 563 419 ’ἡμᾶς
589 370 810 415 ἐνεδείξαντο,
832 371 946 415 οἴκους
967 373 1130 423 ἀψύχους
1151 375 1405 425 ἐμπρήσαντες,
1426 377 1484 411 καὶ
1505 380 1569 425 γῆς

472 434 509 469 τὸ
538 432 720 469 κοίλλιστον
748 432 991 482 ἀφανίσαντες,
1010 438 1068 472 καὶ
1096 437 1198 483 τούτῳ
1221 440 1265 483 τῷ
1284 437 1393 487 τρόπῳ
1420 439 1479 477 τήν
1500 438 1571 488 χά·

472 509 519 543 ριν
540 498 600 536 τῆς
621 495 787 544 σωτηρίας
807 498 866 533 καιΙ
887 499 947 537 τήν
970 499 1089 547 δωρεάν
1117 498 1343 547 σμικρύνωμεν
1365 502 1425 541 τῆς
1448 500 1572 547 λυτρώ-

472 561 572 601 ἀεως,
590 556 683 594 ἀλλά
702 560 760 594 καὶ
785 557 866 595 ὅσων
885 561 943 595 καὶ
964 559 1038 595 οἵων
1054 561 1146 608 ἦμοῖς
1168 558 1311 607 ὀλέθρων
1328 560 1500 608 ε’ξήρπασε
1518 561 1573 598 κύ-

473 628 551 666 ριος·
577 619 634 655 καί
661 619 737 655 τότε
762 620 966 668 γνωσόμεθα
987 623 1031 656 τοὶ
1055 621 1190 669 μεγέθη
1213 619 1252 656 ὦν
1274 620 1355 668 η’μῖν
1376 622 1392 657 ὁ
1414 621 1493 664 θεὸς
1513 624 1572 659 καί

472 681 495 719 ἦ
512 679 683 730 παρθένος
705 681 844 730 ἀγαθῶν
866 682 1065 729 ἐδωρήσατο·
1085 683 1185 729 ἡμεῖς
1205 683 1266 729 μὲν
1287 683 1354 732 γοὶρ
1377 682 1573 733 ὀφθαλμοῖς

473 742 554 779 ἰδεῖν
575 742 654 779 ὅσον
676 743 764 780 οὔπω
790 745 1108 793 προσεδοκήσαμεν,
1131 744 1231 793 ἱερεῖς
1257 746 1319 793 μὲν
1345 746 1413 794 γάρ
1435 747 1493 781 καὶ
1515 745 1574 796 ἅρ-

467 819 598 854 χοντας
624 802 680 842 καί
706 806 788 842 λαὸν
812 805 896 842 οὕτω
917 805 1168 855 τεθραμμένον,
1189 806 1262 842 ὅσοι
1285 807 1341 842 τδν
1363 806 1509 843 θοίνατον
1530 810 1574 851 οἷς

423 890 431 899 ·
470 867 561 909 εἰκὸς
582 866 737 916 ἐκφυγεῖν
757 867 994 911 ἠδυνήθησαν,
1014 870 1072 904 καὶ
1095 869 1133 903 τὸ
1154 867 1215 916 ζῇν
1234 868 1382 911 ἐλεεινῶς
1402 867 1574 908 ἀντηλλά-

471 930 587 973 ξαντο,
604 930 821 978 χειροπέδαις
843 932 999 978 σιδηραῖς
1023 931 1233 977 δεδεμένους,
1253 931 1311 966 καὶ
1333 932 1384 973 εἷς
1403 933 1466 978 γῆν
1483 931 1574 967 ἀπα-

468 991 631 1038 γομένους
657 990 854 1038 ἀλλοφύλων
879 991 939 1027 ἐπὶ
967 991 1103 1037 δουλεία
1128 996 1249 1040 πικρςὶ,
1276 994 1334 1028 καὶ
1362 993 1507 1041 ὀδυνηροῖ
1530 997 1575 1043 τῇ

468 1051 554 1102 ζωῇ,
573 1051 614 1095 ἦς
636 1055 748 1098 πολλῷ
768 1055 811 1098 τῷ
829 1053 939 1102 μέτρῳ
959 1054 1152 1102 τιμιώτερός
1170 1054 1261 1090 ἔστιν
1280 1056 1299 1090 o‘
1315 1054 1475 1097 θάνατος’
1495 1055 1574 1103 γύν-

467 1130 528 1159 αια
554 1116 589 1150 δέ
613 1114 670 1150 καί
698 1114 798 1149 τέκνα
824 1116 885 1157 τοὶς
911 1116 973 1162 μὲν
1001 1115 1226 1165 ὑβριζομένας
1253 1116 1485 1167 αι’σχρότητι,
1510 1119 1569 1153 καί

468 1174 673 1222 βαρβαρικῆς
694 1176 871 1223 γινομένας
894 1176 1042 1219 ἀσωτίας
1064 1178 1219 1226 παίγνιον
1241 1178 1318 1224 ἅμα
1337 1180 1396 1215 καί
1417 1180 1573 1227 γέλωτα,

467 1240 525 1272 τῶν
547 1236 720 1285 ὁμοζύγων
742 1237 898 1285 ὁρώντων,
914 1240 973 1274 καὶ
995 1241 1083 1286 μηδὲ
1105 1241 1146 1281 ὦς
1169 1242 1258 1276 δεινοὶ
1275 1242 1477 1288 πασχόντσν
1497 1246 1575 1277 τολ-

464 1299 592 1346 μώντων
619 1298 818 1346 ὀδύρασθαι·
839 1300 939 1336 τέκνα
961 1302 995 1336 δὲ
1025 1300 1229 1350 σφαζόμενα
1254 1302 1323 1338 ὅσα
1349 1303 1513 1339 δουλεύειν
1535 1304 1572 1340 ἐκ

466 1363 525 1401 τῆς
549 1360 685 1402 η’λικιάς
713 1360 773 1396 οὐκ
800 1361 935 1411 ἴσχυον·
962 1363 1006 1398 τοὶ
1032 1365 1066 1398 δὲ
1094 1364 1259 1400 δουλεύειν
1286 1364 1474 1413 δυνάμενα,
1491 1381 1573 1414 χερ-

465 1424 519 1460 σι“ν
545 1422 741 1471 ἀλλοφύλων
764 1424 817 1460 ἐπ’
841 1425 963 1471 ὄψεσιν
988 1426 1168 1474 ἡμετέραις
1195 1427 1371 1475 ἑλκόμενα·
1397 1426 1436 1463 οὗ
1463 1428 1496 1463 τί
1516 1429 1574 1476 γε’-

462 1500 551 1521 νοιτο
579 1485 796 1535 ἐλεεινότερον
823 1486 963 1536 θέαμα;
990 1487 1103 1530 θείους
1130 1490 1166 1524 τέ
1192 1490 1293 1531 ναούς
1319 1491 1378 1526 καί
1408 1489 1574 1534 βασίλεια

465 1549 522 1583 καὶ
545 1549 642 1583 πόλιν
661 1548 801 1584 ἅπασαν
823 1550 1060 1597 καταγομένην
1080 1550 1130 1592 εἷς
1150 1550 1286 1599 ἔδαφος·
1304 1551 1575 1601 ἔπιστρέφεσθαί

464 1626 500 1645 τε
522 1611 579 1646 καὶ
602 1608 753 1658 καθοροῖν
775 1612 834 1646 καί
855 1610 1082 1660 λογίζεσθαι,
1105 1611 1137 1647 εἴ
1157 1628 1196 1660 γε
1220 1612 1281 1658 κᾷν
1304 1616 1402 1649 τοῦτο
1427 1628 1574 1662 συνεχω-

462 1672 638 1723 ρήθημεν,
664 1672 733 1709 οἷον
761 1673 911 1722 μέγεθος
940 1673 1067 1716 πόλεως
1096 1675 1154 1710 καὶ
1184 1677 1348 1716 καλλονήν
1380 1677 1573 1724 κτισμάτων

463 1739 521 1774 καὶ
543 1736 757 1786 περιφάνειαν
779 1735 893 1780 οἴκων,
914 1736 952 1772 ἔκ
973 1735 1128 1778 πλήθους
1142 1731 1318 1786 Ὶάμαρτιῶν
1337 1736 1572 1786 η’φανίσαμενι

463 1803 521 1838 καὶ
547 1800 588 1838 ὦν
614 1799 787 1848 οἷκήτορες
814 1800 978 1850 ὑπάρχειν
1000 1801 1059 1836 οὐκ
1080 1800 1286 1850 ἠξιώθημεν,
1311 1802 1442 1838 Τούτων
1464 1802 1572 1837 τοίνυν

460 1863 612 1900 ἀποίντων
635 1863 699 1899 ύπό
721 1861 832 1911 κυρίου
859 1863 1120 1911 λελυτρωμένοι,
1141 1864 1217 1899 τίνα
1237 1864 1319 1911 πρὸς
1346 1864 1572 1912 εὐχαριστίαν

460 1926 543 1974 ὑπὲρ
568 1926 659 1973 ἡμῶν
687 1923 754 1970 θεῷ
782 1925 838 1960 καὶ
866 1927 909 1973 τῇ
938 1924 1093 1974 παρθένῳ
1123 1928 1167 1973 τῇ
1196 1923 1398 1974 θεομήτορι,
1425 1925 1501 1961 ἀνθ’
1529 1924 1571 1962 οἷν

460 1986 697 2034 πεπόνθαμεν,
723 1986 1022 2035 προστησόμεθα;
1047 1986 1122 2023 τίνα
1146 1988 1231 2034 πρὸς
1258 1986 1350 2023 αἶνον
1379 1988 1437 2023 καὶ
1471 1988 1572 2031 δόξαν

461 2049 544 2097 ύπέρ
571 2047 611 2084 ὗν
632 2047 774 2092 ἀναξίως
796 2047 1067 2097 εύεργετήθημεν
1089 2047 1364 2097 προβαλῶμεθας
1385 2052 1404 2068 “
1425 2050 1479 2087 ὅτι
1500 2049 1574 2085 εἶσ-

462 2138 482 2154 ,,
506 2110 631 2155 ήκουσε
663 2112 722 2144 τῶν
750 2110 894 2148 πενήτων
923 2111 941 2144 o‘
965 2110 1095 2157 κύριος,
1121 2111 1179 2145 κοιιΙ
1206 2112 1286 2152 τούς
1318 2113 1572 2160 πεπεδημένους

462 2200 482 2215 ,,
509 2173 567 2207 οὐκ
594 2171 821 2215 ἐξουδένωσεν·
847 2171 1083 2207 αι’νεσοίτωσαν
1109 2171 1212 2208 αύτὸν
1239 2174 1273 2207 οἱ
1300 2173 1435 2221 οὐρανοὶ
1463 2174 1521 2208 καί
1548 2177 1572 2212 η’

464 2262 485 2278 ‚‚
511 2236 575 2282 γῆ,
596 2232 767 2268 θάλασσα
792 2233 848 2267 καὶ
872 2232 985 2268 πάντα
1005 2234 1050 2267 τοὶ
1071 2231 1219 2281 ἕρποντα
1240 2233 1273 2268 ἐν
1295 2234 1392 2282 αὐτῇ·
1415 2234 1466 2270 ὅτι
1489 2234 1573 2270 ἔσω-

464 2324 484 2340 „
511 2309 550 2331 σε
577 2296 685 2345 κύριος
713 2295 771 2334 τήν
800 2296 899 2338 Σιών,
925 2295 982 2330 καί
1010 2295 1088 2336 τούς
1115 2296 1291 2336 ταπεινούς
1317 2298 1377 2331 τοῦ
1400 2299 1488 2332 λαοῦ
1512 2296 1573 2332 αύ-

465 2386 485 2402 „
511 2360 570 2393 τοῦ
594 2357 835 2406 παρεκάλεσεν.
856 2385 876 2400 ,,
897 2358 965 2392 Καὶ
990 2357 1094 2404 ἡμεῖς
1121 2358 1155 2392 δὲ
1183 2355 1263 2392 καθ’
1291 2356 1371 2393 ὅσον
1397 2357 1473 2406 ἔχει
1500 2361 1573 2394 δυν-

419 2445 426 2453 .
464 2419 574 2467 α’μεως
607 2418 773 2461 ἕκαστος,
804 2419 853 2465 μή
886 2417 1032 2466 ἄκαρποι
1065 2420 1217 2466 φανῶμεν
1254 2420 1345 2466 μηδέ
1375 2418 1476 2467 ιιίργοιΙ
1512 2412 1570 2455 καί

464 2480 615 2520 ἀκίνητοι
642 2482 724 2529 πρὸς
746 2481 804 2520 τήν
832 2484 871 2516 δι’
893 2480 994 2528 ἔργων
1021 2480 1160 2528 ἀγαθῶν
1187 2480 1287 2525 δόξαν
1310 2482 1368 2517 καί
1397 2480 1490 2518 αἶνον
1512 2474 1573 2519 τοῦ

467 2542 647 2584 σώσαντος.

540 2603 600 2652 κζ’.
625 2605 752 2639 Τούτων
779 2605 813 2640 δέ
840 2603 923 2639 οὕτω
950 2602 1188 2652 φιλανθρωπίᾳ
1214 2603 1297 2640 θεοῦ
1323 2607 1382 2641 τοῦ
1406 2604 1573 2646 ἐλεήσαν-

465 2681 523 2708 τος
549 2669 608 2703 τῶν
636 2664 834 2714 θαυμασίων
857 2665 906 2707 εἷς
927 2666 1019 2714 ήμᾶς
1040 2666 1240 2713 γενομένων,
1261 2668 1369 2713 φασὶν
1395 2668 1430 2703 οἶ
1449 2667 1487 2703 ἔκ
1508 2667 1573 2711 βα-

465 2727 585 2769 σιλέως
610 2729 671 2762 τοῦ
691 2730 817 2763 πιστοῦ
836 2728 893 2762 καὶ
914 2730 1071 2775 μεγάλου
1094 2727 1279 2770 βασιλικάς
1299 2728 1495 2776 ἀποκρίσεις
1516 2744 1572 2765 κο-

463 2790 639 2837 μίζοντες,
665 2789 706 2830 ὦς
737 2789 841 2824 νύκτα
867 2790 902 2824 τὲ
929 2790 986 2824 καὶ
1020 2789 1151 2837 ἡμέραν
1177 2787 1248 2824 ὦτα
1281 2791 1339 2825 καί
1368 2789 1571 2839 ὀφθαλμούς

464 2851 691 2900 ἀνεῳγμένους
719 2849 794 2899 εἶχε
816 2852 875 2886 καὶ
897 2851 956 2890 τήν
978 2852 1142 2893 διάνοιαν,
1165 2850 1303 2888 ἐσκόπει
1331 2853 1369 2888 τέ
1394 2856 1451 2888 καί
1478 2866 1571 2901 περι-

466 2916 601 2949 εσκόπει
623 2915 685 2955 τοὶς
706 2914 804 2954 ὁδούς
826 2914 885 2949 καὶ
907 2914 966 2952 τήν
989 2912 1193 2957 θάλασσαν,
1214 2914 1400 2963 ἀκοίμητον
1419 2908 1569 2964 ἔχωνγτό

465 2978 526 3017 τῆς
553 2974 672 3023 ψυχῆς
698 2976 966 3022 φροντιστήριον,
988 2977 1047 3011 καί
1069 2975 1197 3011 damon
1224 2976 1428 3024 κεκτημένος
1450 2978 1488 3012 ‘ro'
1509 2980 1570 3019 τῆς

464 3035 629 3084 μερίμνης
655 3036 838 3086 κριτήριον,
861 3037 911 3078 τίς
937 3037 1026 3082 αὐτῷ
1045 3037 1187 3084 γε’νηται
1210 3040 1270 3079 τῆς
1294 3039 1330 3073 ἐκ
1355 3037 1437 3074 θεοῦ
1462 3053 1571 3078 σωτη-

463 3098 536 3146 ρίας
563 3101 660 3140 τῆςδε
683 3101 741 3140 της
764 3099 889 3140 πόλεως
911 3099 1071 3146 ἄγγελος·
1095 3099 1149 3135 ὅτε
1173 3101 1207 3136 δὲ
1236 3100 1309 3142 ὅτε,
1330 3100 1425 3136 καθοὶ
1445 3102 1569 3149 φασὶν,

464 3161 496 3195 οἱ
523 3162 567 3196 τά
591 3164 766 3209 μεγαλεῖα
787 3164 846 3196 τοῦ
868 3159 950 3196 θεοῦ
975 3161 1237 3203 διακομίσαντες
1265 3167 1340 3197 κατ’
1362 3161 1488 3201 ἐκείνην
1509 3164 1569 3202 τήν

463 3223 576 3270 χώραν
597 3222 793 3270 γεγόνασιν,
816 3222 852 3258 ού
874 3222 1031 3271 πρότερον
1054 3223 1087 3258 τί
1108 3223 1361 3271 διακομίζοντες
1381 3224 1485 3264 ἦκασι
1508 3239 1570 3260 πυ-

467 3283 595 3320 θέσθαι
623 3285 832 3328 δεδύνηνται,
859 3284 918 3327 ἕως
948 3285 995 3321 ὅτ’
1022 3285 1061 3320 οἲν
1089 3286 1137 3327 εἷς
1165 3287 1219 3321 τὸν
1246 3288 1321 3322 ναὸν
1353 3288 1481 3335 δραμών
1508 3289 1569 3328 τῆς

466 3346 632 3394 παρθένου
654 3348 711 3383 καὶ
733 3346 940 3395 θεομήτορος
962 3349 1089 3395 πρηνής
1112 3348 1161 3389 εἷς
1184 3349 1307 3395 ἔδαφος
1329 3349 1465 3391 ἔπεσεν,
1481 3349 1570 3396 ἀγα-

468 3406 532 3442 θῶν
558 3408 722 3456 ὑπάρχειν
746 3411 917 3451 διακόνους
940 3412 1018 3452 τούς
1044 3410 1337 3458 παραγενομένους
1362 3411 1445 3459 πρὸς
1466 3409 1567 3447 αὐτὸν

447 3473 449 3475 ’
467 3467 710 3516 ἐξαιτούμενος·
731 3469 831 3509 ’ἡνίκα
851 3472 885 3507 δὲ
907 3474 967 3513 τῆς
989 3471 1095 3519 εὐχῆς
1118 3470 1190 3518 εὗρε
1212 3474 1272 3511 τήν
1296 3472 1463 3520 ἀγγελίαν
1489 3472 1570 3508 ἀκό-

467 3528 607 3572 λουθον,
624 3530 680 3565 ἐπὶ
702 3534 766 3577 γῆς
787 3531 888 3574 αὖθις
911 3534 1026 3574 κλίνας
1048 3534 1094 3568 ¹roi
1112 3533 1245 3580 γόνατα
1265 3533 1318 3569 ἐπ’
1337 3533 1441 3580 ὄψεσι
1464 3547 1569 3582 στρα-

419 3628 421 3630 ‚
467 3594 527 3627 τοῦ
553 3592 610 3626 καὶ
632 3594 692 3627 τοῦ
712 3594 867 3635 συνόντος
888 3598 992 3638 λαοῦ,
1014 3593 1082 3641 θεῷ
1099 3595 1158 3630 και1
1180 3597 1222 3643 τῇ
1248 3594 1402 3643 παρθένῳ
1427 3596 1489 3631 σύν
1510 3596 1569 3631 δοί-

467 3664 564 3699 κρυσι
585 3653 840 3699 προσεκύνησεν·
863 3654 1056 3703 εὐχαριστῶ
1082 3670 1158 3699 σοι,
1178 3656 1300 3703 λέγων,
1322 3655 1379 3692 θεὲ
1405 3657 1488 3704 λόγε
1509 3657 1567 3692 καί

468 3713 571 3762 σῶτερ
595 3714 737 3761 ’ἡμέτερε
761 3716 816 3749 καὶ
841 3715 986 3757 βασιλεῦ
1010 3718 1125 3759 ποίσης
1153 3718 1292 3760 κτίσεως
1312 3718 1378 3757 ὅση
1401 3719 1438 3753 τὲ
1463 3719 1565 3765 ὁρατή

438 3801 441 3810 s
466 3775 525 3809 καῖ
552 3773 617 3813 ὅση
644 3774 798 3822 ἀόρατος·
821 3777 880 3811 καί
905 3778 961 3811 σοι’
990 3778 1136 3826 παρθένε
1162 3781 1220 3815 καὶ
1244 3779 1382 3815 θεοτόκε
1405 3781 1462 3815 καί
1491 3780 1567 3815 δέσ-

467 3850 583 3879 ποινα,
601 3835 653 3873 ὅτι
673 3836 769 3872 πόλιν
790 3836 828 3876 ἥν
848 3852 905 3884 μοι
923 3842 1105 3874 πιστεῦσαι
1122 3841 1371 3884 κατηξιώσατε,
1389 3843 1445 3877 καὶ
1463 3843 1566 3883 λαούς

468 3897 508 3935 οἷν
534 3913 577 3947 με
604 3898 748 3946 ποιμένα
774 3899 964 3947 τετοίχατε,
990 3903 1120 3947 μᾶλλον
1149 3903 1181 3937 δέ
1209 3901 1264 3943 οὓς
1293 3904 1353 3939 σύν
1383 3903 1460 3950 ἐμοὶ
1494 3917 1567 3940 ποι-

1179 300 1236 331 ΒΕ
1269 298 1498 331 ΟΒΞΙΒΙΟΝΕ
1531 299 2047 346 CONSTANTmol’omTANA

1640 374 1787 412 barbari
1806 375 1846 413 in
1864 387 1933 414 nos
1947 377 2132 424 fecerunt,
2152 379 2261 418 aedes
2282 380 2507 419 inanimatas
2529 387 2746 428 exurentes,

1642 440 1679 471 et
1702 439 1822 472 terrae
1846 436 1986 483 optima
2008 436 2388 489 destruentes3'atque
2410 441 2462 478 ita
2487 442 2620 479 salutis
2645 452 2749 479 acce-v

1642 500 1727 542 ptae
1740 495 1918 541 gratiam,
1938 501 1976 533 et
1989 496 2253 545 redemptionis
2267 500 2490 538 beneficium
2510 501 2745 539 minuamus:

1646 551 1711 610 sed
1729 558 1767 589 et
1783 559 1874 601 quot
1894 555 2116 603 quantisque
2135 566 2202 593 nos
2219 557 2428 596 exitialibus
2445 559 2551 597 malis
2568 559 2748 607 eripuerit

1642 613 1829 650 Dominus
1853 619 2088 661 reputemus:
2115 620 2208 653 tunc
2235 617 2333 654 enim
2362 630 2607 667 agnoscemus
2632 620 2749 657 bono-

1643 682 1726 709 rum
1752 683 1847 719 quae
1866 673 1906 709 in
1928 683 1997 710 nos
2022 674 2262 712 contulerunt
2280 677 2380 714 Deus
2404 688 2448 714 ac
2465 679 2579 727 Virgo
2603 679 2750 726 magni-

1637 730 1833 768 'tudinemr
1857 733 1932 769 Nos
1957 732 2128 771 videlicet
2146 739 2311 781 spectare
2338 736 2458 774 oculis
2473 739 2746 784 existimemus,

1645 790 1745 838 quod
1771 802 1978 839 numquam
2003 798 2315 840 expectassemus3
2337 795 2543 834 sacerdotes
2565 803 2602 834 et
2626 808 2751 845 proce·

1645 860 1704 887 res
1721 855 1833 898 atque
1851 851 2031 898 populum
2049 853 2265 899 gravissime
2282 854 2469 891 attritum:
2488 862 2669 905 quotquot
2685 868 2751 895 au-

1645 915 1720 947 tem
1749 911 1904 948 mortem
1932 917 1976 948 ut
2004 922 2070 959 par
2098 916 2176 949 erat
2207 913 2320 950 vitare
2348 919 2750 966 potuerunt‚eamque

1646 980 1731 1006 oum
1753 970 1955 1007 miserabili
1982 971 2056 1008 vita
2081 977 2336 1017 commutare,
2356 974 2497 1010 catenis
2521 973 2648 1012 ferreis
2673 976 2751 1013 vin-

1646 1035 1745 1076 ctos,
1765 1030 1812 1067 ad
1834 1037 2046 1068 extraneam
2069 1031 2256 1079 regionem
2282 1032 2320 1068 in
2346 1043 2512 1070 amaram
2537 1035 2750 1073 servitutem

1646 1089 1892 1137 acerbamque
1915 1090 2029 1126 vitam
2054 1089 2254 1135 abductos,
2279 1101 2352 1139 qua
2377 1096 2475 1128 certe
2497 1092 2615 1129 multo
2640 1094 2751 1131 aesti-

1647 1148 1819 1185 mabilior
1841 1159 1941 1186 mors
1964 1155 2041 1185 est:
2061 1146 2241 1186 mulieres
2255 1160 2299 1186 ac
2322 1149 2478 1196 liberos,
2495 1149 2581 1188 illas
2599 1151 2749 1199 quidem

1648 1209 1806 1256 turpiter
1833 1208 2117 1255 dehonestatas,
2144 1213 2180 1246 et
2206 1207 2419 1247 barbaricae
2445 1210 2749 1258 intemperantiae

1646 1268 1746 1305 lusui
1762 1266 1927 1316 risuique
1942 1267 2108 1312 habitas,
2124 1268 2267 1305 maritis
2285 1269 2554 1316 spectantibus,
2569 1275 2606 1307 et
2620 1281 2751 1317 quam-

1646 1337 1758 1375 quam
1784 1328 1975 1367 horribilia
1999 1327 2246 1375 patientibus,
2263 1328 2459 1366 lamentari
2481 1339 2558 1366 non
2582 1324 2752 1367 audenti-

1646 1387 1733 1424 bus:
1763 1387 1861 1424 iiiios
1886 1386 2113 1432 trucidatos,
2140 1393 2324 1435 quotquot
2348 1399 2412 1436 per
2435 1394 2592 1426 aetatem
2617 1389 2752 1427 servire

1646 1446 1870 1494 nequirent:
1901 1452 2085 1494 quotquot
2107 1457 2193 1484 vero
2220 1447 2411 1484 servitium
2436 1447 2530 1485 ferre
2554 1453 2749 1496 poterant,

1648 1506 1821 1543 manibus
1842 1506 2138 1554 alienigenarum
2161 1506 2230 1543 sub
2248 1507 2365 1544 oculis
2386 1508 2522 1545 nostris
2542 1508 2671 1556 procul
2688 1508 2752 1546 ab·

1647 1571 1803 1602 stractos
1813 1578 1823 1609 ;
1835 1577 1909 1613 quo
1922 1566 2134 1613 spectaculo
2147 1565 2238 1613 quid
2252 1566 2501 1604 miserabilius
2514 1578 2594 1605 esse
2606 1570 2752 1615 potest?

1646 1626 1756 1663 Sacra
1780 1626 1937 1673 templa,
1958 1626 2057 1673 regia
2081 1625 2238 1673 palatia,
2256 1626 2385 1663 urbem
2410 1626 2621 1664 universam
2645 1627 2750 1665 humi

1647 1690 1884 1731 prostratam.
1911 1685 2108 1732 Respicere
2123 1685 2273 1722 interim
2301 1690 2338 1722 et
2355 1685 2547 1723 observare
2570 1696 2614 1723 ac
2638 1696 2750 1734 repu-

1646 1748 1750 1789 tare,
1774 1743 1983 1792 siquidem
2017 1749 2054 1780 et
2082 1743 2153 1781 hoc
2181 1745 2304 1792 ipsum
2333 1744 2442 1782 nobis
2468 1744 2759 1797 indulgeretur,

1647 1809 1826 1851 quantam
1843 1803 1948 1840 urbis
1973 1803 2290 1850 magnitudinem,
2311 1810 2347 1841 et
2363 1803 2557 1843 domorum
2577 1804 2751 1853 splendo-

1646 1873 1725 1899 rem
1737 1890 1746 1907 ‚
1763 1862 2003 1917 multitudine
2024 1869 2256 1910 peccatorum
2273 1869 2484 1901 nostrorum
2501 1863 2747 1911 abolevimus,

1646 1933 1806 1971 quorum
1837 1933 1916 1960 esse
1945 1922 2170 1960 habitatores
2194 1922 2297 1970 digni
2322 1933 2399 1960 non
2432 1922 2587 1960 fuimus.
2615 1924 2667 1960 Ex
2691 1922 2750 1961 his

1646 1993 1733 2030 ergo
1751 1981 1926 2019 omnibus
1952 1993 1973 2019 a
1999 1982 2162 2019 Domino
2185 1981 2387 2029 redempti,
2407 1993 2590 2030 quaenam
2617 1982 2747 2028 verba,

1646 2041 1876 2089 agendarum
1896 2042 2102 2089 gratiarum
2125 2052 2235 2079 causa
2248 2069 2258 2086 ,
2283 2053 2348 2089 pro
2366 2042 2474 2080 bonis
2498 2042 2667 2088 collatis,
2687 2041 2749 2080 di-

1646 2103 1797 2139 cemus?
1820 2101 2007 2148 Quidnam
2035 2101 2074 2138 in
2090 2101 2241 2139 laudem
2257 2107 2293 2139 et
2311 2102 2467 2150 gloriam
2480 2130 2490 2146 ,
2505 2101 2554 2139 ob
2568 2102 2747 2140 beneficia

1646 2166 1775 2198 contra
1790 2161 1974 2198 meritum
1998 2167 2143 2208 accepta
2156 2189 2166 2206 ,
2185 2172 2247 2198 ore
2271 2160 2522 2208 proferemus?
2540 2176 2558 2193 α
2578 2161 2674 2209 Quia
2689 2172 2750 2199 ex·

1649 2238 1666 2254 »
1693 2222 1836 2260 audivit
1849 2232 2028 2270 pauperes
2047 2222 2248 2265 Dominus,
2263 2227 2300 2259 et
2315 2222 2459 2259 vinctos
2475 2232 2552 2258 non
2569 2220 2745 2270 despexit.

1648 2298 1665 2315 ιι
1692 2282 1867 2319 Laudent
1883 2292 1967 2319 eum
1990 2282 2102 2327 caeli,
2122 2287 2240 2327 terra,
2261 2292 2362 2319 mare
2387 2287 2424 2318 et
2451 2281 2576 2318 omnia
2600 2281 2747 2334 reptilia

1648 2358 1665 2374 ιι
1693 2341 1788 2378 eius.
1814 2341 1911 2388 Quia
1933 2341 2086 2378 salvavit
2103 2341 2290 2378 Dominus
2305 2341 2418 2384 Sion,
2438 2346 2475 2377 et
2498 2340 2660 2378 humiles
2685 2351 2749 2389 po·

1648 2417 1664 2433 =
1693 2400 1772 2447 puli
1801 2401 1860 2437 sui
1888 2400 2100 2437 consolatus
2125 2405 2192 2438 est.
2223 2416 2239 2432 »
2267 2401 2343 2436 Nos
2369 2410 2540 2448 quoque,
2565 2405 2747 2448 quantum

1645 2460 1802 2508 quisque
1826 2465 1964 2507 potest,
1983 2470 2030 2496 ne
2047 2459 2268 2496 infructuosi
2285 2458 2493 2504 videamur,
2511 2468 2668 2507 quaeso,
2684 2469 2748 2496 ne-

1644 2528 1718 2565 que
1745 2518 1854 2555 otiosi
1887 2524 1925 2555 et
1953 2519 2111 2563 inertes,
2143 2517 2189 2555 ad
2223 2517 2507 2568 glorificandum
2540 2528 2605 2566 per
2637 2527 2747 2566 opera

1644 2577 1743 2614 bona
1770 2576 2078 2625 laudandumque
2103 2582 2336 2615 servatorem.

1715 2642 1775 2674 27.
1802 2640 1901 2675 Dum
1925 2637 2016 2675 haec
2040 2637 2090 2674 ita
2121 2648 2142 2674 a
2164 2637 2359 2674 clementia
2385 2638 2454 2675 Dei
2476 2648 2545 2675 nos
2566 2639 2746 2676 miseran-

1644 2698 1693 2734 tis
1720 2697 1907 2735 mirabilia
1933 2697 2087 2742 fierent,
2114 2697 2222 2734 aiunt
2244 2697 2302 2734 illi
2327 2698 2392 2746 qui
2417 2709 2438 2735 a
2465 2697 2565 2734 fideli
2595 2707 2747 2743 magno-

1646 2767 1719 2805 que
1741 2752 1963 2805 imperatore
1985 2758 2123 2804 regalia
2150 2768 2325 2805 responsa
2348 2758 2533 2802 tulerunt,
2552 2757 2661 2795 illum
2679 2756 2746 2795 diu

1644 2823 1832 2866 noctuque
1857 2828 1984 2855 aurem
2012 2817 2212 2864 oculosque
2240 2822 2385 2864 apertos
2420 2823 2459 2854 et
2491 2823 2651 2855 mentem
2684 2817 2746 2855 in-

1644 2882 1784 2914 tentam
1799 2876 1973 2914 habuisse
1984 2904 1995 2922 ,
2012 2875 2309 2913 considerantem
2325 2876 2653 2924 observantemque
2670 2876 2746 2914 vias

1643 2948 1686 2975 ac
1723 2947 1846 2982 mare,
1875 2942 2155 2984 servantemque
2191 2936 2319 2983 vigiles
2350 2935 2565 2973 meditantis
2598 2936 2746 2974 animae

1644 2996 1858 3041 facultates,
1878 3001 1915 3033 et
1936 2995 2106 3032 insomne
2131 3006 2303 3032 curarum
2327 2995 2536 3039 criterium,
2555 2995 2745 3044 numquis

1644 3056 1691 3093 ad
1707 3067 1793 3094 eum
1812 3056 1971 3096 salvatae
1987 3067 2007 3092 a
2023 3057 2102 3092 Deo
2120 3055 2277 3092 civitatis
2294 3055 2457 3092 nuncius
2473 3056 2624 3093 veniret.
2649 3055 2742 3093 Cum

1642 3121 1791 3161 autem,
1817 3120 1860 3151 ut
1885 3114 2010 3159 aiunt,
2035 3113 2062 3150 ii
2087 3114 2151 3161 qui
2179 3114 2365 3160 magnalia
2392 3114 2462 3151 Dei
2489 3112 2677 3158 ferebant,
2705 3113 2740 3150 in

1644 3176 1832 3222 regionem
1861 3175 1965 3212 illam
1993 3179 2260 3222 pervenerunt,
2287 3174 2390 3217 haud
2415 3180 2500 3211 ante
2523 3174 2742 3221 interrogari

1643 3240 1864 3282 potueruut,
1893 3233 1985 3282 quid
2007 3234 2093 3271 novi
2118 3233 2312 3279 afferrent,
2340 3233 2457 3271 donec
2480 3233 2743 3280 imperatorin

1643 3295 1822 3341 templum
1855 3304 2008 3331 currens
2038 3292 2208 3340 deiparae
2241 3285 2429 3340 Virginis,
2461 3290 2743 3338 pronus-humi

1643 3353 1841 3401 procubuit
1854 3380 1864 3397 ,
1888 3352 2080 3400 postulans
2102 3357 2145 3389 ut
2164 3351 2346 3388 bonorum
2371 3350 2532 3387 ministri
2549 3349 2681 3387 fierent
2702 3351 2752 3387 hi·

1641 3412 1704 3461 qui
1730 3412 1778 3450 ad
1802 3423 1886 3457 eum
1913 3417 2100 3450 venerant.
2127 3413 2332 3458 Postquam.
2352 3419 2435 3446 vero
2460 3410 2557 3456 preci
2579 3419 2667 3446 suae
2686 3410 2740 3447 rei

1640 3472 1824 3510 nuncium
1856 3482 2060 3519 congruere
2097 3470 2300 3518 comperit,
2332 3469 2437 3507 humi
2468 3467 2591 3505 denuo
2619 3479 2740 3516 genua

1641 3532 1794 3569 flectens
1824 3541 1950 3568 coram
1980 3531 2141 3568 exercitu
2167 3535 2206 3567 et
2233 3528 2403 3565 adstante
2435 3527 2591 3575 populo,
2618 3530 2739 3566 Deum
2775 3544 2780 3545 ⁷

1640 3601 1684 3628 ac
1707 3590 1899 3638 Virginem
1918 3600 2007 3626 cum
2028 3587 2202 3637 lacrymis
2217 3591 2410 3624 veneratus
2427 3591 2502 3630 est3
2520 3586 2656 3634 gratias
2671 3586 2742 3623 tibi

1640 3660 1730 3697 ago,
1756 3650 1950 3697 inquienS,
1977 3650 2077 3685 Deus
2096 3647 2256 3685 Verbum
2281 3650 2478 3693 nosterque
2497 3651 2677 3691 servator,
2704 3652 2741 3682 et

1640 3709 1762 3746 omnis
1790 3715 1982 3746 creaturae
2010 3718 2074 3745 rex
2101 3705 2255 3743 visibilis
2284 3710 2395 3752 atque
2425 3704 2643 3750 invisibilis3
2672 3704 2763 3742 tibi'

1639 3779 1787 3816 quoque
1804 3770 1918 3816 Virgo
1935 3767 2083 3815 deipara
2106 3776 2151 3803 ac
2168 3764 2317 3801 domina
2328 3792 2338 3808 ‚
2357 3770 2547 3812 propterea
2562 3764 2663 3812 quod
2678 3775 2739 3801 ur-

1638 3827 1744 3871 bem,
1762 3836 1877 3875 quam
1907 3826 2000 3863 mihi
2026 3823 2243 3862 concredere
2270 3823 2415 3870 dignati
2434 3825 2540 3865 estis,
2563 3829 2599 3861 et
2620 3833 2738 3871 popu-

1640 3886 1714 3932 los,
1742 3896 1905 3934 quorum
1926 3891 1987 3922 me
2007 3888 2192 3932 pastorem
2217 3883 2478 3928 constituistis,
2506 3883 2620 3920 immo
2645 3892 2738 3930 quos
