2970 4420
480 301 517 335 X
1434 287 1584 337 uzoms
1617 305 1795 336 ALLArn
1827 319 1831 322 ·

1086 383 1160 423 Est
1188 384 1296 423 Deus
1324 384 1367 423 in
1397 383 1530 433 nobis,
1559 383 1600 421 et
1625 386 1717 421 sunt
1746 384 1976 422 commercia
2003 385 2125 436 caeli,

1186 455 1352 495 Sedibus
1381 453 1574 493 aethereis
1600 452 1766 504 spiritus
1795 453 1865 493 ille
1896 457 2015 494 venit.

481 522 679 564 Ceterum
702 520 757 564 ab
786 516 861 576 ea,
886 535 1012 578 quam
1037 523 1149 578 dixi,
1174 523 1384 565 humanae
1410 522 1560 564 mentis
1581 525 1735 564 natura
1761 522 1807 564 id
1832 522 2071 577 proficisci,
2094 537 2204 580 quae
2225 526 2279 569 ad
2303 539 2402 569 suos
2424 527 2611 570 edendos
2640 540 2739 584 par-

479 598 548 636 tus
583 594 826 643 maturitate
860 594 1042 649 quadam
1073 594 1288 647 indigeat,
1313 598 1361 635 ut
1392 593 1514 647 quasi
1543 604 1685 634 semen
1717 592 1936 647 quoddam
1964 594 2108 637 studio
2138 608 2187 638 ac
2212 596 2360 640 labore
2392 599 2630 641 coniectum
2662 599 2735 641 diu

479 665 645 719 foveat,
671 670 712 708 et
741 666 852 708 intra
882 679 971 708 sese
1001 667 1043 708 in
1069 670 1257 720 optatam
1286 664 1452 718 frugem
1479 663 1684 718 paulatim
1709 663 1860 706 educat
1887 669 2015 720 atque
2038 666 2298 709 conformet.
2331 681 2409 711 nec
2441 681 2529 711 esse
2554 670 2729 722 mirum,

480 741 527 778 ut
558 737 723 778 somnia
750 749 838 779 sese
868 736 923 780 ad
956 737 1117 791 species
1144 738 1283 785 animo
1313 735 1478 790 pridem
1512 735 1838 790 comprehensas
1868 736 2216 792 accommodent,
2247 751 2296 780 ac
2326 739 2452 781 huius
2483 740 2613 795 ipsius
2639 728 2733 782 mai-

474 808 662 850 turitatis
687 808 771 850 iam
802 808 1011 863 perfectae
1040 807 1343 861 absolutaeque
1371 805 1527 847 indicia
1556 806 1639 848 sint
1667 806 1720 850 ab
1751 808 1843 862 ipsa
1874 811 2025 850 natura
2053 814 2315 863 comparata.

573 930 575 933 Ι
602 881 670 921 11.
703 879 886 933 Insignia
913 877 1208 934 philosophiae
1237 889 1285 919 ac
1314 876 1555 930 theologiae
1582 876 1769 919 doctoris
1792 883 1958 927 secutus
1977 883 2040 920 est
2062 878 2323 923 honorificus
2343 894 2392 923 ex
2413 882 2593 935 collegio
2618 894 2737 924 com—·

477 952 661 1003 meatus,
694 957 797 991 cum
821 949 979 991 viatico
1011 953 1066 1007 et,
1081 948 1270 1004 vestibus
1300 946 1355 990 ad
1383 948 1464 988 iter
1494 946 1787 990 adornandum
1809 950 2085 1003 necessariis,
2121 963 2208 1006 quo
2242 963 2394 1006 genere
2424 952 2733 995 munificentiae

476 1020 590 1063 affici
617 1033 710 1062 mos
739 1025 826 1062 erat
857 1020 1169 1072 adolescentes,
1201 1018 1275 1073 qui
1304 1030 1443 1060 mores
1469 1018 1803 1074 industriamque
1831 1033 1948 1063 suam
1981 1012 2321 1066 moderatoribus
2347 1023 2621 1079 probassent:
2656 1036 2733 1065 nec

476 1095 565 1132 erat
597 1103 705 1133 onus
734 1091 947 1146 impensa,
978 1091 1047 1133 cui
1079 1095 1181 1132 tunc
1208 1089 1434 1144 serendae,
1460 1090 1677 1141 facultates
1706 1091 1874 1144 collegii
1901 1092 2000 1134 satis
2026 1091 2240 1147 adessent,
2271 1106 2379 1148 quae
2409 1094 2558 1137 deinde
2586 1095 2732 1149 paula-

471 1166 552 1206 tim
583 1165 843 1207 detrimentis
871 1168 913 1205 et
939 1176 1034 1205 aere
1065 1163 1203 1204 alieno
1234 1161 1341 1204 adeo
1368 1163 1614 1205 imminutae
1642 1159 1864 1216 dicuntur,
1897 1167 1945 1205 ut
1974 1163 2059 1205 1105
2090 1168 2305 1219 tempore,
2329 1175 2405 1207 nee
2434 1164 2489 1207 ad
2518 1177 2731 1220 usurpan-

475 1235 577 1278 dum
606 1236 739 1279 ullum
770 1235 1015 1277 huiusmodi
1043 1246 1142 1288 erga
1167 1233 1429 1291 discedentes
1457 1233 1672 1288 officium,
1699 1247 1777 1276 nec
1806 1233 1859 1276 ad
1887 1235 2087 1277 alimenta
2113 1236 2204 1290 ipsa
2233 1237 2494 1291 expedienda
2523 1236 2732 1279 sufficiant

473 1308 843 1359 scholasticorum,
870 1318 979 1360 quos
1008 1309 1238 1361 propterea
1267 1305 1320 1348 ad
1351 1318 1515 1347 summa
1538 1306 1794 1360 paucitatem
1818 1304 2012 1348 redactos
2041 1306 2258 1359 videmUS,
2284 1320 2371 1350 non
2402 1308 2492 1350 sinc
2521 1307 2641 1361 gravi
2670 1308 2731 1362 rei

471 1378 720 1431 litterariae,
747 1390 794 1419 ac
825 1377 958 1431 ipsius
988 1377 1114 1420 etiam
1144 1376 1360 1430 religionis
1389 1376 1687 1418 incommodo:
1721 1388 1875 1430 magna
1905 1376 2115 1432 siquidem
2147 1389 2243 1432 pars
2273 1389 2444 1431 graecae
2472 1378 2726 1430 iuventutis,

471 1449 537 1490 vel
564 1449 640 1490 otii
671 1448 892 1490 domestici
917 1449 1000 1490 situ
1029 1452 1333 1500 marcescunt,
1351 1448 1415 1491 vel
1447 1461 1618 1503 operam
1647 1448 1738 1490 aliis
1766 1461 1845 1503 per
1877 1449 2091 1503 Europam
2120 1449 2341 1491 academiis
2373 1449 2548 1503 aliisque
2576 1448 2730 1491 docto—

470 1520 585 1561 ribus
610 1519 831 1570 navando‚
855 1520 1043 1561 animum
1070 1511 1242 1574 quidem
1265 1518 1416 1561 litteris
1443 1519 1691 1575 artibusque
1720 1524 1951 1575 utcumque
1979 1521 2203 1575 excolunt,
2227 1520 2368 1563 studia
2394 1533 2496 1562 vero
2529 1532 2627 1575 erga
2653 1533 2726 1562 ec-

468 1591 634 1633 clesiam
670 1590 947 1644 catholicam,
980 1594 1023 1632 et
1051 1590 1275 1645 opiniones
1302 1589 1429 1632 sacris
1464 1590 1518 1633 de
1548 1590 1696 1644 rebus,
1730 1591 1872 1646 quales
1909 1591 2038 1634 domo
2073 1592 2328 1645 attulerunt,
2362 1591 2537 1642 domum
2573 1603 2727 1645 151101·-
2764 1586 2768 1590 ’

470 1667 559 1705 tant
590 1664 659 1716 (1).
693 1663 918 1716 Egressum
947 1659 1159 1717 collegio,
1183 1666 1226 1704 et
1253 1662 1396 1704 animo
1428 1657 1681 1716 repetendae
1711 1662 1896 1717 patriae,
1927 1664 2158 1706 Messanam
2183 1675 2317 1718 usque
2343 1667 2594 1718 provectum
2624 1663 2728 1704 Ber-

468 1734 625 1776 nardus
649 1733 906 1777 lastinianus
921 1733 1056 1775 -chius
1079 1733 1362 1787 Anglonensis
1383 1733 1610 1788 episcopus
1638 1733 1694 1775 ad
1724 1746 1813 1776 sese
1834 1734 1877 1777 111
1897 1734 2122 1777 Lucaniam
2153 1734 2368 1787 evocavit,
2391 1738 2438 1776 ut
2458 1746 2510 1776 eo
2533 1725 2728 1777 adiutore

467 1807 512 1848 in
534 1818 612 1848 suo
644 1805 892 1860 exequendo
923 1817 1095 1848 munere
1127 1809 1342 1857 uteretur,
1366 1805 1603 1859 mansitque
1633 1804 1695 1846 ibi
1719 1805 1948 1848 triennium
1975 1807 2056 1848 iuri
2078 1806 2284 1858 dicendo,
2309 1804 2569 1860 exponendis
2597 1807 2726 1848 saeris

465 1877 686 1932 scripturis
699 1907 711 1929 ,
737 1876 1070 1931 ordinandisque
1097 1875 1151 1918 ad
1181 1877 1383 1930 pietatem
1404 1880 1446 1917 et
1473 1875 1688 1929 religionis
1711 1876 1871 1919 cultum
1892 1877 1994 1919 cleri
2015 1881 2057 1919 et
2079 1876 2231 1932 populi
2253 1876 2444 1919 moribus
2464 1876 2720 1932 praefectus,

465 1960 618 2003 magna
652 1961 749 1990 cum
780 1948 959 2003 ingenii,
994 1947 1280 1999 dexteritatis,
1312 1951 1354 1988 et
1383 1946 1629 2001 prudentiae
1660 1943 1802 2000 laude,
1836 1959 1963 2002 quam
1994 1947 2064 1989 ille
2092 1947 2145 1989 ab
2179 1947 2375 1990 omnibus
2402 1960 2550 1989 eorum
2581 1949 2721 1989 nomi-

463 2031 567 2070 num
597 2018 822 2063 ordinibus
850 2030 947 2059 cum
978 2030 1101 2072 saepe
1132 2017 1232 2059 alias
1259 2020 1546 2071 consequutus
1567 2021 1654 2071 est,
1677 2020 1771 2059 tum
1797 2018 2024 2073 praecipue
2054 2021 2247 2073 tempore
2270 2030 2357 2074 quo
2387 2030 2464 2073 per
2493 2017 2724 2060 absentiam

462 2092 682 2134 Iustiniani
708 2104 776 2133 res
807 2103 980 2144 omncs,
1012 2102 1120 2145 quae
1150 2089 1431 2144 episcopalem
1466 2088 1706 2132 desiderant
1738 2101 1909 2142 curam,
1941 2089 2067 2131 unius
2098 2089 2242 2132 Allatii
2271 2094 2423 2145 sponte
2454 2090 2544 2143 geri
2573 2094 2615 2132 et
2645 2089 2723 2132 ad-

460 2162 689 2204 ministrari
720 2173 889 2203 neeesse
917 2160 1014 2202 fuit.

586 2233 654 2273 12.
691 2231 974 2274 Commodum
1012 2230 1160 2285 agebat
1192 2231 1262 2272 ille
1291 2230 1336 2272 in
1365 2230 1460 2285 ipso
1495 2229 1602 2271 flore
1631 2230 1887 2283 iuventutis,
1920 2242 2048 2285 quam
2078 2230 2274 2287 quidem,
2309 2235 2357 2272 ut
2387 2243 2577 2285 semper,
2611 2232 2723 2285 opti-

460 2302 541 2343 mis
573 2302 760 2355 artibus,
792 2302 1103 2357 temperantia,
1135 2303 1363 2355 gravitate,
1400 2305 1443 2342 et
1463 2300 1621 2343 'studio
1658 2301 1894 2344 litterarum
1930 2300 2115 2344 habebat
2148 2302 2417 2355 excercitam,
2453 2313 2531 2344 nec
2565 2305 2721 2344 temere

461 2374 686 2428 quisquam
722 2378 954 2415 cessantem
992 2374 1081 2415 eius
1118 2373 1305 2414 animum
1341 2372 1395 2414 ab
1426 2372 1567 2427 aliqua
1601 2372 1818 2426 praeclara
1846 2371 2121 2414 meditatione
2157 2371 2416 2414 offendisset.
2448 2373 2544 2415 Non
2578 2377 2719 2414 tamen
2765 2392 2767 2394 ·

461 2443 612 2497 effugit
632 2444 841 2486 humanae
867 2444 1120 2486 infirmitatis
1148 2443 1491 2496 incommodum,
1519 2445 1624 2497 quin
1651 2443 1707 2485 ad
1727 2444 1989 2498 voluptates,
2015 2455 2120 2498 quas
2149 2443 2222 2485 illa
2245 2447 2356 2485 aetas
2384 2443 2573 2498 ferebat,
2599 2444 2717 2486 abri-

459 2519 658 2569 peretur,
689 2520 906 2557 matronae
938 2515 1163 2570 primariae
1194 2527 1336 2556 amore
1363 2514 1628 2569 aliquamdiu
1660 2519 1824 2569 captus.
1857 2517 1987 2570 Saepe
2014 2526 2094 2568 ego
2123 2515 2330 2557 audivisse
2357 2529 2425 2557 me
2452 2517 2622 2558 memini
2646 2517 2717 2558 iu-

458 2579 763 2628 cundissimum
795 2598 960 2640 senem,
995 2599 1093 2627 cum
1122 2599 1167 2628 se
1199 2585 1299 2628 huic
1333 2585 1565 2628 adhaesisse
1602 2585 1780 2640 scopulo
1814 2585 2060 2641 simpliciter
2096 2590 2139 2627 et
2168 2587 2351 2643 'ingenue
2386 2586 2609 2639 fateretur,
2641 2599 2719 2629 nec

457 2657 618 2699 morari
649 2670 692 2699 se
725 2657 883 2700 diceret
911 2670 965 2699 ne
999 2657 1225 2699 occultum
1245 2656 1290 2698 id
1320 2660 1451 2709 esset,
1484 2656 1615 2698 immo
1647 2669 1734 2698 non
1770 2669 1963 2699 recusare
1995 2658 2097 2712 quin
2134 2659 2265 2712 opera
2299 2657 2387 2699 eius
2419 2658 2494 2712 qui
2524 2670 2589 2700 res
2623 2670 2719 2700 suas

457 2731 594 2781 gestas
627 2729 860 2784 scripturus
897 2727 1155 2783 quandoque
1193 2731 1327 2780 esset,
1361 2728 1488 2768 etiam
1526 2726 1580 2769 ad
1613 2731 1809 2783 posteros
1844 2728 2147 2783 innotesceret3
2182 2740 2268 2770 non
2306 2727 2426 2782 quod
2459 2728 2542 2770 sibi
2574 2729 2718 2784 lapsus

456 2802 543 2840 tam
574 2797 693 2841 foedi
721 2799 961 2842 recordatio
995 2799 1213 2842 molestiae
1245 2798 1486 2854 ruborique
1515 2811 1604 2841 non
1634 2799 1712 2852 sit,
1745 2798 1818 2841 sed
1840 2791 1967 2853 'quod
1996 2797 2217 2840 mirificam
2249 2799 2515 2854 voluptatem
2547 2803 2718 2855 caperet

456 2868 641 2912 divinam
670 2871 845 2923 gratiam
874 2869 1103 2913 recolendo
1119 2901 1130 2922 ,
1163 2881 1274 2925 quae
1307 2869 1392 2912 sibi
1422 2869 1478 2912 ad
1510 2869 1813 2924 assurgendum
1845 2870 1920 2912 illo
1957 2882 2008 2911 ex
2045 2872 2181 2912 coeno
2215 2874 2385 2924 praesto
2415 2870 2511 2913 fuit.
2546 2870 2717 2913 Nullum

456 2940 646 2996 alioquin
674 2941 860 2984 fructum
891 2941 1025 2983 aiebat
1054 2940 1249 2983 futurum
1279 2939 1586 2994 cognoscendis
1614 2941 1825 2983 maiorum
1853 2940 1982 2983 rebus
2011 2941 2166 2995 gestis,
2192 2940 2266 2982 ubi
2297 2940 2473 2983 collecta
2502 2940 2718 2983 dumtaxat

455 3012 665 3066 praeclare
696 3017 739 3054 et
764 3013 976 3068 sapienter
1005 3011 1059 3055 ab
1082 3013 1132 3054 iis
1162 3012 1272 3054 facta
1298 3011 1549 3065 tradantur,
1575 3011 1847 3054 dissimulatis
1871 3008 2092 3053 ambitiose
2120 3011 2256 3064 vitiis,
2282 3010 2337 3052 ad
2367 3023 2475 3065 quae
2497 3007 2716 3053 15101105-

454 3086 542 3125 trae
572 3085 842 3127 mortalitatis
873 3085 1061 3127 universi
1094 3089 1136 3126 et
1167 3084 1317 3138 singuli
1349 3084 1539 3126 ferimur.
1575 3085 1669 3126 Hoc
1699 3081 1810 3125 enim
1847 3082 2218 3138 praeceptionum,
2251 3082 2405 3139 quibus
2441 3083 2716 3125 instituuntur

455 3152 626 3196 humani
661 3167 805 3197 mores
835 3155 1028 3199 officium
1061 3168 1173 3209 esse,
1205 3160 1255 3198 ut
1282 3156 1467 3210 integrae
1495 3154 1549 3197 ab
1581 3155 1697 3196 omni
1729 3154 1832 3196 vitio
1864 3154 2086 3208 pravitatis
2119 3152 2174 3195 ad
2203 3152 2430 3206 legentium
2459 3153 2626 3195 animos
2648 3167 2716 3195 ac-

451 3223 629 3277 cedant3
661 3238 740 3280 per
770 3238 872 3280 quas
895 3231 1061 3280 tamen,
1092 3231 1142 3269 ut
1173 3218 1433 3282 sapientibus
1464 3226 1625 3280 placet,
1653 3223 1822 3267 tardum
1854 3228 1896 3265 et
1934 3235 2163 3278 operosum
2201 3222 2253 3265 ad
2285 3223 2485 3265 virtutem
2521 3228 2584 3265 est
2615 3225 2712 3275 iter.

456 3294 652 3338 Ceterum
684 3298 877 3352 exempla
895 3331 906 3353 ,
941 3311 1048 3353 quae
1082 3298 1438 3353 compendiariam
1464 3297 1519 3339 ad
1548 3302 1662 3338 recte
1697 3295 1924 3338 vivendum
1956 3295 2238 3350 promittunt,
2269 3306 2367 3336 cum
2398 3293 2479 3336 fide
2509 3293 2714 3337 tradenda

455 3376 544 3405 esse
573 3365 627 3407 ad
660 3367 836 3420 rigidam
863 3368 981 3411 illam
1011 3369 1213 3411 historiae
1241 3368 1456 3423 regulam,
1489 3380 1540 3409 ne
1568 3366 1672 3421 quid
1702 3365 1793 3412 falsi
1826 3366 1964 3408 dicere
1993 3365 2172 3420 audeas,
2196 3378 2250 3407 ne
2274 3365 2378 3420 quid
2405 3367 2494 3407 veri
2522 3378 2610 3407 non
2641 3379 2715 3408 au-

456 3434 578 3489 deas;
616 3448 702 3492 quo
732 3438 939 3499 legentes,
973 3445 1151 3482 naturae
1181 3440 1426 3494 ingenium,
1459 3439 1526 3481 5111
1555 3450 1673 3481 suam
1707 3439 1933 3492 quisquam
1961 3436 2149 3479 indolem
2179 3449 2226 3478 re
2260 3437 2352 3491 ipsa
2389 3435 2712 3480 accommodare

454 3507 612 3561 possit,
636 3520 687 3550 ex
716 3521 818 3551 vero
846 3510 1088 3565 dispiciant.
1121 3510 1235 3553 Illud
1266 3511 1391 3553 etiam
1422 3502 1579 3552 mirum
1597 3507 1682 3550 sibi
1703 3507 1834 3550 fuisse
1864 3506 2162 3562 praedicabat,
2192 3507 2309 3562 qu'od
2334 3509 2409 3562 qui
2428 3509 2713 3562 intemperans

454 3576 597 3619 fuisset
618 3578 663 3620 in
689 3578 765 3631 iis,
798 3591 906 3633 quae
937 3580 990 3622 ad
1018 3581 1293 3624 arcessendos
1325 3591 1474 3636 graves
1505 3581 1699 3635 corporis
1727 3577 1903 3635 morbos
1931 3582 2029 3621 nata
2051 3581 2175 3631 sunt,
2203 3584 2282 3621 nec
2307 3578 2394 3620 ulla
2422 3583 2523 3621 tunc
2553 3579 2713 3621 incom-

550 3768 594 3809 (1)
614 3768 653 3800 Id
674 3770 723 3801 est
740 3770 937 3802 schismatici
961 3773 1112 3812 veniunt,
1130 3774 1163 3805 et
1183 3773 1555 3807 'schismatici'redeunt.
1578 3775 1650 3807 Non
1672 3774 1719 3806 ita
1737 3772 1890 3812 Allatius,
1907 3771 1964 3812 qui
1986 3771 2020 3803 in
2040 3771 2234 3804 testamento
2257 3779 2316 3803 suo
2335 3755 2488 3802 adfirmat
2508 3779 2543 3803 se
2564 3770 2605 3803 ab
2623 3771 2713 3804 insti-

446 3821 575 3853 tutione
599 3822 800 3855 athanasiani
831 3825 1029 3856 Graecorum
1057 3825 1183 3866 collegii
1215 3835 1324 3860 veram
1353 3827 1542 3868 religionem
1570 3826 1744 3867 didicisse,
1767 3835 1867 3867 quam
1894 3833 2019 3866 semper
2050 3825 2236 3865 retinuerit,
2260 3827 2292 3857 et
2318 3823 2389 3865 ipso
2414 3823 2581 3865 sanguinis
2610 3825 2712 3866 pretio

464 3874 614 3907 tumn-us
638 3875 807 3917 fuerit3et
830 3876 913 3909 hanc
938 3877 1129 3910 nominatim
1154 3878 1200 3911 ait
1222 3887 1290 3913 esse
1315 3879 1413 3914 fidem
1430 3880 1645 3922 apostolicam
1673 3888 1850 3912 romanam.
1873 3881 1909 3911 A.
1934 3879 1978 3911 Μ.

2358 3957 2377 3969 1
