2970 4420
1306 286 1408 319 vru
1417 306 1428 317 .
2381 284 2512 318 xxvi!

460 335 474 351 .

238 379 261 407 a
294 364 522 421 Sylburgio
553 367 598 406 et
625 364 809 407 Grutero
844 364 1093 406 custodibus
1124 364 1379 418 descriptos3
1411 364 1683 404 inventurum
1716 358 1913 413 profecto
1940 370 2042 399 cum
2077 371 2154 399 suo
2191 359 2334 401 indice
2363 361 2514 402 eximie

238 438 542 489 congruentes,
570 438 738 488 praeter
766 446 895 489 quam
926 447 1057 477 unum
1083 440 1154 476 aut
1183 435 1362 477 alterum
1392 433 1582 476 codicem
1605 428 1756 472 utendi
1779 429 1915 482 gratia
1936 433 2214 483 exportatos,
2242 442 2341 472 cum
2366 442 2515 473 eorum

237 506 479 562 syngrapha
513 507 587 560 qui
621 510 940 560 exportassent,
973 505 1030 548 ob
1062 506 1107 548 id
1140 507 1281 561 ipsum
1310 518 1334 547 a
1361 518 1407 547 se
1436 504 1660 558 diligenter
1698 501 1847 555 allata,
1880 501 1955 554 qui
1988 500 2033 541 iu
2061 513 2113 541 eo
2150 500 2329 551 turbido
2370 515 2515 545 rerum

237 581 351 618 statu
384 578 629 632 recuperari
661 577 919 631 nequissent.
953 577 1079 629 Quod
1109 589 1212 619 vero
1249 576 1303 618 de
1332 576 1494 618 Thuani
1529 572 1781 633 apographo
1815 572 2022 613 iactarant
2054 571 2279 625 Scioppius
2312 576 2358 613 et
2391 573 2517 614 Seto-

241 648 359 699 nius,
390 648 578 689 auctoris
606 651 861 690 testamento
879 679 890 698 ‚
923 649 1041 690 cuius
1068 647 1234 689 tabulas
1263 648 1379 703 typis
1406 637 1632 701 'impressas
1657 644 1770 686 forte
1795 654 1939 685 secum
1969 642 2197 692 attulerat,
2230 641 2520 696 impudentiae

243 732 292 760 ac
322 719 570 761 temeritatis
603 721 803 772 coargui,
836 719 911 760 ubi
939 719 1124 773 legatum
1154 718 1200 760 id
1227 719 1430 774 scriptum
1460 721 1674 760 constaret
1697 714 1896 758 tratribus
1926 715 2148 768 PuteauiS,
2173 718 2219 755 et
2247 713 2366 768 apud
2394 716 2520 756 Pari-

243 791 328 838 sios
347 794 503 832 extare.
538 791 630 832 Hac
655 794 794 832 autem
818 795 1031 845 postrema
1050 790 1304 832 defensionis
1329 802 1428 831 suae
1450 792 1571 843 parte
1597 786 1794 830 consulto
1819 785 1996 829 Allatius
2015 786 2079 827 uti
2100 785 2320 827 distulerat
2335 816 2347 836 ,
2373 785 2517 839 quoad

246 866 510 904 accusatores
536 860 808 915 iugulaturos
832 874 884 904 eo
912 861 1088 904 crimine
1115 873 1234 903 reum
1261 860 1568 913 existimantes,
1595 870 1681 900 non
1715 856 1963 912 dubitarunt
1990 867 2136 898 coram
2167 855 2411 898 cobellutio
2440 868 2520 897 au-

246 931 393 974 dacter
416 935 459 974 et
481 933 650 987 saepius
675 945 827 988 urgere
855 932 908 975 de
933 932 1141 974 industria
1162 931 1529 985 tergiversantem,
1555 935 1599 972 et
1623 929 1884 972 commoveri
1906 940 1951 969 se
1975 927 2134 969 obiecti
2155 928 2362 981 gravitate
2383 928 2515 968 simu-

247 1004 432 1055 lantem;
466 1017 562 1045 cum
593 1008 763 1059 repente
794 1003 1019 1058 legendum
1044 1003 1201 1046 obtulit
1227 1002 1443 1045 cardinali
1466 1005 1789 1054 testamentum,
1815 1001 2115 1054 revinctosque
2140 998 2363 1041 manifesto
2388 1011 2518 1040 men-

250 1074 373 1117 dacio
401 1074 665 1116 adversarios
681 1106 692 1126 ‚
715 1075 859 1117 irritos
888 1088 938 1117 ac
960 1088 1062 1130 prae
1088 1074 1254 1130 pudore
1278 1078 1421 1116 mutos
1446 1079 1489 1116 et
1518 1085 1750 1128 exsangues
1775 1072 1959 1126 dimisit,
1983 1072 2042 1113 ita
2063 1076 2113 1113 ut
2139 1071 2398 1113 mentionem
2425 1070 2523 1114 eius

249 1147 310 1186 rei
339 1157 443 1187 cane
472 1147 590 1199 peius
618 1150 660 1188 et
684 1157 820 1200 angue
848 1145 930 1188 sibi
961 1145 1178 1188 vitandam
1207 1146 1252 1186 iu
1282 1149 1500 1200 posterum
1529 1144 1772 1186 iudicarint.
1807 1143 1949 1186 Facile
1981 1141 2081 1184 inde
2112 1142 2311 1197 probavit
2345 1153 2513 1183 causam

253 1229 398 1269 suam,
435 1218 628 1272 quamvis
663 1230 835 1260 aversae
873 1217 999 1260 rebus
1028 1217 1115 1259 suis
1147 1216 1261 1259 illius
1296 1217 1505 1271 temporis
1541 1229 1685 1269 aureS,
1719 1227 1817 1257 cum
1844 1214 2030 1256 rationes
2066 1214 2229 1269 accepti
2263 1212 2519 1268 expensique

249 1287 416 1341 integre
446 1300 496 1329 ac
523 1287 748 1341 diligenter
777 1288 1034 1330 exhibuisset
1063 1286 1177 1342 apud
1208 1287 1446 1342 praefectos
1476 1288 1651 1337 aerarii,
1682 1298 1792 1341 quos
1821 1297 2029 1328 cameram
2057 1284 2337 1339 apostolicam
2367 1283 2516 1339 appel-

252 1358 472 1409 lant‚·nec
496 1359 693 1401 inventus
718 1359 865 1401 fuisset
895 1360 1139 1414 quisquam,
1173 1360 1247 1412 qui
1279 1370 1368 1400 non
1399 1358 1541 1400 omnia
1570 1362 1684 1400 recte
1711 1361 1839 1412 atque
1868 1356 2018 1399 ordine
2047 1355 2102 1398 ab
2136 1367 2188 1396 eo
2219 1358 2339 1409 gesta
2368 1358 2412 1396 et
2438 1352 2533 1396 ad-

253 1431 494 1473 ministrata
524 1431 656 1473 fuisse
688 1431 994 1474 iudicavisset..
1134 1423 1137 1425 ’
1167 1467 1178 1476 .,

370 1503 445 1543 45.
479 1502 716 1545 Defunctus
741 1502 826 1545 boc
848 1506 967 1544 tanto
991 1503 1310 1545 existimationis
1335 1514 1434 1543 suae
1466 1501 1762 1554 (discrimine)
1795 1497 2003 1554 Allatius,
2022 1498 2350 1542 delitescendum
2370 1497 2463 1539 sibi·
2482 1497 2529 1538 in

255 1578 502 1627 posterum,
535 1578 578 1615 et
608 1573 779 1615 erudito
808 1575 851 1615 in
886 1574 976 1616 otio
1009 1572 1313 1628 quiescendum
1344 1573 1510 1626 statuit,
1543 1572 1698 1627 procul
1731 1572 1848 1614 omni
1877 1571 2119 1614 ambitionis
2150 1569 2344 1624 inquieto
2373 1571 2415 1610 et
2449 1567 2530 1609 bo-

256 1656 403 1687 narum
434 1646 586 1687 artium
615 1644 765 1686 studiis
793 1644 948 1698 infesto
978 1646 1170 1699 strepitu.
1203 1644 1438 1686 illustrium
1466 1649 1609 1686 tamen
1635 1645 1826 1686 virorum
1854 1643 2164 1698 amicitiaskut
2188 1640 2352 1697 pridem
2375 1641 2530 1689 insti·-

255 1722 394 1758 tuerat
432 1716 677 1769 diligentes
699 1718 840 1759 colere
871 1716 1182 1771 perseveravit,
1212 1717 1526 1771 praecipueque
1562 1729 1639 1771 per
1675 1729 1727 1758 ea
1759 1720 1956 1771 tempora
1991 1715 2295 1758 consuetudine
2328 1728 2429 1757 usus
2464 1719 2527 1758 est

212 1799 218 1805 ·
257 1787 387 1829 Laelii
417 1787 578 1829 Bisciae
611 1787 1004 1841 praestantis'inter
1038 1800 1239 1830 romanos
1274 1800 1473 1846 proceres
1505 1788 1613 1840 viri,
1646 1801 1698 1830 ex
1729 1800 1909 1830 numero
1945 1799 2093 1829 eorum
2129 1800 2238 1841 quos
2267 1788 2530 1842 apostolicae

259 1870 451 1900 camerae
482 1858 657 1900 clericos
688 1858 950 1912 appellamus
981 1860 1062 1910 (ηε
1092 1840 1286 1900 iunxerat
1308 1848 1471 1914 quippe
1493 1859 1578 1900 iam
1609 1858 1776 1914 pridem
1805 1857 2036 1900 admodum
2059 1862 2172 1899 arcte
2197 1870 2345 1899 eorum
2377 1858 2529 1899 volun-

257 1933 367 1971 tates
394 1928 638 1972 studiorum
667 1929 923 1983 similitud03
947 1942 1210 1984 quamquam
1230 1930 1366 1971 Biscia
1389 1929 1446 1972 ob
1469 1930 1655 1972 assiduas
1677 1941 2101 1971 munerumvsuorum
2125 1929 2428 1982 occupationes
2449 1929 2532 1970 mi-

263 2002 425 2042 nimum
460 1999 649 2042 habebat
678 2001 827 2054 spatii,
861 2000 981 2055 quod
1010 2001 1139 2042 musis
1167 2000 1481 2043 amoenioribus
1509 2001 1770 2055 impertiret3
1802 1997 1930 2055 atque
1966 2013 1991 2042 a
2025 2005 2201 2054 parente
2236 1998 2527 2054 Bernardino,

260 2083 427 2114 summo
459 2084 558 2114 suae
589 2071 738 2114 aetatis
765 2071 1095 2126 iurisconsulto,
1118 2073 1229 2114 inter
1249 2073 1453 2127 strepitus
1483 2072 1671 2114 civilium
1701 2084 1918 2114 causarum
1950 2076 1993 2113 et
2021 2072 2105 2113 fori
2126 2072 2332 2113 clamores
2361 2071 2529 2112 institu—

263 2148 330 2185 tus
358 2147 474 2196 erat;
507 2143 644 2185 inerat
671 2147 815 2185 tamen
847 2139 973 2196 vigor
1001 2144 1188 2198 ingenii,
1217 2149 1260 2186 et
1290 2143 1555 2198 antiquitatis
1577 2143 1751 2197 notitia,
1784 2147 1827 2185 et
1856 2143 2126 2198 exquisitior,
2159 2155 2288 2197 quam
2316 2154 2397 2198 pro
2426 2143 2529 2184 iuris

263 2215 387 2269 periti
416 2214 574 2266 modo,
599 2203 747 2268 gustus
773 2215 1036 2267 litterarum,
1061 2218 1109 2256 ut
1138 2227 1266 2269 quam
1297 2215 1341 2256 in
1373 2215 1736 2257 administratione
1767 2215 2021 2257 creditarum
2053 2214 2222 2269 publice
2252 2225 2393 2256 rerum
2424 2225 2527 2267 pro-

216 2313 219 2314 r
262 2285 438 2327 fundam
468 2285 737 2340 solidamque
765 2285 1039 2340 prudentiam
1062 2298 1164 2341 prae
1193 2298 1238 2328 se
1266 2285 1450 2339 ferebat,
1475 2286 1519 2327 in
1551 2285 1729 2328 eruditis
1759 2298 1933 2341 quoque
1955 2285 2245 2337 sermonibus,
2268 2289 2309 2326 et
2339 2283 2530 2338 philoso-

265 2356 387 2410 phiae
415 2357 666 2398 tractatione
696 2361 950 2399 testaretur}
982 2358 1116 2400 comis
1153 2362 1371 2412 praeterea
1404 2344 1648 2413 multaeque
1678 2358 1932 2400 urbanitatis
1962 2361 2005 2399 et
2033 2357 2206 2409 salium,
2240 2356 2396 2411 quibus
2423 2357 2531 2398 seria
2564 2390 2570 2393 .

266 2429 563 2482 negotiorum,
599 2441 695 2469 cum
726 2440 836 2483 opus
867 2434 1000 2481 esset,
1031 2429 1263 2472 admodum
1294 2432 1544 2485 tempestive
1574 2429 1815 2473 condiebat.

386 2500 459 2540 46.
495 2500 606 2541 Huic
637 2499 818 2542 Allatius
846 2499 1007 2543 difficili
1036 2505 1234 2555 tempore
1266 2502 1512 2556 gregoriani
1542 2501 1842 2557 pontificatus,
1875 2512 2031 2561 magno
2065 2490 2218 2542 solatio
2252 2500 2332 2542 fuit
2365 2500 2528 2554 gravis-

267 2570 375 2611 simo
406 2571 453 2612 in
482 2571 725 2613 discrimine
747 2573 931 2613 versanti
962 2577 1142 2627 propter
1160 2573 1406 2628 iniquorum
1434 2573 1664 2615 calumnias
1681 2604 1693 2624 ,
1719 2572 1838 2627 quasi
1867 2585 1953 2614 rem
1978 2572 2322 2624 frumentariam,
2345 2572 2413 2612 cui
2443 2574 2532 2613 erat

269 2643 558 2696 praepositus,
593 2644 730 2684 minus
761 2641 988 2697 diligenter
1006 2644 1376 2698 ·administrasset;
1410 2649 1458 2686 ut
1494 2645 1578 2686 iam
1608 2643 1662 2686 de
1696 2643 1989 2686 subtrahendo
2028 2655 2071 2685 se
2105 2643 2310 2696 negotiis,
2343 2647 2385 2684 et
2419 2642 2528 2683 Nea-

269 2712 405 2766 polim
427 2713 668 2755 recedendo
690 2715 914 2769 cogitaret.
941 2717 1101 2758 Verum
1121 2715 1281 2758 afflicto
1302 2718 1479 2771 propria
1507 2716 1743 2757 temeritate
1765 2714 2031 2766 adversario,
2055 2715 2173 2757 cuius
2195 2716 2326 2768 opera
2355 2713 2531 2755 occultis

267 2783 354 2826 illis
383 2783 752 2826 criminationibus
782 2785 1029 2839 petebatur,
1054 2787 1259 2828 incolumi
1289 2788 1423 2841 gratia
1451 2786 1651 2841 famaque
1674 2787 1851 2840 mansit,
1877 2791 1919 2828 et
1947 2799 1972 2828 a
2000 2797 2243 2827 successore
2267 2785 2460 2838 Gregorii
2487 2785 2530 2825 in

272 2855 500 2908 collegium
523 2854 810 2897 Cardinalium
838 2855 1024 2898 adscitus
1053 2862 1132 2899 est.
1166 2857 1260 2909 Quo
1284 2859 1424 2899 statim
1446 2857 1614 2899 honore
1635 2861 1811 2912 accepto
1827 2889 1839 2910 ,
1867 2857 2067 2899 Allatium
2092 2858 2196 2898 iuris
2217 2856 2434 2898 familiaris
2456 2855 2531 2896 ha-

270 2926 564 2979 berevoluit,
589 2926 719 2981 inque
750 2926 926 2968 domum
958 2931 1141 2982 accepit,
1167 2928 1291 2969 nulla
1313 2933 1454 2970 tamen
1484 2932 1599 2970 certa
1620 2927 1813 2970 mercede
1844 2927 2074 2977 attributa,
2101 2928 2180 2968 nisi
2211 2926 2330 2981 quod
2354 2926 2531 2967 honoris

271 3009 396 3039 eausa
419 2997 565 3048 vinum
590 2997 652 3038 illi
676 2995 870 3051 quotidie
886 3029 898 3049 ,
923 3001 964 3039 et
987 2997 1147 3052 aliquid
1171 2998 1455 3052 exquisitioris
1480 2997 1565 3039 cibi
1594 2999 1767 3053 propria
1792 3012 1815 3040 e
1839 3011 1984 3040 mensa
2009 2997 2227 3050 mittebat,
2253 2997 2531 3038 carissimum-

272 3082 355 3124 que
390 3082 440 3112 ea
470 3083 542 3122 re,
577 3070 753 3124 aliisque
788 3083 874 3113 non
909 3070 1153 3126 vulgaribus
1189 3069 1501 3112 benivolentiae
1540 3069 1919 3123 significationibus
1955 3068 2211 3110 declarabat.
2252 3068 2331 3109 Hic
2368 3067 2531 3109 nullum

273 3141 453 3183 faciebat
483 3141 608 3183 finem
641 3143 729 3183 eius
764 3144 962 3184 virtutem
996 3142 1344 3196 doctrinamque,
1378 3145 1422 3182 et
1453 3141 1668 3196 praeclara
1702 3142 1746 3182 in
1778 3139 1921 3182 sedem
1955 3139 2230 3194 apostolicam
2264 3139 2418 3181 merita
2445 3139 2528 3181 Ur-

272 3213 387 3256 bano
419 3213 611 3268 pontifici
645 3219 688 3256 et
720 3214 932 3256 Cardinali
962 3213 1196 3256 Barberino
1233 3212 1584 3265 commendandi,
1617 3212 1734 3254 nullo
1764 3225 1985 3263 successu3
2019 3213 2210 3266 quamvis
2242 3223 2267 3252 a
2298 3210 2529 3252 Barberino

273 3283 512 3326 honorifica
541 3282 595 3326 de
626 3297 678 3327 eo
708 3285 946 3327 testimonia
975 3284 1215 3340 indiciaque
1245 3297 1333 3326 non
1361 3284 1473 3326 levia
1503 3284 1770 3337 expresserit.
1802 3282 1881 3324 Sed
1915 3283 2012 3334 ille,
2046 3287 2094 3324 ut
2127 3281 2333 3334 diximuS,
2366 3284 2528 3337 acquis-

275 3356 383 3396 simo
411 3355 555 3397 animo
585 3355 781 3398 fortunae
811 3369 911 3398 suae
941 3356 1154 3411 angustias
1182 3356 1367 3405 ferebat,
1400 3359 1496 3397 toto
1527 3354 1669 3396 animo
1703 3353 1757 3395 ad
1787 3353 2021 3396 litterarum
2052 3353 2192 3396 studia
2219 3365 2449 3407 converso,
2481 3367 2533 3395 ex

276 3431 390 3468 recta
422 3425 554 3468 officii
583 3427 648 3470 sui
679 3428 1042 3470 administratione
1070 3429 1298 3483 praecipua
1330 3427 1480 3470 solatia
1511 3430 1675 3481 petens.

396 3499 469 3539 47.
503 3499 690 3540 Primum
716 3500 930 3551 omnium,
956 3511 1132 3553 graecos
1158 3499 1442 3541 bibliothecae
1470 3499 1683 3539 vaticanae
1707 3497 1873 3540 codices
1905 3499 2116 3552 (quorum
2145 3498 2340 3552 plurimi,
2365 3502 2408 3540 et
2435 3499 2533 3552 quia

278 3567 594 3611 characteribus
628 3570 766 3612 omnis
797 3571 970 3622 aetatis,
1005 3571 1227 3625 omnisque
1263 3571 1451 3624 generiS,
1485 3573 1527 3609 et
1560 3573 1736 3623 propter
1769 3568 1982 3611 scribendi
2015 3570 2288 3626 compendia,
2321 3571 2532 3624 situmque

279 3641 485 3680 vetustate
510 3643 774 3683 contractum
802 3641 916 3682 lectu
946 3640 1183 3683 difficillimi
1209 3634 1332 3691 su'nt)
1366 3651 1509 3680 omnes
1537 3638 1592 3680 ad
1620 3651 1751 3680 unum
1781 3641 2055 3694 recognovit,
2079 3653 2128 3683 ac
2155 3653 2306 3696 magna
2333 3654 2383 3683 ex
2411 3645 2531 3695 parte

281 3709 407 3750 etiam
430 3709 656 3764 diligenter
683 3711 866 3765 perlegit
894 3713 1209 3765 recensuitque,
1236 3722 1478 3764 omnesque„
1495 3722 1641 3751 eorum
1671 3710 1889 3764 materias,
1911 3717 2182 3765 argumenta,
2207 3717 2425 3763 auctores,
2449 3713 2531 3754 sin-

280 3780 465 3834 gulaque
484 3786 708 3824 auctorum
729 3794 884 3836 opera,
910 3786 951 3824 et
980 3782 1116 3824 sicubi
1141 3794 1208 3822 res
1235 3782 1294 3823 ita
1316 3785 1509 3835 posceret
1534 3781 1627 3835 ipsa
1655 3782 1778 3823 etiam
1803 3795 1980 3837 operum
2009 3785 2147 3838 capita
2175 3783 2412 3826 admirabili
2435 3796 2531 3825 cum

375 3866 421 3906 (ι)
441 3864 553 3906 Edidit
572 3868 651 3899 tunc
671 3867 819 3900 libellum
844 3868 981 3901 Allatius
1003 3869 1044 3901 de
1070 3867 1225 3901 aedificiis
1250 3869 1339 3902 Pauli
1363 3870 1401 3899 v.
1425 3868 1486 3901 snb
1512 3869 1712 3910 praetectura
1735 3870 1837 3903 Laelii
1862 3870 1985 3903 Bisciae
2006 3870 2163 3902 excitatis.
2189 3874 2225 3902 Α.
2251 3872 2294 3902 Μ.
