2970 4420
1131 250 1133 252 ’
1172 264 1228 295 ΒΕ
1260 255 1522 295 ramponis.
2425 248 2479 292 91
2528 240 2529 244 ¹

227 351 352 398 idem
377 348 667 396 aemulando
693 360 912 395 certasse.
944 351 1148 413 Cumque
1171 348 1383 396 homines
1402 345 1706 413 praeiudicio
1729 344 1954 408 occupati
1977 344 2207 415 dicerent,
2239 346 2351 392 bene
2372 345 2480 395 hoc,

226 426 311 472 sed
339 424 466 471 nihil
495 424 564 471 ad
592 425 1085 478 Parmenonis'suem,
1119 425 1358 489 quendam
1387 440 1495 471 cum
1522 422 1731 488 porcello
1758 420 1844 467 sub
1874 420 2036 467 axilla
2062 432 2248 484 gestato
2278 422 2487 484 prodiis-

226 520 298 554 se,
326 514 372 548 et
398 519 545 566 quum
573 519 679 550 vero
702 503 800 549 suis
828 504 1082 567 grunnitu,
1113 503 1325 550 homines
1349 515 1510 549 tamen
1536 501 1769 550 dicerent,
1799 510 1845 544 et
1874 499 1997 561 quid
2018 497 2107 544 hoc
2142 498 2210 544 ad
2231 501 2490 545 Parmeno-

227 580 302 626 nis
326 584 485 626 suem?
512 597 619 626 eum
642 580 809 626 emisso
835 581 885 626 in
909 581 1119 627 medium
1142 581 1348 645 porcello
1373 579 1613 644 arguisse,
1642 593 1736 623 non
1762 575 2010 623 veritatem
2033 592 2109 621 eos
2133 575 2184 620 in
2206 575 2485 627 iudicando,

227 656 310 702 sed
331 656 601 720 opinionem
631 657 781 719 sequi.
821 659 923 713 Quo
947 658 1163 704 maa-ime
1184 658 1248 721 fit
1273 657 1610 719 manifestum,
1639 654 1840 700 eandem
1865 669 2026 699 sensus
2051 652 2370 714 adfectionem
2397 670 2491 698 non

229 724 392 780 eodem
417 734 556 780 modo
581 734 799 781 animum
823 735 1055 795 adficere,
1085 734 1181 781 nisi
1206 734 1404 780 accedat
1426 732 1699 798 persuasio,
1733 730 1786 777 id
1809 730 1937 794 quod
1956 730 2036 782 fit,
2065 729 2272 775 studiose
2299 745 2358 775 ac
2383 747 2490 775 cum

232 810 419 857 ratione
449 811 640 866 confici.

356 889 474 935 LIII.
509 888 743 935 Theodori
767 890 1032 952 gadarensis
1055 890 1267 936 meminit
1293 886 1460 934 Strabo
1486 886 1573 933 lib.
1596 887 1715 933 XVI.
1740 885 1840 947 (ed.
1865 885 2014 931 Amst.
2037 900 2086 946 p
2107 886 2220 931 759.
2246 885 2294 930 in
2316 884 2494 946 marg.)

229 975 473 1011 recensens
500 966 626 1012 viros
650 966 845 1021 doctos,
873 968 956 1029 qui
988 965 1178 1013 Gadaris
1203 966 1300 1012 nati
1333 973 1458 1011 sunt.
1489 954 1579 1007 Ἐκ
1615 951 1669 1006 δὲ
1702 976 1798 1007 των
1831 949 2076 1025 Γαδαρων
2104 948 2410 1023 Φιλόδημός
2439 973 2493 1004 τε

235 1031 259 1082 o‘
300 1029 629 1106 ἔωικοόρειος
663 1055 930 1108 γεγονως,
961 1033 1046 1088 καὶ
1085 1031 1405 1107 Μελέαγρος
1441 1029 1523 1085 καὶ
1560 1028 1837 1090 Μένιππος
1869 1029 1893 1081 ὁ
1933 1025 2372 1100 σπουδογελοῖος,
2402 1027 2488 1081 καὶ

240 1105 508 1182 Θεόδωρος
546 1109 572 1161 ὁ
612 1110 732 1162 καθ’
770 1111 904 1205 ‘facie
937 1109 1119 1194 ῥητωρ.
1157 1117 1449 1166 Gadarenszs
1469 1117 1579 1180 suit
1613 1115 1919 1163 Philodemus
1951 1131 2217 1178 epicureus,
2248 1127 2293 1160 et
2323 1115 2498 1160 Melea-

230 1210 342 1258 ger,
384 1206 428 1240 et
468 1195 721 1261 MenipJJus
753 1196 880 1243 seria
917 1197 1067 1243 iocose
1099 1195 1267 1242 solitus
1303 1210 1596 1258 exprimere,
1631 1205 1677 1239 et
1714 1192 1978 1240 Theodorus
2013 1203 2178 1238 orator
2218 1209 2299 1255 qui
2341 1203 2499 1237 aetate

233 1283 399 1318 nostra
417 1272 707 1332 floruit.·Et
740 1274 972 1321 Iuvenalis
1003 1275 1052 1320 in
1086 1281 1240 1334 satyra
1271 1273 1369 1318 VII.
1403 1272 1512 1317 176.
1555 1277 1557 1279 ’

720 1351 1061 1415 Chrysogonus
1080 1348 1253 1410 qua'nti
1285 1348 1473 1398 doceat,
1506 1349 1580 1394 vel
1609 1348 1760 1394 Pollio
1794 1348 1967 1406 quanti

716 1429 982 1481 Lautorum
1003 1440 1200 1488 pueros,
1234 1420 1389 1470 artem
1418 1424 1637 1470 scindens
1667 1424 1912 1470 Theodori.

239 1501 432 1549 Vivebat
465 1501 760 1565 temporibus
791 1500 987 1554 Tiberii,
1014 1500 1185 1563 quibus
1219 1510 1265 1548 et
1300 1500 1576 1548 Strabonem
1609 1502 1776 1548 vixisse
1809 1501 2073 1547 didicimus·
2112 1503 2197 1547 Hic
2230 1501 2336 1548 licet
2361 1501 2503 1564 gada-

236 1570 344 1626 rehs
375 1579 611 1626 diceretur
635 1595 659 1626 a
687 1580 878 1626 Gadaris
903 1580 1085 1626 civitate
1116 1580 1301 1641 Syriae,
1329 1579 1389 1625 de
1412 1594 1505 1641 qua
1530 1579 1632 1626 fuse
1664 1580 1870 1641 disputat
1905 1578 2202 1625 Casauhonus
2230 1580 2279 1624 in
2306 1579 2414 1624 adn.
2444 1579 2502 1625 ad

237 1655 541 1710 Strabonem,
566 1657 764 1703 rhodius
793 1653 946 1703 tamen
978 1657 1068 1703 dici
1092 1657 1272 1703 maIuit.
1306 1656 1620 1711 Quintilianus
1642 1654 1727 1702 lib.
1755 1657 1835 1701 III.
1870 1655 1884 1718 (
1909 1658 1952 1701 1.
1987 1655 2096 1716 17.)
2128 1654 2391 1701 Theodorus
2412 1671 2503 1718 ga-

239 1733 436 1785 dareus,
466 1733 552 1796 qui
582 1750 630 1780 se
655 1733 755 1779 dici
777 1734 953 1780 maluit
984 1732 1234 1788 rhodium3
1261 1750 1400 1796 quem
1433 1733 1642 1779 studiose
1666 1727 1878 1784 audisse,
1909 1749 2054 1795 quum
2085 1733 2134 1777 in
2157 1748 2262 1778 eam
2298 1733 2504 1779 insulam

236 1810 519 1861 secessisset,
549 1810 731 1856 dicitur
752 1811 968 1857 -Tiberius
995 1812 1185 1857 Caesar.
1223 1813 1341 1857 Item
1366 1812 1610 1857 Svetonius
1639 1812 1687 1857 in
1714 1809 1899 1871 Tiberio
1928 1810 2062 1872 (cap.
2093 1811 2171 1856 57.
2194 1810 2207 1873 )
2244 1812 2409 1856 Docuit
2433 1801 2506 1856 ni-

238 1888 411 1954 mirum
434 1887 587 1934 Rhodi
620 1897 866 1950 praecepta
899 1889 1155 1935 rhetorices
1179 1904 1263 1951 per
1286 1888 1335 1933 id
1360 1895 1568 1950 tempus,
1595 1903 1692 1950 quo
1713 1887 1923 1934 Tiberius
1945 1887 2165 1934 Rhodum
2191 1889 2396 1941 secessit,
2422 1887 2503 1934 ubi

238 1965 359 2011 circa
392 1964 575 2011 scholas
599 1974 662 2011 et
669 1965 898 2012 auditoria
933 1965 1252 2028 professorum
1278 1966 1488 2012 assiduus
1521 1965 1633 2019 fuit,
1661 1974 1707 2011 et
1730 1966 1777 2011 in
1803 1965 1964 2026 primis
1986 1964 2284 2010 Theodorum
2309 1965 2500 2012 audivit.

241 2042 431 2089 Suidas:
473 2028 741 2107 Θεόδωρος
771 2029 1033 2105 yadapebg
1070 2032 1332 2096 σοφισὙκς,
1365 2031 1462 2086 οἷπο
1501 2030 1731 2093 δούλων,
1762 2028 2083 2092 διδάσκαλος
2113 2031 2326 2105 γεΓονώς
2355 2036 2505 2096 Τιβε-

240 2115 354 2180 ρίου
389 2113 649 2182 καίσαρος·
689 2108 790 2162 ε’πει
831 2106 887 2162 δὲ
928 2104 1186 2183 συνεκρίθη
1214 2133 1325 2182 περι
1365 2126 1661 2176 σοφιστικκς
1697 2108 2079 2182 ἀγωνισάμενος
2106 2107 2376 2179 Ποτάμωνι
2416 2132 2497 2162 και

236 2184 546 2260 ἈνὙιποίτρῳ
585 2185 632 2240 ἐν
665 2186 797 2256 αὖτ’-ᾖ
823 2187 887 2257 τῇ
915 2185 1088 2259 Ῥώμη
1121 2186 1199 2239 ἐπὶ
1233 2183 1515 2261 Ἀδριανου
1543 2191 1813 2260 καίσαρος,
1848 2187 1871 2238 ὁ
1912 2185 2023 2247 υἱὸς
2054 2185 2216 2239 ada-015
2243 2185 2506 2281 Ἀνῖωνιος

243 2262 591 2335 συγκλητικὸς
629 2261 849 2334 ἐγένετο·
886 2268 1082 2329 βιβλία
1120 2261 1336 2337 ἕΓραψε,
1355 2286 1471 2338 περι
1509 2287 1607 2318 των
1645 2264 1692 2317 ἐν
1724 2279 1915 2326 φωναις
1949 2260 2263 2336 ζητουμένων
2292 2261 2359 2335 γ’·
2389 2286 2498 2332 περι

246 2340 521 2413 ἱσὟοριΗας
508 2336 571 2393 ε’ν·
602 2362 726 2412 περι
757 2338 1036 2395 διαλέκΎων
1074 2339 1401 2412 ὁμοιοτήΤος,
1433 2340 1517 2393 καὶ
1558 2337 1872 2412 ἀποδείξεως
1909 2338 2019 2392 δύο·
2054 2338 2163 2411 περὶ
2202 2346 2377 2401 κοίλης
2411 2344 2505 2392 Συ-

184 2449 190 2454 ·
243 2421 356 2488 ρίας
387 2414 451 2471 ἕν·
479 2439 586 2490 περι
617 2416 829 2491 ῥητορος
856 2414 1171 2491 δυνάμεως”
1149 2436 1211 2472 εν·
1242 2441 1324 2472 και
1359 2415 1830 2474 ἅλλα.11ιεοᾱοναε
1852 2427 2137 2491 gadarensis
2156 2426 2389 2491 sopthsta
2420 2444 2507 2473 ser-

244 2502 330 2548 vili
356 2515 488 2548 ortus
524 2519 717 2567 genere,
747 2504 981 2567 magister
1011 2504 1187 2550 Timbern
1214 2504 1421 2556 Cesari,s
1450 2496 1761 2550 adiudicatus
1793 2517 1860 2550 est
1882 2503 2138 2568 sophistis,v
2170 2521 2219 2550 ιη
2257 2504 2362 2568 ipsa
2394 2504 2507 2551 urbe

245 2595 353 2624 cum
377 2581 638 2625 Potamone
665 2592 710 2626 et
727 2581 991 2644 Αηιὶραινο
1017 2593 1222 2627 certans.
1251 2581 1348 2627 Sub
1373 2581 1633 2627 Hadriano
1659 2583 1858 2628 Caesare
1877 2582 2016 2643 filius
2042 2581 2143 2627 eius
2172 2581 2404 2628 tintenias
2420 2582 2507 2643 sa-

246 2668 348 2702 ctus
381 2667 448 2702 est
482 2668 690 2703 senator.
727 2657 894 2703 Libros
922 2657 1113 2721 scripsit
1149 2670 1243 2704 tres
1271 2659 1330 2703 de
1366 2658 1450 2709 iis,
1479 2674 1602 2721 quae
1637 2658 1961 2721 inquiruntur.
1999 2659 2071 2703 De
2102 2657 2304 2704 historia
2339 2676 2502 2704 unum.

246 2735 318 2779 De
344 2732 468 2779 thesi
499 2747 662 2788 unum.
700 2735 773 2779 De
806 2734 1118 2789 dialectorum
1152 2734 1468 2781 similitudine
1499 2747 1544 2780 et
1572 2735 1973 2782 demonstratione
2001 2735 2134 2781 duos.
2172 2737 2243 2781 De
2265 2735 2506 2798 republica

247 2812 381 2857 duos.
419 2811 491 2856 De
523 2810 788 2874 Coelesyrz'a
822 2827 987 2867 unum.
1025 2812 1097 2856 De
1121 2811 1365 2872 facultate
1395 2812 1604 2867 oratoris
1634 2829 1802 2863 unum,
1832 2825 1878 2857 et
1910 2811 2047 2858 alia..
2070 2814 2134 2857 Ex
2161 2814 2259 2859 eius
2288 2811 2411 2858 libro
2446 2811 2505 2857 de

248 2889 366 2934 thesi
391 2887 577 2933 videtur
606 2888 887 2948 excerpsisse
910 2902 990 2933 sua
1014 2887 1172 2934 Theon
1200 2888 1406 2950 sophista
1434 2890 1483 2934 in
1518 2891 1935 2951 progymnasmatis
1963 2890 2025 2934 de
2054 2888 2170 2934 thesi
2206 2889 2341 2972 (capi
2367 2887 2503 2948 XII.)

249 2953 457 3015 Θε’σις’
439 2977 573 3008 εστιν
611 2951 874 3022 ἐπίσκεψις
908 2953 1117 3017 >tosta-a,
1146 2953 1527 3036 ἀμφισβήτησιν
1560 2954 1925 3026 ἐπιδεχομένη,
1954 2953 2071 3009 οῗνευ
2099 2954 2366 3028 προσώπων
2395 2978 2506 3029 ωρι-

251 3030 439 3102 σμένων
475 3030 559 3084 καὶ
597 3030 762 3092 mione
796 3029 1166 3104 περιστάσεως,
1201 3036 1338 3094 οἷον,
1371 3032 1414 3085 εἷ
1450 3031 1738 3127 γαμητέον,
1770 3033 1812 3085 εἶ
1848 3031 2267 3094 παιδοποιητέον,
2305 3032 2347 3085 εἶ
2385 3031 2500 3084 θεοι

251 3109 391 3163 εἰσίν·
430 3105 658 3179 διαφέρει
699 3105 751 3160 δὲ
790 3130 879 3160 του
919 3106 1104 3170 τόπου,
1143 3105 1220 3161 ὅτι
1259 3108 1283 3160 ὁ
1320 3107 1412 3180 μέν
1451 3109 1583 3163 ἐστιν
1621 3110 1758 3178 ὁμο)
1744 3131 2047 3182 ογουμενου
2079 3108 2382 3182 πράγματος
2420 3106 2507 3161 οιυ’-

251 3188 412 3258 Enete·
452 3186 477 3241 ri
518 3182 571 3238 δὲ
609 3182 790 3246 θέσις,
820 3183 1319 3256 ἀμφισβκὛουμένου’
1352 3183 1433 3238 διο
1469 3184 1551 3238 καὶ
1586 3186 1610 3238 ὁ
1641 3183 1975 3259 Ερμαγόρας
2009 3184 2101 3255 μὲν
2135 3208 2319 3249 αυτκν,
2349 3184 2507 3256 κρινό-

248 3284 393 3333 μενον
426 3260 842 3336 προσηΓόρευκεν,
875 3259 1144 3335 Θεόδωρος
1183 3259 1236 3315 δὲ
1278 3263 1301 3314 ὁ
1340 3259 1629 3336 γαὸαρευς,
1658 3261 1940 3328 κεφαλαιον
1977 3262 2024 3315 ἐν
2063 3260 2313 3316 ὑποθέσει.
2352 3271 2508 3321 Theszs

249 3361 318 3395 est
353 3348 511 3395 oratio
545 3348 911 3400 deliberatoria,
949 3348 1208 3394 admittens
1244 3349 1613 3395 controversiam
1650 3348 1825 3410 absque
1859 3348 2134 3410 definitione
2162 3345 2502 3412 personarum,

251 3425 472 3489 omnique
508 3438 718 3490 respectu
752 3425 877 3477 alio,
918 3436 996 3471 ut:
1033 3425 1250 3471 ducenda
1289 3443 1347 3471 ne
1381 3443 1531 3477 uxor,
1570 3425 1862 3489 suscipiendi
1897 3442 1955 3471 ne
1993 3426 2156 3478 liberi,
2192 3426 2288 3472 sint
2322 3444 2381 3473 ne
2415 3428 2502 3476 dii.

251 3505 385 3550 Inter
413 3502 539 3549 hanc
566 3515 611 3550 et
641 3505 792 3550 locum
828 3503 915 3549 hoc
946 3503 1159 3554 interest,
1188 3503 1315 3566 quod
1345 3503 1472 3549 locus
1505 3502 1646 3549 habet
1679 3503 2103 3566 amplificationem
2136 3503 2208 3550 rei
2240 3505 2501 3567 confessae,

253 3579 396 3626 thesis
427 3597 533 3627 vero
555 3593 901 3627 controversae:
929 3597 1076 3644 quare
1109 3592 1155 3625 et
1178 3581 1306 3642 quod
1329 3579 1598 3631 iudicatur,
1629 3581 1888 3643 appellavit
1915 3582 2265 3645 Hermagoras,
2303 3584 2341 3628 Τ
2338 3581 2509 3629 heodo-

255 3672 336 3701 rus
360 3657 646 3720 gadarensis
670 3669 816 3722 caput
841 3658 891 3703 in
915 3656 1179 3721 hypothesi.
1218 3658 1303 3702 Hic
1333 3656 1603 3703 Theodorus
1627 3672 1681 3703 ex
1706 3657 2107 3720 typographorum
2138 3660 2315 3705 incuria
2339 3661 2384 3705 in
2410 3661 2509 3707 edi-

255 3733 381 3778 tione
421 3733 563 3780 altera
593 3734 784 3781 Gerardi
818 3735 1036 3799 Iohannis
1070 3735 1216 3781 Vossii
1251 3734 1310 3780 de
1345 3734 1574 3780 historicis
1603 3735 1776 3796 graecis
1809 3750 1903 3781 non
1938 3743 2116 3782 tantum
2158 3737 2205 3782 in
2240 3745 2391 3800 textu,
2428 3722 2507 3784 sed

254 3810 302 3854 in
329 3808 524 3856 elencho
558 3812 696 3857 etiam
727 3820 970 3859 auctorum
1002 3813 1049 3857 in
1084 3811 1424 3858 Theodoretum
1461 3810 1588 3857 abiit.
