2970 4420
391 257 393 259 ¹
422 261 521 294 xxu
1373 260 1523 293 LEONIS
1557 261 1735 291 ALLATn

418 337 564 379 ficium
595 347 854 392 magnopere
886 334 1166 379 desideratum
1181 366 1193 389 ,
1227 336 1302 391 qui
1329 336 1614 378 florentissimi
1643 335 1688 377 in
1719 335 1893 377 civitate
1924 337 2004 378 viri
2035 338 2217 392 gratiam
2249 343 2338 383 tam
2365 340 2449 384 levi
2482 342 2534 385 de
2565 356 2692 387 causa

419 407 656 450 effudisset.
689 406 774 449 Sed
800 407 1001 450 nimirum
1031 419 1299 450 communem
1329 407 1390 449 illi
1421 418 1674 462 magnorum
1708 407 1976 461 ingeniorum
2013 414 2174 453 sortem
2211 411 2353 454 subire
2385 425 2552 456 necesse
2585 414 2692 469 fuit,

419 483 470 521 ut
499 479 658 521 virtute
687 479 928 531 involutus,
961 479 1006 520 in
1036 478 1328 521 mediocritate
1366 478 1561 519 fortunae
1594 477 1868 532 subsisteret3
1902 478 2142 536 famamque
2172 482 2228 525 ad
2268 488 2467 538 posteros
2498 498 2586 528 non
2616 499 2693 542 per

423 563 525 607 opes
555 555 599 593 et
626 550 737 593 vitae
760 550 1051 605 splendorem,
1075 549 1155 592 sed=
1181 562 1257 604 per
1278 548 1438 603 ingenii
1460 552 1588 603 atque
1617 547 1850 591 industriae
1871 549 2027 593 decora
2047 558 2368 608 assequeretur:
2395 556 2454 597 ita
2484 558 2690 611 partiente

423 621 720 665 liberalitatem
749 634 870 664 suam
901 633 1002 677 erga
1037 620 1234 662 mortales
1269 619 1413 661 divina
1444 618 1711 674 providentia
1729 651 1740 672 ,
1777 624 1825 662 ut
1855 633 1964 676 quos
2004 623 2132 665 animi
2165 624 2321 679 bonis,
2358 638 2464 681 quae
2499 629 2688 671 omnium

425 693 604 736 maxima
634 697 732 735 sunt
762 691 951 746 extollit,
983 691 1163 734 externis
1194 690 1351 745 opibus
1381 701 1523 732 carere
1551 690 1674 732 facile
1706 691 1903 745 patiatur.
1984 735 1986 739 ,

546 765 619 807 35.
651 762 817 806 Βο1111111
845 766 967 804 atrox
998 774 1047 804 ea
1075 765 1325 816 tempestate
1355 760 1588 815 inquietam
1617 761 1801 804 habebat
1831 763 2125 819 Germaniam,
2157 766 2280 810 initio
2312 781 2337 810 a
2365 769 2534 812 Boemis
2565 775 2687 823 orto,

428 836 504 892 qui
535 838 799 878 constantem
829 835 872 877 in
904 833 1111 877 0011101100
1139 832 1346 886 religione
1377 832 1683 875 austriacorum
1710 834 1955 889 Principum
1986 836 2194 891 animum,
2221 837 2278 880 ob
2309 843 2563 895 corruptum
2590 840 2694 883 hus-

429 909 565 952 sitana
593 907 713 951 rabie
743 908 962 963 ingenium
991 917 1113 961 aegre
1132 904 1363 947 tolerantes
1377 935 1388 957 ,
1414 908 1614 947 exuerant
1636 904 1918 961 obsequium„
1940 906 2110 962 Quippe
2136 908 2365 964 impunitas
2386 924 2475 954 non
2496 912 2692 967 exiguam

429 992 549 1036 spem
577 978 808 1037 praebebat
837 990 1055 1022 senescens
1083 976 1285 1019 Matthiae
1314 975 1495 1019 caesaris
1525 977 1782 1033 auctoritas,
1814 977 1999 1023 necdum
2029 978 2180 1023 adulta
2207 980 2460 1031 Ferdinandi
2484 982 2660 1027 secundi
2675 1013 2691 1036 ,

429 1064 579 1097 recens
606 1052 652 1094 in
681 1063 859 1106 regnum
890 1048 1113 1104 assumpti,
1139 1047 1354 1102 potentia;
1377 1048 1498 1092 cuius
1524 1048 1688 1106 legatos
1716 1051 1772 1094 ad
1801 1052 2146 1108 componendas,
2172 1064 2278 1108 quae
2306 1052 2419 1097 forte
2446 1058 2550 1098 tunc
2578 1055 2693 1097 inci-

431 1123 582 1171 derant
615 1134 832 1165 sacrorum
862 1121 1010 1163 turbas
1041 1119 1318 1175 praemiSSOS,
1344 1126 1494 1165 contra
1524 1123 1586 1165 fas
1614 1123 1950 1178 trucidaverant3
1973 1137 2110 1180 eoque
2139 1124 2325 1167 facinore
2353 1129 2573 1182 tamquam
2596 1138 2690 1168 om·

432 1196 499 1238 nis
529 1199 637 1238 esset
667 1194 832 1238 sublata
853 1194 999 1236 veniae
1021 1204 1139 1248 spes,
1162 1197 1408 1249 contempta
1427 1193 1632 1248 religione
1651 1196 1919 1248 sacramenti,
1945 1207 2032 1250 quo
2054 1194 2181 1238 fidem
2206 1208 2321 1239 novo
2348 1196 2534 1252 principi
2554 1210 2695 1252 nuper

434 1266 723 1321 obligaverant
736 1296 747 1318 ,
772 1264 982 1307 adscivere
1012 1262 1094 1306 sibi
1113 1263 1363 1307 Federicum
1382 1265 1618 1322 Palatinum
1640 1265 1733 1317 (0111
1762 1264 1959 1322 praeter)
1983 1266 2155 1308 eximias
2185 1266 2338 1309 domus
2367 1266 2663 1310 claritudinem
2676 1298 2689 1321 ,

435 1349 623 1393 opesque
654 1335 769 1391 apud
799 1336 1031 1378 Germanos
1064 1335 1361 1390 amplissimas,
1393 1335 1555 1379 animos
1585 1336 1768 1380 faciebat
1797 1336 2070 1392 magnificum
2100 1350 2197 1380 cum
2227 1338 2468 1381 Elisabetha
2494 1337 2698 1382 britanna

435 1407 582 1451 Iacobi
612 1407 722 1463 regis
749 1405 838 1448 filia
860 1406 1175 1449 matrimonium
1189 1416 1335 1462 ,squae
1366 1411 1554 1450 carentes
1577 1409 1696 1462 regio
1728 1408 1856 1451 titulo
1889 1414 2086 1463 penates,
2110 1409 2232 1464 quasi
2253 1422 2352 1452 suae
2381 1408 2593 1452 nobililati
2614 1410 2694 1453 im·

434 1492 577 1536 pares,
599 1478 777 1521 feminea
808 1478 1112 1533 aspernabatur
1140 1479 1414 1534 impotentia:
1443 1484 1796 1534 concusseratque
1821 1493 1871 1523 ea
1900 1493 1966 1522 res
1994 1481 2232 1524 universam
2253 1483 2494 1536 Europam,
2518 1494 2695 1538 remque

435 1564 603 1594 omnem
635 1550 907 1593 christianam
941 1551 985 1592 in
1019 1555 1163 1606 partes
1195 1550 1470 1604 distraxerat,
1503 1551 1668 1594 nemine
1699 1551 1788 1594 fere
1825 1564 1913 1594 non
1944 1552 2140 1594 alterutri
2172 1565 2320 1596 causae
2355 1557 2438 1595 aut'
2461 1554 2588 1596 armis
2622 1541 2695 1596 aut

436 1623 614 1679 pecunia
645 1627 719 1665 aut
749 1621 936 1664 consiliis
963 1622 1198 1677 animisque
1229 1622 1414 1664 favente.
1447 1621 1532 1665 Sed
1558 1623 1836 1678 praecipuum
1863 1622 1997 1665 robur
2024 1623 2223 1666 adversus
2254 1623 2430 1667 rebelles
2457 1625 2503 1666 in
2524 1624 2702 1668 foedere

435 1693 775 1747 Catholicorum,
809 1694 878 1736 cui
909 1694 1081 1736 nomina
1106 1693 1311 1736 dederant
1337 1694 1519 1736 intactae
1544 1706 1569 1736 a
1598 1694 1720 1736 novis
1750 1694 2026 1749 opinionibus
2059 1694 2307 1738 Germaniae
2337 1695 2529 1738 civitates
2559 1700 2602 1738 et
2628 1708 2695 1738 re-

437 1766 551 1820 guli,
574 1778 846 1820 summaeque
876 1766 940 1807 rei
969 1765 1262 1820 praefecerant
1291 1765 1621 1807 Maximilianum
1649 1765 1800 1808 ducem
1828 1767 2055 1819 Bavariae,
2072 1766 2152 1809 sub
2176 1767 2297 1810 cuius
2327 1767 2509 1822 imperio
2533 1767 2696 1811 Ulrieus

437 1849 578 1880 comes
606 1838 752 1879 Tillius
784 1837 944 1879 bellum
975 1836 1304 1879 administrabat.
1338 1838 1538 1892 Magnum
1569 1841 1709 1879 autem
1750 1842 2013 1880 momentum
2044 1837 2097 1880 ad
2129 1838 2333 1881 victoriae
2364 1851 2482 1894 spem
2517 1837 2695 1881 addide-

438 1914 544 1951 rant>
562 1909 699 1964 primo
726 1908 904 1963 Paulus,
931 1907 1084 1951 deinde
1112 1908 1366 1962 Gregorius,
1395 1920 1596 1951 romanus
1619 1908 1839 1964 pontifex,
1871 1910 1945 1964 qui
1968 1922 2056 1952 non
2079 1910 2330 1952 auctoritate
2356 1910 2495 1953 'solum
2525 1914 2568 1952 et
2594 1910 2697 1952 hor-

437 1980 668 2024 tationibus
699 1980 753 2023 ad
786 1979 1066 2023 continendos
1092 1980 1136 2022 in
1165 1979 1250 2022 fide
1279 1983 1323 2021 et
1353 1979 1566 2022 alacritate
1596 1980 1735 2023 socios
1762 1993 1851 2023 rem
1883 1980 2080 2035 gerebat,
2112 1980 2189 2024 sed
2215 1981 2343 2023 etiam
2374 1981 2586 2036 praesenti
2614 1994 2695 2036 pe-

440 2053 588 2095 cuniae
614 2065 715 2107 ope,
741 2065 847 2107 quae
876 2053 920 2094 in
947 2051 1123 2106 singulis
1149 2050 1360 2098 mensibus
1389 2055 1585 2106 prompte
1617 2056 1658 2094 01
1683 2056 1926 2107 opportune
1951 2051 2222 2094 afferebatur.
2255 2052 2576 2107 occupaverant
2602 2053 2702 2108 qui·

440 2124 537 2168 dem
567 2125 821 2179 imparatum
852 2124 1079 2165 etiamnum
1105 2122 1423 2165 Ferdinandum
1448 2122 1621 2177 aggredi
1649 2123 1880 2176 coniurati,
1912 2125 2205 2179 intentumque
2233 2123 2490 2179 accipiendis
2515 2123 2572 2166 ob
2598 2123 2702 2166 ade—-

441 2200 564 2251 ptum
588 2185 812 2250 imperium
833 2194 1208 2249 gratulationibus,
1231 2194 1398 2249 iamque
1419 2194 1604 2237 Viennae
1625 2195 1750 2237 unius
1770 2195 1992 2238 moenibus
2011 2194 2234 2249 fidentem,
2259 2196 2304 2238 111
2325 2208 2532 2238 summam
2553 2207 2721 2239 10111111-

444 2266 634 2308 omnium
666 2265 957 2308 difficultatem
983 2265 1266 2319 adduxerant3
1301 2264 1455 2320 quibus
1481 2265 1534 2307 ab
1564 2266 1767 2320 angustiis
1791 2265 2050 2309 affluentium
2078 2265 2267 2321 undique
2296 2267 2548 2309 auxiliorum
2573 2266 2701 2323 eopia

442 2337 683 2397 expeditus..
711 2350 855 2380 rursus
886 2339 931 2379 in
964 2338 1200 2389 Boemiam,
1235 2342 1277 2380 et
1304 2336 1356 2380 ad
1387 2338 1522 2392 ipsam
1553 2349 1695 2379 rerum
1726 2342 1853 2393 caput
1883 2339 2063 2392 Pragam
2093 2338 2317 2392 tuendam,
2350 2343 2526 2381 cunctos
2555 2338 2703 2381 hostes

441 2410 629 2464 ingentio
652 2409 817 2465 proelio
839 2409 1074 2463 ceciderat;
1102 2410 1442 2464 continuatisque
1463 2421 1541 2464 per
1562 2409 1662 2452 alias
1684 2422 1811 2464 super
1834 2410 1927 2452 aliis
1948 2409 2169 2464 victorias,
2195 2409 2425 2464 profugum
2443 2410 2613 2465 suisque
2631 2421 2699 2451 re-

444 2480 525 2523 bus
555 2480 818 2523 diffidentem
847 2481 1084 2524 Palatinum
1113 2481 1234 2522 avitis
1263 2480 1389 2522 etiam
1420 2480 1676 2535 ditionibus,
1709 2482 1886 2537 ipsaque
1922 2482 2041 2537 regia
2075 2481 2180 2523 urbe
2216 2481 2495 2536 Heidelberga
2525 2481 2696 2524 deiecit.

566 2552 639 2594 36.
670 2553 770 2594 Erat
799 2552 843 2594 in
867 2564 916 2594 ea
936 2552 1040 2594 urbe
1061 2551 1320 2594 bibliotheca
1343 2552 1478 2593 omnis
1510 2550 1701 2606 generis,
1728 2552 2002 2607 omniumque
2034 2552 2213 2606 artium,
2238 2557 2281 2595 et
2301 2553 2541 2607 linguarum
2563 2564 2699 2607 paene

448 2626 662 2679 omnium,
687 2624 844 2680 quibus
872 2624 1033 2667 litterae
1063 2624 1108 2666 in
1138 2624 1300 2666 honore
1331 2627 1452 2676 sunt,
1478 2622 1698 2666 codicibus
1726 2624 2225 2679 instructa,-praesertim
2253 2636 2355 2666 vero
2387 2624 2549 2677 graecis
2575 2627 2703 2666 vetu-

447 2700 554 2739 state
573 2699 616 2739 et
642 2697 810 2739 raritate
831 2695 1083 2751 insignibus.
1117 2696 1253 2738 Huius
1270 2693 1555 2737 bibliothecae
1577 2693 1892 2749 pulchritudine
1906 2727 1917 2748 ,
1942 2707 1991 2737 ae
2017 2693 2324 2748 magnificentia
2344 2693 2596 2748 gloriantem
2616 2695 2700 2736 Pa-

445 2767 624 2810 latinum
653 2779 740 2810 non
770 2767 903 2820 semels
919 2767 1028 2809 inter
1058 2779 1160 2809 suos
1181 2766 1358 2808 iactasse
1381 2765 1552 2820 ferunt,
1576 2767 1818 2808 vaticanam
1838 2778 1882 2808 se
1901 2766 1964 2809 illi
1986 2765 2242 2821 quandoque
2262 2766 2526 2821 iunctarum„
2552 2777 2703 2808 unam·

447 2850 531 2893 que
560 2851 611 2880 ex
640 2838 805 2881 duabus
835 2842 929 2881 toto
952 2837 1056 2881 orbe
1083 2837 1445 2879 instructissimam
1467 2835 1741 2879 effecturum:
1766 2840 1931 2879 tantum
1952 2836 2158 2890 fiduciae,
2182 2837 2507 2891 animorumque
2535 2835 2701 2879 homini

448 2908 581 2964 elato,
606 2914 647 2952 et
676 2910 891 2966 insipienti
920 2910 1115 2952 fortunae
1137 2909 1314 2955 nimium
1338 2907 1569 2959 tribuenti,
1594 2920 1796 2963 prospera
1826 2908 2075 2951 defectionis
2096 2907 2313 2950 boemicae
2340 2908 2459 2949 initia
2484 2907 2698 2960 fecerant,

450 2986 499 3024 ut
528 2982 611 3023 iam
641 2981 946 3024 catholicarum
975 2981 1141 3023 ruinam
1167 2980 1374 3035 partium,
1406 2978 1636 3034 Italiaeque
1666 2983 1707 3021 et
1736 2979 1862 3039 Urbis
1892 2979 2178 3034 direptionem
2210 2990 2286 3033 spe
2315 2977 2544 3020 immodica
2572 2982 2704 3032 atque
2727 2985 2731 2989 ’

452 3053 651 3107 opinione
680 3053 959 3108 praeciperet.
994 3051 1075 3094 Sed
1104 3063 1235 3094 vanus
1267 3050 1441 3093 omnino
1471 3054 1589 3092 vates
1618 3062 1706 3093 non
1734 3050 1839 3105 fuit3
1864 3062 2047 3105 namque
2074 3050 2303 3104 Gregorius
2329 3062 2529 3092 romanus
2557 3048 2702 3104 ponti-

451 3124 543 3177 fex,
569 3124 688 3179 quod
716 3125 899 3167 victores
928 3124 1158 3167 catholicos
1187 3135 1276 3166 non
1305 3134 1414 3170 vano
1446 3122 1666 3178 praesagio
1696 3121 1864 3164 futuros
1894 3121 2183 3177 praeviderat,
2213 3133 2299 3176 quo
2330 3125 2524 3175 tempore
2549 3119 2702 3162 auxilia

456 3207 563 3250 quae
591 3195 770 3238 diximus
796 3197 842 3238 in
866 3196 1131 3239 Germaniam
1160 3193 1431 3249 expediebat,
1457 3194 1511 3236 ab
1541 3194 1804 3248 Imperatore
1835 3206 1884 3249 ac
1906 3194 2022 3235 Duce
2050 3192 2211 3235 bavaro
2236 3192 2481 3239 obtinuerat
2508 3191 2592 3233 utri
2621 3202 2700 3233 co-

456 3278 552 3308 rum
580 3266 858 3322 Heidelberga
886 3268 1016 3323 potiri
1045 3268 1335 3321 contingeret,
1359 3265 1664 3308 bibliothecam
1695 3265 1919 3320 palatinam
1948 3264 2143 3307 ecclesiae
2173 3275 2371 3306 romanae
2401 3262 2583 3318 spolium
2614 3253 2703 3305 esse

458 3336 603 3391 vellet,
627 3337 743 3392 apud
770 3340 1016 3381 vaticanam
1043 3339 1155 3381 inter
1186 3342 1342 3380 ceteras
1378 3338 1467 3380 eius
1497 3336 1662 3391 generis
1684 3335 1991 3379 collocandam.
2023 3336 2109 3378 Nec
2138 3346 2259 3376 mora
2287 3334 2331 3376 iu
2353 3334 2469 3376 Duce
2497 3332 2602 3386 fuit,
2632 3333 2701 3374 cui

458 3420 558 3464 pars
585 3408 658 3451 illa
685 3409 884 3452 victoriae
915 3415 1110 3454 evenerat
1139 3408 1381 3453 liberandae
1403 3417 1548 3465 'quam
1579 3408 1866 3451 obstrinxerat
1894 3406 2018 3459 fidei,
2048 3406 2334 3460 nunciumque
2365 3404 2420 3448 ad
2450 3403 2703 3458 Gregorium

461 3491 620 3522 summa
649 3492 746 3522 cum
775 3481 987 3523 celeritate
1017 3482 1256 3537 expedivit,
1282 3481 1356 3536 qui
1387 3484 1555 3537 captam
1584 3478 1911 3533 Heidelbergam
1936 3477 2213 3532 significaret,
2237 3476 2446 3532 simulque
2476 3475 2702 3531 sepositam

461 3564 539 3596 suo
568 3551 682 3593 iussu
711 3550 1007 3594 bibliothecam
1037 3566 1147 3606 esse,
1173 3558 1419 3608 certumque
1450 3552 1666 3595 hominem
1688 3552 1820 3594 Roma
1850 3550 2061 3605 opperiri,
2085 3550 2160 3605 qui
2180 3548 2314 3591 libros
2344 3546 2633 3603 recipiendos,
2658 3551 2703 3589 et

399 3640 407 3651 ¹
461 3624 505 3665 in
535 3622 713 3664 Italiam
729 3623 1078 3677 transportandos
1114 3629 1295 3667 curaret.
1329 3623 1451 3666 Multi
1486 3623 1523 3666 ei
1560 3622 1825 3678 provinciae,
1841 3620 1978 3677 *quod
2007 3619 2227 3676 splendida
2257 3623 2300 3662 01
2329 3619 2452 3675 plena
2485 3616 2704 3672 dignitatis

466 3697 555 3736 erat
582 3693 747 3746 futura,
770 3692 849 3734 viri
880 3691 996 3735 docti
1026 3698 1067 3735 et
1095 3694 1208 3750 apud
1229 3694 1480 3738 Pontificem
1509 3694 1683 3749 gratiosi
1704 3692 1947 3747 inhiabant,
1967 3692 2162 3747 interque
2191 3694 2354 3734 ceteros
2373 3690 2533 3745 Gaspar
2554 3690 2704 3744 Sciop-

463 3765 558 3820 pius
594 3768 637 3806 et
672 3763 922 3808 Guillelmus
955 3764 1170 3818 Setonius,
1203 3777 1387 3820 quorum
1426 3765 1482 3807 ob
1516 3759 1818 3818 eruditionem,
1856 3767 1898 3806 et
1931 3762 1976 3805 in
2011 3762 2260 3805 catholicam
2290 3773 2456 3804 eausam
2488 3759 2672 3803 studium
2687 3791 2700 3813 ‚

466 3847 617 3891 magna
647 3839 735 3877 erat
764 3834 922 3877 Romae
951 3833 1064 3889 apud
1094 3846 1237 3878 omnes
1267 3836 1530 3879 existimatio.
1564 3834 1645 3879 Sed
1669 3833 1918 3889 GregoriuS,
1941 3833 2249 3877 communicato
2281 3832 2460 3874 consilio
2487 3843 2583 3874 011111
2614 3831 2705 3873 Sei·
2757 3871 2759 3873 ,
