<?xml version="1.0" encoding="UTF-8"?>
<!DOCTYPE html PUBLIC "-//W3C//DTD XHTML 1.0 Transitional//EN"
    "http://www.w3.org/TR/xhtml1/DTD/xhtml1-transitional.dtd">
<html xmlns="http://www.w3.org/1999/xhtml" xml:lang="en" lang="en">
 <head>
  <title>
</title>
<meta http-equiv="Content-Type" content="text/html;charset=utf-8" />
  <meta name='ocr-system' content='tesseract 3.04.00' />
  <meta name='ocr-capabilities' content='ocr_page ocr_carea ocr_par ocr_line ocrx_word'/>
</head>
<body>
  <div class='ocr_page' id='page_1' title='image "./novaepatrumbibli06maiauoft/novaepatrumbibli06maiauoft_0328.png"; bbox 0 0 2970 4420; ppageno 0'>
   <div class='ocr_carea' id='block_1_1' title="bbox 431 230 1737 281">
    <p class='ocr_par' dir='ltr' id='par_1_1' title="bbox 431 230 1737 281">
     <span class='ocr_line' id='line_1_1' title="bbox 431 230 1737 281; baseline 0.002 -8"><span class='ocrx_word' id='word_1_1' title='bbox 431 230 492 274; x_wconf 86' lang='lat'>90</span> <span class='ocrx_word' id='word_1_2' title='bbox 1377 245 1527 275; x_wconf 74' lang='lat' dir='ltr'>Lssoms</span> <span class='ocrx_word' id='word_1_3' title='bbox 1560 241 1737 281; x_wconf 57' lang='lat' dir='ltr'>ALLATu</span> 
     </span>
    </p>
   </div>
   <div class='ocr_carea' id='block_1_2' title="bbox 369 327 2731 3778">
    <p class='ocr_par' dir='ltr' id='par_1_2' title="bbox 369 327 2696 1853">
     <span class='ocr_line' id='line_1_2' title="bbox 431 327 2680 396; baseline 0.005 -23"><span class='ocrx_word' id='word_1_4' title='bbox 431 331 597 387; x_wconf 87' lang='lat' dir='ltr'>Aeore,</span> <span class='ocrx_word' id='word_1_5' title='bbox 628 329 701 374; x_wconf 90' lang='lat' dir='ltr'>vel</span> <span class='ocrx_word' id='word_1_6' title='bbox 735 329 882 375; x_wconf 86' lang='lat' dir='ltr'>Aletis</span> <span class='ocrx_word' id='word_1_7' title='bbox 916 339 1267 392; x_wconf 81' lang='lat' dir='ltr'>nuncupantur,</span> <span class='ocrx_word' id='word_1_8' title='bbox 1298 346 1324 376; x_wconf 93' lang='lat' dir='ltr'>a</span> <span class='ocrx_word' id='word_1_9' title='bbox 1356 327 1603 375; x_wconf 91' lang='lat' dir='ltr'>Theodoro</span> <span class='ocrx_word' id='word_1_10' title='bbox 1636 329 1919 391; x_wconf 89' lang='lat' dir='ltr'>colophonio</span> <span class='ocrx_word' id='word_1_11' title='bbox 1953 333 2146 395; x_wconf 91' lang='lat' dir='ltr'>scripta,</span> <span class='ocrx_word' id='word_1_12' title='bbox 2173 335 2253 395; x_wconf 92' lang='lat' dir='ltr'>qui</span> <span class='ocrx_word' id='word_1_13' title='bbox 2287 343 2444 396; x_wconf 90' lang='lat' dir='ltr'>postea</span> <span class='ocrx_word' id='word_1_14' title='bbox 2477 335 2680 384; x_wconf 87' lang='lat' dir='ltr'>violenta</span> 
     </span>
     <span class='ocr_line' id='line_1_3' title="bbox 430 405 2683 469; baseline 0.004 -19"><span class='ocrx_word' id='word_1_15' title='bbox 430 414 580 451; x_wconf 91' lang='lat' dir='ltr'>morte</span> <span class='ocrx_word' id='word_1_16' title='bbox 613 406 812 459; x_wconf 89' lang='lat' dir='ltr'>interiit,</span> <span class='ocrx_word' id='word_1_17' title='bbox 841 406 1019 468; x_wconf 84' lang='lat' dir='ltr'>fuitque</span> <span class='ocrx_word' id='word_1_18' title='bbox 1053 407 1229 453; x_wconf 89' lang='lat' dir='ltr'>deliciis</span> <span class='ocrx_word' id='word_1_19' title='bbox 1262 414 1308 451; x_wconf 88' lang='lat' dir='ltr'>et</span> <span class='ocrx_word' id='word_1_20' title='bbox 1340 405 1469 451; x_wconf 84' lang='lat' dir='ltr'>luxui</span> <span class='ocrx_word' id='word_1_21' title='bbox 1503 405 1711 458; x_wconf 91' lang='lat' dir='ltr'>deditus,</span> <span class='ocrx_word' id='word_1_22' title='bbox 1739 406 1869 467; x_wconf 91' lang='lat' dir='ltr'>quod</span> <span class='ocrx_word' id='word_1_23' title='bbox 1903 422 2180 469; x_wconf 83' lang='lat' dir='ltr'>cognoscere</span> <span class='ocrx_word' id='word_1_24' title='bbox 2203 419 2270 456; x_wconf 89' lang='lat' dir='ltr'>est</span> <span class='ocrx_word' id='word_1_25' title='bbox 2294 425 2350 456; x_wconf 87' lang='lat' dir='ltr'>ex</span> <span class='ocrx_word' id='word_1_26' title='bbox 2383 411 2548 458; x_wconf 89' lang='lat' dir='ltr'>iisdem</span> <span class='ocrx_word' id='word_1_27' title='bbox 2582 428 2683 460; x_wconf 89' lang='lat' dir='ltr'>car-</span> 
     </span>
     <span class='ocr_line' id='line_1_4' title="bbox 430 482 2684 553; baseline 0.004 -25"><span class='ocrx_word' id='word_1_28' title='bbox 430 482 658 537; x_wconf 87' lang='lat' dir='ltr'>minibus,</span> <span class='ocrx_word' id='word_1_29' title='bbox 682 499 806 545; x_wconf 91' lang='lat' dir='ltr'>quae</span> <span class='ocrx_word' id='word_1_30' title='bbox 840 499 921 530; x_wconf 89' lang='lat' dir='ltr'>sua</span> <span class='ocrx_word' id='word_1_31' title='bbox 955 499 1142 545; x_wconf 91' lang='lat' dir='ltr'>quoque</span> <span class='ocrx_word' id='word_1_32' title='bbox 1175 491 1320 529; x_wconf 89' lang='lat' dir='ltr'>aetate</span> <span class='ocrx_word' id='word_1_33' title='bbox 1355 484 1536 529; x_wconf 90' lang='lat' dir='ltr'>concini</span> <span class='ocrx_word' id='word_1_34' title='bbox 1569 483 1711 528; x_wconf 82' lang='lat' dir='ltr'>tradit</span> <span class='ocrx_word' id='word_1_35' title='bbox 1735 484 2007 531; x_wconf 90' lang='lat' dir='ltr'>Aristoteles</span> <span class='ocrx_word' id='word_1_36' title='bbox 2040 487 2086 531; x_wconf 95' lang='lat' dir='ltr'>in</span> <span class='ocrx_word' id='word_1_37' title='bbox 2113 487 2513 550; x_wconf 83' lang='lat' dir='ltr'>Colophoniorum</span> <span class='ocrx_word' id='word_1_38' title='bbox 2546 505 2684 553; x_wconf 88' lang='lat' dir='ltr'>repu-</span> 
     </span>
     <span class='ocr_line' id='line_1_5' title="bbox 429 551 2681 627; baseline 0.004 -23"><span class='ocrx_word' id='word_1_39' title='bbox 429 559 568 606; x_wconf 89' lang='lat' dir='ltr'>blica.</span> <span class='ocrx_word' id='word_1_40' title='bbox 606 561 726 606; x_wconf 89' lang='lat' dir='ltr'>Hinc</span> <span class='ocrx_word' id='word_1_41' title='bbox 759 561 879 606; x_wconf 88' lang='lat' dir='ltr'>male</span> <span class='ocrx_word' id='word_1_42' title='bbox 917 561 1036 606; x_wconf 92' lang='lat' dir='ltr'>illud</span> <span class='ocrx_word' id='word_1_43' title='bbox 1074 551 1223 620; x_wconf 68' lang='lat' dir='ltr'>{copae</span> <span class='ocrx_word' id='word_1_44' title='bbox 1261 559 1458 606; x_wconf 84' lang='lat' dir='ltr'>vertitur</span> <span class='ocrx_word' id='word_1_45' title='bbox 1493 575 1518 606; x_wconf 86' lang='lat' dir='ltr'>a</span> <span class='ocrx_word' id='word_1_46' title='bbox 1550 559 1755 621; x_wconf 84' lang='lat' dir='ltr'>Gyraldo</span> <span class='ocrx_word' id='word_1_47' title='bbox 1791 560 1850 606; x_wconf 91' lang='lat' dir='ltr'>de</span> <span class='ocrx_word' id='word_1_48' title='bbox 1883 563 2032 623; x_wconf 75' lang='lat' dir='ltr'>poetis</span> <span class='ocrx_word' id='word_1_49' title='bbox 2066 563 2239 625; x_wconf 84' lang='lat' dir='ltr'>dialog.</span> <span class='ocrx_word' id='word_1_50' title='bbox 2275 565 2351 610; x_wconf 90' lang='lat' dir='ltr'>IV.</span> <span class='ocrx_word' id='word_1_51' title='bbox 2392 565 2504 627; x_wconf 90' lang='lat' dir='ltr'>(op.</span> <span class='ocrx_word' id='word_1_52' title='bbox 2539 568 2589 612; x_wconf 92' lang='lat' dir='ltr'>T.</span> <span class='ocrx_word' id='word_1_53' title='bbox 2624 568 2681 612; x_wconf 92' lang='lat'>11.</span> 
     </span>
     <span class='ocr_line' id='line_1_6' title="bbox 432 635 2682 700; baseline 0.002 -17"><span class='ocrx_word' id='word_1_54' title='bbox 432 653 478 699; x_wconf 89' lang='lat' dir='ltr'>p.</span> <span class='ocrx_word' id='word_1_55' title='bbox 508 640 620 684; x_wconf 72' lang='lat'>227.</span> <span class='ocrx_word' id='word_1_56' title='bbox 641 638 655 700; x_wconf 90' lang='lat'><em>)</em></span> <span class='ocrx_word' id='word_1_57' title='bbox 684 638 734 682; x_wconf 93' lang='lat' dir='ltr'>in</span> <span class='ocrx_word' id='word_1_58' title='bbox 757 649 963 699; x_wconf 83' lang='lat' dir='ltr'>quatuor</span> <span class='ocrx_word' id='word_1_59' title='bbox 987 653 1102 682; x_wconf 89' lang='lat' dir='ltr'>anni</span> <span class='ocrx_word' id='word_1_60' title='bbox 1100 635 1364 699; x_wconf 76' lang='lat' dir='ltr'>partibuS.</span> <span class='ocrx_word' id='word_1_61' title='bbox 1391 637 1448 682; x_wconf 89' lang='lat' dir='ltr'>Et</span> <span class='ocrx_word' id='word_1_62' title='bbox 1473 635 1530 682; x_wconf 86' lang='lat' dir='ltr'>ab</span> <span class='ocrx_word' id='word_1_63' title='bbox 1555 637 1670 683; x_wconf 90' lang='lat' dir='ltr'>alio:</span> <span class='ocrx_word' id='word_1_64' title='bbox 1700 649 1804 683; x_wconf 88' lang='lat' dir='ltr'>erat</span> <span class='ocrx_word' id='word_1_65' title='bbox 1828 650 1872 683; x_wconf 89' lang='lat' dir='ltr'>et</span> <span class='ocrx_word' id='word_1_66' title='bbox 1898 639 2038 684; x_wconf 81' lang='lat' dir='ltr'>aliud</span> <span class='ocrx_word' id='word_1_67' title='bbox 2063 656 2256 686; x_wconf 87' lang='lat' dir='ltr'>carmen</span> <span class='ocrx_word' id='word_1_68' title='bbox 2279 641 2426 687; x_wconf 85' lang='lat' dir='ltr'>Horis</span> <span class='ocrx_word' id='word_1_69' title='bbox 2449 642 2682 689; x_wconf 86' lang='lat' dir='ltr'>dicatum.</span> 
     </span>
     <span class='ocr_line' id='line_1_7' title="bbox 431 705 2688 781; baseline 0.002 -21"><span class='ocrx_word' id='word_1_70' title='bbox 431 713 552 770; x_wconf 88' lang='lat' dir='ltr'>Quid</span> <span class='ocrx_word' id='word_1_71' title='bbox 588 731 699 761; x_wconf 92' lang='lat' dir='ltr'>vero</span> <span class='ocrx_word' id='word_1_72' title='bbox 736 705 886 778; x_wconf 76' lang='grc' dir='ltr'><em>ἑῶραι</em></span> <span class='ocrx_word' id='word_1_73' title='bbox 923 716 1035 760; x_wconf 90' lang='lat' dir='ltr'>istae</span> <span class='ocrx_word' id='word_1_74' title='bbox 1076 714 1191 764; x_wconf 89' lang='lat' dir='ltr'>sint,</span> <span class='ocrx_word' id='word_1_75' title='bbox 1227 712 1431 759; x_wconf 85' lang='lat' dir='ltr'>declarat</span> <span class='ocrx_word' id='word_1_76' title='bbox 1462 714 1583 759; x_wconf 88' lang='lat' dir='ltr'>inter</span> <span class='ocrx_word' id='word_1_77' title='bbox 1624 714 1738 760; x_wconf 88' lang='lat' dir='ltr'>alios</span> <span class='ocrx_word' id='word_1_78' title='bbox 1778 716 1989 777; x_wconf 84' lang='lat' dir='ltr'>Hyginus</span> <span class='ocrx_word' id='word_1_79' title='bbox 2024 724 2198 763; x_wconf 80' lang='lat' dir='ltr'>astron.</span> <span class='ocrx_word' id='word_1_80' title='bbox 2235 720 2283 764; x_wconf 90' lang='lat' dir='ltr'>in</span> <span class='ocrx_word' id='word_1_81' title='bbox 2325 719 2688 781; x_wconf 79' lang='lat' dir='ltr'>Arctophylace.</span> 
     </span>
     <span class='ocr_line' id='line_1_8' title="bbox 431 787 2691 859; baseline 0.001 -21"><span class='ocrx_word' id='word_1_82' title='bbox 431 792 633 844; x_wconf 84' lang='lat' dir='ltr'>Interim</span> <span class='ocrx_word' id='word_1_83' title='bbox 666 807 773 836; x_wconf 92' lang='lat' dir='ltr'>cum</span> <span class='ocrx_word' id='word_1_84' title='bbox 812 791 860 835; x_wconf 93' lang='lat' dir='ltr'>in</span> <span class='ocrx_word' id='word_1_85' title='bbox 887 789 1078 851; x_wconf 87' lang='lat' dir='ltr'>finibus</span> <span class='ocrx_word' id='word_1_86' title='bbox 1117 787 1475 835; x_wconf 77' lang='lat' dir='ltr'>Atheniensium</span> <span class='ocrx_word' id='word_1_87' title='bbox 1514 792 1695 836; x_wconf 88' lang='lat' dir='ltr'>multae</span> <span class='ocrx_word' id='word_1_88' title='bbox 1737 791 1943 855; x_wconf 73' lang='lat' dir='ltr'>virgines</span> <span class='ocrx_word' id='word_1_89' title='bbox 1983 792 2084 838; x_wconf 89' lang='lat' dir='ltr'>sine</span> <span class='ocrx_word' id='word_1_90' title='bbox 2125 810 2274 841; x_wconf 87' lang='lat' dir='ltr'>causa</span> <span class='ocrx_word' id='word_1_91' title='bbox 2311 795 2563 859; x_wconf 86' lang='lat' dir='ltr'>suspendio</span> <span class='ocrx_word' id='word_1_92' title='bbox 2597 795 2691 843; x_wconf 90' lang='lat' dir='ltr'>sibi</span> 
     </span>
     <span class='ocr_line' id='line_1_9' title="bbox 432 865 2689 933; baseline 0.002 -18"><span class='ocrx_word' id='word_1_93' title='bbox 432 881 630 915; x_wconf 87' lang='lat' dir='ltr'>mortem</span> <span class='ocrx_word' id='word_1_94' title='bbox 652 868 1006 916; x_wconf 77' lang='lat' dir='ltr'>consciscerent,</span> <span class='ocrx_word' id='word_1_95' title='bbox 1033 866 1161 928; x_wconf 88' lang='lat' dir='ltr'>quod</span> <span class='ocrx_word' id='word_1_96' title='bbox 1180 865 1392 929; x_wconf 81' lang='lat' dir='ltr'>Erigone</span> <span class='ocrx_word' id='word_1_97' title='bbox 1413 867 1617 913; x_wconf 88' lang='lat' dir='ltr'>moriens</span> <span class='ocrx_word' id='word_1_98' title='bbox 1641 880 1746 914; x_wconf 88' lang='lat' dir='ltr'>erat</span> <span class='ocrx_word' id='word_1_99' title='bbox 1765 881 1988 932; x_wconf 87' lang='lat' dir='ltr'>precata,</span> <span class='ocrx_word' id='word_1_100' title='bbox 2017 881 2069 915; x_wconf 89' lang='lat' dir='ltr'>ut</span> <span class='ocrx_word' id='word_1_101' title='bbox 2091 871 2250 917; x_wconf 91' lang='lat' dir='ltr'>eodem</span> <span class='ocrx_word' id='word_1_102' title='bbox 2275 873 2365 918; x_wconf 83' lang='lat' dir='ltr'>leto</span> <span class='ocrx_word' id='word_1_103' title='bbox 2383 872 2523 933; x_wconf 77' lang='lat' dir='ltr'>filiae</span> <span class='ocrx_word' id='word_1_104' title='bbox 2545 871 2689 919; x_wconf 87' lang='lat' dir='ltr'>Athe-</span> 
     </span>
     <span class='ocr_line' id='line_1_10' title="bbox 432 942 2691 1012; baseline 0.002 -21"><span class='ocrx_word' id='word_1_105' title='bbox 432 946 667 1007; x_wconf 81' lang='lat' dir='ltr'>niensium</span> <span class='ocrx_word' id='word_1_106' title='bbox 692 945 1009 1004; x_wconf 87' lang='lat' dir='ltr'>afficerentur‚</span> <span class='ocrx_word' id='word_1_107' title='bbox 1043 959 1134 1005; x_wconf 84' lang='lat' dir='ltr'>quo</span> <span class='ocrx_word' id='word_1_108' title='bbox 1161 942 1264 1006; x_wconf 89' lang='lat' dir='ltr'>ipsa</span> <span class='ocrx_word' id='word_1_109' title='bbox 1292 943 1423 1004; x_wconf 89' lang='lat' dir='ltr'>foret</span> <span class='ocrx_word' id='word_1_110' title='bbox 1452 943 1667 995; x_wconf 87' lang='lat' dir='ltr'>obitura,</span> <span class='ocrx_word' id='word_1_111' title='bbox 1697 945 1794 991; x_wconf 85' lang='lat' dir='ltr'>nisi</span> <span class='ocrx_word' id='word_1_112' title='bbox 1816 945 1971 991; x_wconf 86' lang='lat' dir='ltr'>Icarii</span> <span class='ocrx_word' id='word_1_113' title='bbox 1993 959 2191 994; x_wconf 89' lang='lat' dir='ltr'>mortem</span> <span class='ocrx_word' id='word_1_114' title='bbox 2214 949 2474 1012; x_wconf 81' lang='lat' dir='ltr'>persecuti,</span> <span class='ocrx_word' id='word_1_115' title='bbox 2506 961 2552 995; x_wconf 94' lang='lat' dir='ltr'>et</span> <span class='ocrx_word' id='word_1_116' title='bbox 2581 966 2691 996; x_wconf 86' lang='lat' dir='ltr'>eum</span> 
     </span>
     <span class='ocr_line' id='line_1_11' title="bbox 419 1019 2691 1089; baseline 0.002 -21"><span class='ocrx_word' id='word_1_117' title='bbox 419 1023 589 1084; x_wconf 78' lang='lat' dir='ltr'>forent</span> <span class='ocrx_word' id='word_1_118' title='bbox 617 1021 723 1068; x_wconf 91' lang='lat' dir='ltr'>ulti.</span> <span class='ocrx_word' id='word_1_119' title='bbox 761 1022 933 1082; x_wconf 83' lang='lat' dir='ltr'>Itaque</span> <span class='ocrx_word' id='word_1_120' title='bbox 962 1036 1068 1065; x_wconf 90' lang='lat' dir='ltr'>cum</span> <span class='ocrx_word' id='word_1_121' title='bbox 1101 1019 1154 1064; x_wconf 92' lang='lat' dir='ltr'>id</span> <span class='ocrx_word' id='word_1_122' title='bbox 1181 1020 1425 1071; x_wconf 76' lang='lat' dir='ltr'>evenisset,</span> <span class='ocrx_word' id='word_1_123' title='bbox 1451 1021 1718 1084; x_wconf 88' lang='lat' dir='ltr'>petentibus</span> <span class='ocrx_word' id='word_1_124' title='bbox 1744 1021 1811 1068; x_wconf 90' lang='lat' dir='ltr'>eis</span> <span class='ocrx_word' id='word_1_125' title='bbox 1835 1023 2003 1086; x_wconf 79' lang='lat' dir='ltr'>Apollo</span> <span class='ocrx_word' id='word_1_126' title='bbox 2034 1023 2165 1069; x_wconf 87' lang='lat' dir='ltr'>dedit</span> <span class='ocrx_word' id='word_1_127' title='bbox 2199 1041 2495 1089; x_wconf 88' lang='lat' dir='ltr'>responsum,</span> <span class='ocrx_word' id='word_1_128' title='bbox 2529 1026 2574 1072; x_wconf 86' lang='lat' dir='ltr'>si</span> <span class='ocrx_word' id='word_1_129' title='bbox 2599 1027 2691 1074; x_wconf 68' lang='lat' dir='ltr'>vel-</span> 
     </span>
     <span class='ocr_line' id='line_1_12' title="bbox 433 1096 2692 1168; baseline 0.001 -23"><span class='ocrx_word' id='word_1_130' title='bbox 433 1101 527 1145; x_wconf 88' lang='lat' dir='ltr'>lent</span> <span class='ocrx_word' id='word_1_131' title='bbox 562 1110 725 1146; x_wconf 67' lang='lat' dir='ltr'>eventu</span> <span class='ocrx_word' id='word_1_132' title='bbox 751 1096 971 1146; x_wconf 86' lang='lat' dir='ltr'>liberari,</span> <span class='ocrx_word' id='word_1_133' title='bbox 999 1096 1334 1158; x_wconf 79' lang='lat' dir='ltr'>satisfacerent</span> <span class='ocrx_word' id='word_1_134' title='bbox 1367 1097 1629 1161; x_wconf 79' lang='lat' dir='ltr'>Erigonae.</span> <span class='ocrx_word' id='word_1_135' title='bbox 1668 1098 1762 1153; x_wconf 79' lang='lat' dir='ltr'>Qui</span> <span class='ocrx_word' id='word_1_136' title='bbox 1785 1099 1913 1162; x_wconf 83' lang='lat' dir='ltr'>quod</span> <span class='ocrx_word' id='word_1_137' title='bbox 1938 1115 1996 1145; x_wconf 90' lang='lat' dir='ltr'>ea</span> <span class='ocrx_word' id='word_1_138' title='bbox 2029 1117 2077 1146; x_wconf 91' lang='lat' dir='ltr'>se</span> <span class='ocrx_word' id='word_1_139' title='bbox 2109 1102 2442 1168; x_wconf 72' lang='lat' dir='ltr'>suspenderat,</span> <span class='ocrx_word' id='word_1_140' title='bbox 2474 1102 2692 1148; x_wconf 88' lang='lat' dir='ltr'>institue-</span> 
     </span>
     <span class='ocr_line' id='line_1_13' title="bbox 433 1173 2692 1242; baseline 0.002 -21"><span class='ocrx_word' id='word_1_141' title='bbox 433 1188 543 1221; x_wconf 90' lang='lat' dir='ltr'>runt</span> <span class='ocrx_word' id='word_1_142' title='bbox 568 1175 642 1221; x_wconf 83' lang='lat' dir='ltr'>uti</span> <span class='ocrx_word' id='word_1_143' title='bbox 666 1174 835 1220; x_wconf 88' lang='lat' dir='ltr'>tabula</span> <span class='ocrx_word' id='word_1_144' title='bbox 861 1173 1142 1236; x_wconf 89' lang='lat' dir='ltr'>interposita</span> <span class='ocrx_word' id='word_1_145' title='bbox 1158 1173 1393 1237; x_wconf 78' lang='lat' dir='ltr'>pendente</span> <span class='ocrx_word' id='word_1_146' title='bbox 1413 1174 1621 1234; x_wconf 88' lang='lat' dir='ltr'>funibus</span> <span class='ocrx_word' id='word_1_147' title='bbox 1646 1192 1693 1221; x_wconf 90' lang='lat' dir='ltr'>se</span> <span class='ocrx_word' id='word_1_148' title='bbox 1719 1176 1982 1228; x_wconf 87' lang='lat' dir='ltr'>iactarent,</span> <span class='ocrx_word' id='word_1_149' title='bbox 2012 1189 2065 1223; x_wconf 95' lang='grc' dir='ltr'>ιιι</span> <span class='ocrx_word' id='word_1_150' title='bbox 2088 1178 2172 1241; x_wconf 87' lang='lat' dir='ltr'>qui</span> <span class='ocrx_word' id='word_1_151' title='bbox 2188 1179 2397 1242; x_wconf 88' lang='lat' dir='ltr'>pendens</span> <span class='ocrx_word' id='word_1_152' title='bbox 2421 1191 2555 1226; x_wconf 64' lang='lat' dir='ltr'>vento</span> <span class='ocrx_word' id='word_1_153' title='bbox 2590 1196 2692 1225; x_wconf 90' lang='lat' dir='ltr'>mo-</span> 
     </span>
     <span class='ocr_line' id='line_1_14' title="bbox 434 1247 2686 1318; baseline 0.001 -20"><span class='ocrx_word' id='word_1_154' title='bbox 434 1264 587 1302; x_wconf 66' lang='lat' dir='ltr'>vetur,</span> <span class='ocrx_word' id='word_1_155' title='bbox 619 1250 746 1312; x_wconf 80' lang='lat' dir='ltr'>quod</span> <span class='ocrx_word' id='word_1_156' title='bbox 765 1247 1060 1309; x_wconf 79' lang='lat' dir='ltr'>sacrificium</span> <span class='ocrx_word' id='word_1_157' title='bbox 1083 1250 1303 1296; x_wconf 88' lang='lat' dir='ltr'>sollemne</span> <span class='ocrx_word' id='word_1_158' title='bbox 1331 1249 1654 1297; x_wconf 85' lang='lat' dir='ltr'>instituerunt.</span> <span class='ocrx_word' id='word_1_159' title='bbox 1683 1254 1856 1315; x_wconf 83' lang='lat' dir='ltr'>Itaque</span> <span class='ocrx_word' id='word_1_160' title='bbox 1878 1264 1923 1298; x_wconf 87' lang='lat' dir='ltr'>et</span> <span class='ocrx_word' id='word_1_161' title='bbox 1936 1253 2170 1316; x_wconf 73' lang='lat' dir='ltr'>privatim</span> <span class='ocrx_word' id='word_1_162' title='bbox 2196 1266 2242 1299; x_wconf 84' lang='lat' dir='ltr'>et</span> <span class='ocrx_word' id='word_1_163' title='bbox 2261 1254 2448 1318; x_wconf 90' lang='lat' dir='ltr'>publice</span> <span class='ocrx_word' id='word_1_164' title='bbox 2461 1255 2686 1317; x_wconf 85' lang='lat' dir='ltr'>faciunt,</span> 
     </span>
     <span class='ocr_line' id='line_1_15' title="bbox 369 1326 2692 1396; baseline 0.002 -23"><span class='ocrx_word' id='word_1_165' title='bbox 369 1381 371 1384; x_wconf 9' lang='grc' dir='ltr'><em>γ</em></span> <span class='ocrx_word' id='word_1_166' title='bbox 421 1334 477 1374; x_wconf 76' lang='grc' dir='ltr'>ἐι</span> <span class='ocrx_word' id='word_1_167' title='bbox 508 1328 560 1373; x_wconf 78' lang='lat' dir='ltr'>id</span> <span class='ocrx_word' id='word_1_168' title='bbox 589 1327 804 1373; x_wconf 88' lang='lat' dir='ltr'>Aletidas</span> <span class='ocrx_word' id='word_1_169' title='bbox 834 1328 1102 1391; x_wconf 86' lang='lat' dir='ltr'>appellant,</span> <span class='ocrx_word' id='word_1_170' title='bbox 1131 1326 1259 1388; x_wconf 81' lang='lat' dir='ltr'>quod</span> <span class='ocrx_word' id='word_1_171' title='bbox 1288 1342 1396 1372; x_wconf 91' lang='lat' dir='ltr'>eam</span> <span class='ocrx_word' id='word_1_172' title='bbox 1420 1338 1611 1390; x_wconf 89' lang='lat' dir='ltr'>patrem</span> <span class='ocrx_word' id='word_1_173' title='bbox 1635 1341 1989 1389; x_wconf 85' lang='lat' dir='ltr'>persequentem</span> <span class='ocrx_word' id='word_1_174' title='bbox 2020 1348 2129 1377; x_wconf 87' lang='lat' dir='ltr'>cum</span> <span class='ocrx_word' id='word_1_175' title='bbox 2152 1347 2291 1382; x_wconf 90' lang='lat' dir='ltr'>cane,</span> <span class='ocrx_word' id='word_1_176' title='bbox 2322 1343 2374 1377; x_wconf 89' lang='lat' dir='ltr'>ut</span> <span class='ocrx_word' id='word_1_177' title='bbox 2401 1344 2618 1396; x_wconf 85' lang='lat' dir='ltr'>ignotam</span> <span class='ocrx_word' id='word_1_178' title='bbox 2646 1345 2692 1379; x_wconf 89' lang='lat' dir='ltr'>et</span> 
     </span>
     <span class='ocr_line' id='line_1_16' title="bbox 434 1396 2689 1471; baseline 0 -20"><span class='ocrx_word' id='word_1_179' title='bbox 434 1405 706 1452; x_wconf 80' lang='lat' dir='ltr'>solitariam</span> <span class='ocrx_word' id='word_1_180' title='bbox 734 1404 1004 1467; x_wconf 87' lang='lat' dir='ltr'>oportebat,</span> <span class='ocrx_word' id='word_1_181' title='bbox 1034 1404 1304 1449; x_wconf 88' lang='lat' dir='ltr'>mendicam</span> <span class='ocrx_word' id='word_1_182' title='bbox 1331 1403 1663 1467; x_wconf 83' lang='lat' dir='ltr'>appellabant,</span> <span class='ocrx_word' id='word_1_183' title='bbox 1693 1420 1813 1466; x_wconf 83' lang='lat' dir='ltr'>quas</span> <span class='ocrx_word' id='word_1_184' title='bbox 1839 1405 2010 1450; x_wconf 88' lang='lat' dir='ltr'>Graeci</span> <span class='ocrx_word' id='word_1_185' title='bbox 2043 1396 2297 1460; x_wconf 66' lang='grc' dir='ltr'><em>ἅλνῖτιδας</em></span> <span class='ocrx_word' id='word_1_186' title='bbox 2329 1408 2580 1455; x_wconf 78' lang='lat' dir='ltr'>nominant</span> <span class='ocrx_word' id='word_1_187' title='bbox 2606 1408 2689 1471; x_wconf 84' lang='lat'>(1)</span> 
     </span>
     <span class='ocr_line' id='line_1_17' title="bbox 432 1469 2695 1544; baseline 0.001 -15"><span class='ocrx_word' id='word_1_188' title='bbox 432 1483 546 1529; x_wconf 88' lang='lat' dir='ltr'>Vide</span> <span class='ocrx_word' id='word_1_189' title='bbox 571 1483 766 1528; x_wconf 90' lang='lat' dir='ltr'>Paulum</span> <span class='ocrx_word' id='word_1_190' title='bbox 790 1481 1086 1543; x_wconf 90' lang='lat' dir='ltr'>Leopardum</span> <span class='ocrx_word' id='word_1_191' title='bbox 1114 1469 1347 1527; x_wconf 87' lang='lat' dir='ltr'>emendat.</span> <span class='ocrx_word' id='word_1_192' title='bbox 1377 1480 1460 1527; x_wconf 91' lang='lat' dir='ltr'>lib</span> <span class='ocrx_word' id='word_1_193' title='bbox 1482 1482 1558 1527; x_wconf 90' lang='lat' dir='ltr'>V1.</span> <span class='ocrx_word' id='word_1_194' title='bbox 1589 1497 1691 1543; x_wconf 86' lang='lat' dir='ltr'>cap.</span> <span class='ocrx_word' id='word_1_195' title='bbox 1726 1483 1800 1527; x_wconf 68' lang='lat'>14.</span> <span class='ocrx_word' id='word_1_196' title='bbox 1829 1483 1970 1528; x_wconf 83' lang='lat' dir='ltr'>Erant</span> <span class='ocrx_word' id='word_1_197' title='bbox 1995 1484 2311 1544; x_wconf 73' lang='lat' dir='ltr'>ergQAeorae</span> <span class='ocrx_word' id='word_1_198' title='bbox 2346 1485 2546 1530; x_wconf 84' lang='lat' dir='ltr'>festum</span> <span class='ocrx_word' id='word_1_199' title='bbox 2536 1502 2582 1531; x_wconf 88' lang='lat' dir='ltr'>m</span> <span class='ocrx_word' id='word_1_200' title='bbox 2607 1485 2695 1532; x_wconf 90' lang='lat' dir='ltr'>ho-</span> 
     </span>
     <span class='ocr_line' id='line_1_18' title="bbox 434 1546 2696 1619; baseline 0.001 -13"><span class='ocrx_word' id='word_1_201' title='bbox 434 1572 601 1606; x_wconf 85' lang='lat' dir='ltr'>norem</span> <span class='ocrx_word' id='word_1_202' title='bbox 633 1559 735 1604; x_wconf 88' lang='lat' dir='ltr'>Alei</span> <span class='ocrx_word' id='word_1_203' title='bbox 770 1558 1081 1612; x_wconf 90' lang='lat' dir='ltr'>celebratum,</span> <span class='ocrx_word' id='word_1_204' title='bbox 1109 1558 1210 1610; x_wconf 86' lang='lat' dir='ltr'>vel,</span> <span class='ocrx_word' id='word_1_205' title='bbox 1239 1566 1291 1604; x_wconf 86' lang='lat' dir='ltr'>ut</span> <span class='ocrx_word' id='word_1_206' title='bbox 1324 1558 1425 1611; x_wconf 92' lang='lat' dir='ltr'>alii,</span> <span class='ocrx_word' id='word_1_207' title='bbox 1456 1558 1680 1619; x_wconf 84' lang='lat' dir='ltr'>Erigones</span> <span class='ocrx_word' id='word_1_208' title='bbox 1716 1546 1980 1610; x_wconf 49' lang='lat' dir='ltr'>&amp;hnc-1304.</span> <span class='ocrx_word' id='word_1_209' title='bbox 2016 1561 2070 1605; x_wconf 88' lang='lat' dir='ltr'>ln</span> <span class='ocrx_word' id='word_1_210' title='bbox 2096 1574 2153 1606; x_wconf 92' lang='lat' dir='ltr'>eo</span> <span class='ocrx_word' id='word_1_211' title='bbox 2179 1560 2297 1606; x_wconf 88' lang='lat' dir='ltr'>festo</span> <span class='ocrx_word' id='word_1_212' title='bbox 2323 1560 2482 1609; x_wconf 84' lang='lat' dir='ltr'>tabula</span> <span class='ocrx_word' id='word_1_213' title='bbox 2506 1560 2696 1608; x_wconf 87' lang='lat' dir='ltr'>funibus</span> 
     </span>
     <span class='ocr_line' id='line_1_19' title="bbox 435 1634 2696 1707; baseline 0.001 -24"><span class='ocrx_word' id='word_1_214' title='bbox 435 1637 667 1700; x_wconf 87' lang='lat' dir='ltr'>pendente</span> <span class='ocrx_word' id='word_1_215' title='bbox 703 1651 751 1681; x_wconf 86' lang='lat' dir='ltr'>se</span> <span class='ocrx_word' id='word_1_216' title='bbox 789 1635 1107 1682; x_wconf 87' lang='lat' dir='ltr'>dimovebant.</span> <span class='ocrx_word' id='word_1_217' title='bbox 1145 1635 1238 1681; x_wconf 89' lang='lat' dir='ltr'>Alii</span> <span class='ocrx_word' id='word_1_218' title='bbox 1277 1650 1466 1697; x_wconf 90' lang='lat' dir='ltr'>quoque</span> <span class='ocrx_word' id='word_1_219' title='bbox 1500 1643 1665 1697; x_wconf 86' lang='lat' dir='ltr'>putant</span> <span class='ocrx_word' id='word_1_220' title='bbox 1702 1634 1841 1682; x_wconf 89' lang='lat' dir='ltr'>fuisse</span> <span class='ocrx_word' id='word_1_221' title='bbox 1877 1636 2044 1683; x_wconf 88' lang='lat' dir='ltr'>festum</span> <span class='ocrx_word' id='word_1_222' title='bbox 2082 1636 2298 1691; x_wconf 90' lang='lat' dir='ltr'>Athenis,</span> <span class='ocrx_word' id='word_1_223' title='bbox 2335 1638 2465 1707; x_wconf 91' lang='lat' dir='ltr'>quod</span> <span class='ocrx_word' id='word_1_224' title='bbox 2501 1654 2526 1685; x_wconf 90' lang='lat' dir='ltr'>a</span> <span class='ocrx_word' id='word_1_225' title='bbox 2560 1639 2696 1706; x_wconf 81' lang='lat' dir='ltr'>lautis</span> 
     </span>
     <span class='ocr_line' id='line_1_20' title="bbox 435 1699 2696 1778; baseline 0.001 -18"><span class='ocrx_word' id='word_1_226' title='bbox 435 1715 586 1778; x_wconf 90' lang='lat' dir='ltr'>caenis</span> <span class='ocrx_word' id='word_1_227' title='bbox 620 1712 851 1759; x_wconf 88' lang='lat' dir='ltr'>vocabant</span> <span class='ocrx_word' id='word_1_228' title='bbox 885 1711 987 1756; x_wconf 79' lang='grc' dir='ltr'>καλ</span> <span class='ocrx_word' id='word_1_229' title='bbox 992 1699 1275 1764; x_wconf 71' lang='grc' dir='ltr'>λίδειπνον,</span> <span class='ocrx_word' id='word_1_230' title='bbox 1310 1711 1369 1757; x_wconf 92' lang='lat' dir='ltr'>ad</span> <span class='ocrx_word' id='word_1_231' title='bbox 1395 1727 1511 1773; x_wconf 89' lang='lat' dir='ltr'>quas</span> <span class='ocrx_word' id='word_1_232' title='bbox 1544 1713 1681 1758; x_wconf 87' lang='lat' dir='ltr'>etiam</span> <span class='ocrx_word' id='word_1_233' title='bbox 1711 1714 1963 1775; x_wconf 86' lang='lat' dir='ltr'>respexisse</span> <span class='ocrx_word' id='word_1_234' title='bbox 1990 1713 2288 1763; x_wconf 89' lang='lat' dir='ltr'>Theodorum</span> <span class='ocrx_word' id='word_1_235' title='bbox 2320 1716 2585 1771; x_wconf 78' lang='lat' dir='ltr'>lamonem,</span> <span class='ocrx_word' id='word_1_236' title='bbox 2616 1731 2696 1763; x_wconf 92' lang='lat' dir='ltr'>co-</span> 
     </span>
     <span class='ocr_line' id='line_1_21' title="bbox 435 1775 2282 1853; baseline 0 -15"><span class='ocrx_word' id='word_1_237' title='bbox 435 1775 706 1845; x_wconf 75' lang='lat' dir='ltr'>medonem,</span> <span class='ocrx_word' id='word_1_238' title='bbox 736 1791 1142 1853; x_wconf 88' lang='lat' dir='ltr'>popinonemque,</span> <span class='ocrx_word' id='word_1_239' title='bbox 1173 1790 1467 1851; x_wconf 85' lang='lat' dir='ltr'>carminaque</span> <span class='ocrx_word' id='word_1_240' title='bbox 1498 1790 1834 1852; x_wconf 88' lang='lat' dir='ltr'>composuisse,</span> <span class='ocrx_word' id='word_1_241' title='bbox 1863 1792 2044 1837; x_wconf 89' lang='lat' dir='ltr'>mirum</span> <span class='ocrx_word' id='word_1_242' title='bbox 2069 1807 2165 1838; x_wconf 91' lang='lat' dir='ltr'>non</span> <span class='ocrx_word' id='word_1_243' title='bbox 2198 1801 2282 1838; x_wconf 90' lang='lat' dir='ltr'>est.</span> 
     </span>
    </p>

    <p class='ocr_par' dir='ltr' id='par_1_3' title="bbox 426 1865 2731 3778">
     <span class='ocr_line' id='line_1_22' title="bbox 565 1865 2690 1932; baseline 0 -18"><span class='ocrx_word' id='word_1_244' title='bbox 565 1868 731 1914; x_wconf 80' lang='lat' dir='ltr'>Scribit</span> <span class='ocrx_word' id='word_1_245' title='bbox 763 1876 1001 1929; x_wconf 78' lang='lat' dir='ltr'>praeterea</span> <span class='ocrx_word' id='word_1_246' title='bbox 1033 1866 1288 1928; x_wconf 85' lang='lat' dir='ltr'>Gyraldus:</span> <span class='ocrx_word' id='word_1_247' title='bbox 1318 1865 1527 1911; x_wconf 88' lang='lat' dir='ltr'>eiusdem</span> <span class='ocrx_word' id='word_1_248' title='bbox 1555 1873 1726 1929; x_wconf 78' lang='lat' dir='ltr'>poetae</span> <span class='ocrx_word' id='word_1_249' title='bbox 1759 1878 1804 1912; x_wconf 88' lang='lat' dir='ltr'>et</span> <span class='ocrx_word' id='word_1_250' title='bbox 1838 1869 1874 1913; x_wconf 92' lang='lat' dir='ltr'>T</span> <span class='ocrx_word' id='word_1_251' title='bbox 1872 1866 2120 1919; x_wconf 80' lang='lat' dir='ltr'>rochilias,</span> <span class='ocrx_word' id='word_1_252' title='bbox 2143 1868 2382 1932; x_wconf 84' lang='lat' dir='ltr'>poematis</span> <span class='ocrx_word' id='word_1_253' title='bbox 2418 1868 2471 1914; x_wconf 88' lang='lat' dir='ltr'>id</span> <span class='ocrx_word' id='word_1_254' title='bbox 2500 1886 2690 1920; x_wconf 88' lang='lat' dir='ltr'>nomen,</span> 
     </span>
     <span class='ocr_line' id='line_1_23' title="bbox 434 1943 2697 2004; baseline 0.001 -13"><span class='ocrx_word' id='word_1_255' title='bbox 434 1946 641 1992; x_wconf 89' lang='lat' dir='ltr'>celebrat</span> <span class='ocrx_word' id='word_1_256' title='bbox 672 1943 977 1991; x_wconf 77' lang='lat' dir='ltr'>Plutarchus.</span> <span class='ocrx_word' id='word_1_257' title='bbox 1016 1945 1108 1989; x_wconf 83' lang='lat' dir='ltr'>Etsi</span> <span class='ocrx_word' id='word_1_258' title='bbox 1133 1943 1409 1990; x_wconf 88' lang='lat' dir='ltr'>Plutarchus</span> <span class='ocrx_word' id='word_1_259' title='bbox 1436 1945 1647 1990; x_wconf 91' lang='lat' dir='ltr'>nominet</span> <span class='ocrx_word' id='word_1_260' title='bbox 1677 1944 1909 1990; x_wconf 90' lang='lat' dir='ltr'>Theodori</span> <span class='ocrx_word' id='word_1_261' title='bbox 1940 1945 2214 1999; x_wconf 89' lang='lat' dir='ltr'>Trochilias,</span> <span class='ocrx_word' id='word_1_262' title='bbox 2246 1961 2321 1992; x_wconf 89' lang='lat' dir='ltr'>eas</span> <span class='ocrx_word' id='word_1_263' title='bbox 2356 1953 2508 1992; x_wconf 86' lang='lat' dir='ltr'>tamen</span> <span class='ocrx_word' id='word_1_264' title='bbox 2533 1946 2591 2004; x_wconf 85' lang='lat' dir='ltr'>ad</span> <span class='ocrx_word' id='word_1_265' title='bbox 2616 1962 2697 1993; x_wconf 92' lang='lat' dir='ltr'>co-</span> 
     </span>
     <span class='ocr_line' id='line_1_24' title="bbox 437 2013 2697 2085; baseline 0 -16"><span class='ocrx_word' id='word_1_266' title='bbox 437 2023 716 2085; x_wconf 91' lang='lat' dir='ltr'>lophonium</span> <span class='ocrx_word' id='word_1_267' title='bbox 750 2037 844 2067; x_wconf 91' lang='lat' dir='ltr'>non</span> <span class='ocrx_word' id='word_1_268' title='bbox 879 2021 1046 2067; x_wconf 87' lang='lat' dir='ltr'>refert:</span> <span class='ocrx_word' id='word_1_269' title='bbox 1083 2036 1226 2082; x_wconf 92' lang='lat' dir='ltr'>quare</span> <span class='ocrx_word' id='word_1_270' title='bbox 1256 2021 1525 2083; x_wconf 89' lang='lat' dir='ltr'>colophonii</span> <span class='ocrx_word' id='word_1_271' title='bbox 1560 2025 1728 2083; x_wconf 76' lang='lat' dir='ltr'>poema</span> <span class='ocrx_word' id='word_1_272' title='bbox 1762 2021 1881 2067; x_wconf 91' lang='lat' dir='ltr'>illud</span> <span class='ocrx_word' id='word_1_273' title='bbox 1916 2022 2081 2075; x_wconf 85' lang='lat' dir='ltr'>fuisse,</span> <span class='ocrx_word' id='word_1_274' title='bbox 2111 2038 2239 2069; x_wconf 89' lang='lat' dir='ltr'>mera</span> <span class='ocrx_word' id='word_1_275' title='bbox 2272 2013 2461 2084; x_wconf 85' lang='lat' dir='ltr'>Gyraldi</span> <span class='ocrx_word' id='word_1_276' title='bbox 2495 2024 2697 2085; x_wconf 89' lang='lat' dir='ltr'>suspicio</span> 
     </span>
     <span class='ocr_line' id='line_1_25' title="bbox 438 2097 2699 2163; baseline 0 -17"><span class='ocrx_word' id='word_1_277' title='bbox 438 2109 529 2154; x_wconf 86' lang='lat' dir='ltr'>est,</span> <span class='ocrx_word' id='word_1_278' title='bbox 557 2100 691 2146; x_wconf 91' lang='lat' dir='ltr'>nullo</span> <span class='ocrx_word' id='word_1_279' title='bbox 717 2107 847 2152; x_wconf 46' lang='lat' dir='ltr'>certo,</span> <span class='ocrx_word' id='word_1_280' title='bbox 873 2097 1061 2144; x_wconf 83' lang='lat' dir='ltr'>suffulta</span> <span class='ocrx_word' id='word_1_281' title='bbox 1094 2098 1417 2144; x_wconf 85' lang='lat' dir='ltr'>fundamentO.</span> <span class='ocrx_word' id='word_1_282' title='bbox 1454 2099 1602 2144; x_wconf 91' lang='lat' dir='ltr'>Fuere</span> <span class='ocrx_word' id='word_1_283' title='bbox 1632 2099 1757 2144; x_wconf 88' lang='lat' dir='ltr'>enim</span> <span class='ocrx_word' id='word_1_284' title='bbox 1783 2107 1967 2160; x_wconf 88' lang='lat' dir='ltr'>praeter</span> <span class='ocrx_word' id='word_1_285' title='bbox 1989 2099 2115 2146; x_wconf 91' lang='lat' dir='ltr'>hunc</span> <span class='ocrx_word' id='word_1_286' title='bbox 2138 2097 2437 2146; x_wconf 88' lang='lat' dir='ltr'>Theodorum</span> <span class='ocrx_word' id='word_1_287' title='bbox 2470 2100 2699 2163; x_wconf 89' lang='lat' dir='ltr'>colopho-</span> 
     </span>
     <span class='ocr_line' id='line_1_26' title="bbox 438 2174 2700 2237; baseline 0 -13"><span class='ocrx_word' id='word_1_288' title='bbox 438 2179 596 2232; x_wconf 90' lang='lat' dir='ltr'>nium,</span> <span class='ocrx_word' id='word_1_289' title='bbox 623 2185 669 2223; x_wconf 89' lang='lat' dir='ltr'>et</span> <span class='ocrx_word' id='word_1_290' title='bbox 701 2176 778 2223; x_wconf 88' lang='lat' dir='ltr'>alii</span> <span class='ocrx_word' id='word_1_291' title='bbox 805 2174 1038 2221; x_wconf 89' lang='lat' dir='ltr'>Theodori</span> <span class='ocrx_word' id='word_1_292' title='bbox 1072 2179 1235 2236; x_wconf 78' lang='lat' dir='ltr'>poetae</span> <span class='ocrx_word' id='word_1_293' title='bbox 1256 2209 1267 2227; x_wconf 87' lang='lat'>‚</span> <span class='ocrx_word' id='word_1_294' title='bbox 1304 2175 1384 2235; x_wconf 92' lang='lat' dir='ltr'>qui</span> <span class='ocrx_word' id='word_1_295' title='bbox 1417 2175 1546 2222; x_wconf 85' lang='lat' dir='ltr'>varia</span> <span class='ocrx_word' id='word_1_296' title='bbox 1580 2176 1922 2237; x_wconf 87' lang='lat' dir='ltr'>conscripsere,</span> <span class='ocrx_word' id='word_1_297' title='bbox 1961 2185 2012 2223; x_wconf 93' lang='lat' dir='ltr'>ut</span> <span class='ocrx_word' id='word_1_298' title='bbox 2045 2192 2102 2222; x_wconf 81' lang='lat' dir='ltr'>ex</span> <span class='ocrx_word' id='word_1_299' title='bbox 2134 2177 2222 2223; x_wconf 87' lang='lat' dir='ltr'>hac</span> <span class='ocrx_word' id='word_1_300' title='bbox 2255 2176 2454 2224; x_wconf 85' lang='lat' dir='ltr'>diatriba</span> <span class='ocrx_word' id='word_1_301' title='bbox 2487 2184 2700 2225; x_wconf 85' lang='lat' dir='ltr'>constare</span> 
     </span>
     <span class='ocr_line' id='line_1_27' title="bbox 439 2251 2699 2317; baseline 0 -17"><span class='ocrx_word' id='word_1_302' title='bbox 439 2255 628 2317; x_wconf 86' lang='lat' dir='ltr'>poterit.</span> <span class='ocrx_word' id='word_1_303' title='bbox 667 2253 791 2299; x_wconf 93' lang='lat' dir='ltr'>Illud</span> <span class='ocrx_word' id='word_1_304' title='bbox 817 2260 970 2298; x_wconf 88' lang='lat' dir='ltr'>autem</span> <span class='ocrx_word' id='word_1_305' title='bbox 994 2251 1124 2314; x_wconf 93' lang='lat' dir='ltr'>quod</span> <span class='ocrx_word' id='word_1_306' title='bbox 1148 2253 1211 2297; x_wconf 90' lang='lat' dir='ltr'>ait</span> <span class='ocrx_word' id='word_1_307' title='bbox 1233 2251 1486 2297; x_wconf 87' lang='lat' dir='ltr'>Trochilias</span> <span class='ocrx_word' id='word_1_308' title='bbox 1509 2267 1606 2298; x_wconf 87' lang='lat' dir='ltr'>esse</span> <span class='ocrx_word' id='word_1_309' title='bbox 1629 2257 1795 2315; x_wconf 78' lang='lat' dir='ltr'>poema</span> <span class='ocrx_word' id='word_1_310' title='bbox 1820 2254 1885 2299; x_wconf 87' lang='lat' dir='ltr'>sic</span> <span class='ocrx_word' id='word_1_311' title='bbox 1908 2253 2107 2307; x_wconf 89' lang='lat' dir='ltr'>dictum,</span> <span class='ocrx_word' id='word_1_312' title='bbox 2137 2269 2194 2299; x_wconf 92' lang='lat' dir='ltr'>ne</span> <span class='ocrx_word' id='word_1_313' title='bbox 2217 2253 2267 2299; x_wconf 93' lang='lat' dir='ltr'>id</span> <span class='ocrx_word' id='word_1_314' title='bbox 2291 2253 2481 2315; x_wconf 90' lang='lat' dir='ltr'>quidem</span> <span class='ocrx_word' id='word_1_315' title='bbox 2510 2270 2565 2301; x_wconf 90' lang='lat' dir='ltr'>ex</span> <span class='ocrx_word' id='word_1_316' title='bbox 2590 2253 2699 2301; x_wconf 93' lang='lat' dir='ltr'>Plu-</span> 
     </span>
     <span class='ocr_line' id='line_1_28' title="bbox 441 2329 2699 2383; baseline 0 -6"><span class='ocrx_word' id='word_1_317' title='bbox 441 2331 587 2377; x_wconf 84' lang='lat' dir='ltr'>tarchi</span> <span class='ocrx_word' id='word_1_318' title='bbox 620 2329 776 2377; x_wconf 80' lang='lat' dir='ltr'>verbis</span> <span class='ocrx_word' id='word_1_319' title='bbox 811 2330 1008 2376; x_wconf 86' lang='lat' dir='ltr'>elicitur.</span> <span class='ocrx_word' id='word_1_320' title='bbox 1045 2331 1161 2375; x_wconf 91' lang='lat' dir='ltr'>Nam</span> <span class='ocrx_word' id='word_1_321' title='bbox 1197 2344 1302 2374; x_wconf 92' lang='lat' dir='ltr'>cum</span> <span class='ocrx_word' id='word_1_322' title='bbox 1332 2329 1605 2375; x_wconf 88' lang='lat' dir='ltr'>Plutarchus</span> <span class='ocrx_word' id='word_1_323' title='bbox 1640 2329 1852 2383; x_wconf 83' lang='lat' dir='ltr'>dixisset,</span> <span class='ocrx_word' id='word_1_324' title='bbox 1879 2330 2026 2376; x_wconf 86' lang='lat' dir='ltr'>multa</span> <span class='ocrx_word' id='word_1_325' title='bbox 2060 2329 2197 2376; x_wconf 90' lang='lat' dir='ltr'>nobis</span> <span class='ocrx_word' id='word_1_326' title='bbox 2226 2345 2322 2376; x_wconf 91' lang='lat' dir='ltr'>non</span> <span class='ocrx_word' id='word_1_327' title='bbox 2356 2331 2455 2377; x_wconf 90' lang='lat' dir='ltr'>sine</span> <span class='ocrx_word' id='word_1_328' title='bbox 2488 2329 2699 2378; x_wconf 88' lang='lat' dir='ltr'>molestia</span> 
     </span>
     <span class='ocr_line' id='line_1_29' title="bbox 442 2405 2700 2469; baseline 0 -15"><span class='ocrx_word' id='word_1_329' title='bbox 442 2407 672 2459; x_wconf 85' lang='lat' dir='ltr'>accidere,</span> <span class='ocrx_word' id='word_1_330' title='bbox 699 2407 736 2453; x_wconf 91' lang='lat' dir='ltr'>si</span> <span class='ocrx_word' id='word_1_331' title='bbox 769 2421 883 2452; x_wconf 84' lang='lat' dir='ltr'>vero</span> <span class='ocrx_word' id='word_1_332' title='bbox 917 2420 969 2451; x_wconf 91' lang='lat' dir='ltr'>ea</span> <span class='ocrx_word' id='word_1_333' title='bbox 1004 2407 1107 2466; x_wconf 91' lang='lat' dir='ltr'>quis</span> <span class='ocrx_word' id='word_1_334' title='bbox 1141 2405 1388 2452; x_wconf 89' lang='lat' dir='ltr'>commode</span> <span class='ocrx_word' id='word_1_335' title='bbox 1422 2406 1650 2459; x_wconf 83' lang='lat' dir='ltr'>imitetur,</span> <span class='ocrx_word' id='word_1_336' title='bbox 1679 2406 2032 2453; x_wconf 86' lang='lat' dir='ltr'>delectationem</span> <span class='ocrx_word' id='word_1_337' title='bbox 2066 2406 2255 2460; x_wconf 84' lang='lat' dir='ltr'>afferre,</span> <span class='ocrx_word' id='word_1_338' title='bbox 2285 2406 2454 2469; x_wconf 80' lang='lat' dir='ltr'>probat</span> <span class='ocrx_word' id='word_1_339' title='bbox 2485 2407 2700 2469; x_wconf 85' lang='lat' dir='ltr'>exemplo</span> 
     </span>
     <span class='ocr_line' id='line_1_30' title="bbox 442 2483 2700 2547; baseline -0 -16"><span class='ocrx_word' id='word_1_340' title='bbox 442 2486 689 2547; x_wconf 71' lang='lat' dir='ltr'>grunnitus</span> <span class='ocrx_word' id='word_1_341' title='bbox 714 2491 873 2537; x_wconf 84' lang='lat' dir='ltr'>suum,</span> <span class='ocrx_word' id='word_1_342' title='bbox 900 2492 947 2529; x_wconf 89' lang='lat' dir='ltr'>et</span> <span class='ocrx_word' id='word_1_343' title='bbox 980 2483 1295 2529; x_wconf 87' lang='lat' dir='ltr'>trochlearum</span> <span class='ocrx_word' id='word_1_344' title='bbox 1321 2483 1559 2537; x_wconf 87' lang='lat' dir='ltr'>stridoris,</span> <span class='ocrx_word' id='word_1_345' title='bbox 1587 2498 1706 2544; x_wconf 87' lang='lat' dir='ltr'>quae</span> <span class='ocrx_word' id='word_1_346' title='bbox 1730 2483 2108 2530; x_wconf 89' lang='lat' dir='ltr'>iniucundissima</span> <span class='ocrx_word' id='word_1_347' title='bbox 2143 2483 2334 2530; x_wconf 86' lang='lat' dir='ltr'>auribus</span> <span class='ocrx_word' id='word_1_348' title='bbox 2367 2491 2500 2537; x_wconf 84' lang='lat' dir='ltr'>sunt;</span> <span class='ocrx_word' id='word_1_349' title='bbox 2527 2483 2700 2531; x_wconf 88' lang='lat' dir='ltr'>nihilo-</span> 
     </span>
     <span class='ocr_line' id='line_1_31' title="bbox 442 2560 2701 2622; baseline 0 -14"><span class='ocrx_word' id='word_1_350' title='bbox 442 2564 596 2608; x_wconf 87' lang='lat' dir='ltr'>minus</span> <span class='ocrx_word' id='word_1_351' title='bbox 620 2564 754 2607; x_wconf 71' lang='lat' dir='ltr'>susim</span> <span class='ocrx_word' id='word_1_352' title='bbox 780 2561 1072 2622; x_wconf 88' lang='lat' dir='ltr'>grunnitum,</span> <span class='ocrx_word' id='word_1_353' title='bbox 1096 2575 1235 2621; x_wconf 91' lang='lat' dir='ltr'>quem</span> <span class='ocrx_word' id='word_1_354' title='bbox 1258 2561 1461 2606; x_wconf 87' lang='lat' dir='ltr'>imitatus</span> <span class='ocrx_word' id='word_1_355' title='bbox 1485 2568 1553 2606; x_wconf 90' lang='lat' dir='ltr'>est</span> <span class='ocrx_word' id='word_1_356' title='bbox 1577 2561 1826 2614; x_wconf 90' lang='lat' dir='ltr'>Parmeno,</span> <span class='ocrx_word' id='word_1_357' title='bbox 1855 2569 1898 2606; x_wconf 91' lang='lat' dir='ltr'>et</span> <span class='ocrx_word' id='word_1_358' title='bbox 1924 2560 2236 2607; x_wconf 85' lang='lat' dir='ltr'>trochlearum</span> <span class='ocrx_word' id='word_1_359' title='bbox 2263 2561 2534 2615; x_wconf 90' lang='lat' dir='ltr'>stridorem,</span> <span class='ocrx_word' id='word_1_360' title='bbox 2561 2576 2701 2622; x_wconf 88' lang='lat' dir='ltr'>quem</span> 
     </span>
     <span class='ocr_line' id='line_1_32' title="bbox 442 2637 2696 2700; baseline 0.001 -16"><span class='ocrx_word' id='word_1_361' title='bbox 442 2639 741 2691; x_wconf 85' lang='lat' dir='ltr'>Theodorus,</span> <span class='ocrx_word' id='word_1_362' title='bbox 767 2638 895 2700; x_wconf 91' lang='lat' dir='ltr'>quod</span> <span class='ocrx_word' id='word_1_363' title='bbox 931 2653 983 2684; x_wconf 88' lang='lat' dir='ltr'>ea</span> <span class='ocrx_word' id='word_1_364' title='bbox 1017 2646 1121 2699; x_wconf 88' lang='lat' dir='ltr'>apta</span> <span class='ocrx_word' id='word_1_365' title='bbox 1155 2646 1201 2684; x_wconf 91' lang='lat' dir='ltr'>et</span> <span class='ocrx_word' id='word_1_366' title='bbox 1234 2638 1484 2684; x_wconf 89' lang='lat' dir='ltr'>commoda</span> <span class='ocrx_word' id='word_1_367' title='bbox 1509 2638 1706 2683; x_wconf 86' lang='lat' dir='ltr'>imitatio</span> <span class='ocrx_word' id='word_1_368' title='bbox 1729 2645 1819 2691; x_wconf 85' lang='lat' dir='ltr'>est,</span> <span class='ocrx_word' id='word_1_369' title='bbox 1846 2653 1942 2684; x_wconf 91' lang='lat' dir='ltr'>non</span> <span class='ocrx_word' id='word_1_370' title='bbox 1975 2638 2073 2684; x_wconf 91' lang='lat' dir='ltr'>sine</span> <span class='ocrx_word' id='word_1_371' title='bbox 2096 2637 2434 2684; x_wconf 87' lang='lat' dir='ltr'>delectamento</span> <span class='ocrx_word' id='word_1_372' title='bbox 2468 2638 2696 2687; x_wconf 86' lang='lat' dir='ltr'>audimus.</span> 
     </span>
     <span class='ocr_line' id='line_1_33' title="bbox 447 2714 2701 2778; baseline -0 -15"><span class='ocrx_word' id='word_1_373' title='bbox 447 2717 580 2764; x_wconf 90' lang='lat' dir='ltr'>Unde</span> <span class='ocrx_word' id='word_1_374' title='bbox 612 2732 724 2778; x_wconf 88' lang='lat' dir='ltr'>ergo</span> <span class='ocrx_word' id='word_1_375' title='bbox 757 2714 911 2762; x_wconf 88' lang='lat' dir='ltr'>habet</span> <span class='ocrx_word' id='word_1_376' title='bbox 921 2715 1150 2776; x_wconf 82' lang='lat' dir='ltr'>Gyraldus</span> <span class='ocrx_word' id='word_1_377' title='bbox 1183 2715 1415 2761; x_wconf 81' lang='lat' dir='ltr'>trochleas</span> <span class='ocrx_word' id='word_1_378' title='bbox 1438 2714 1671 2760; x_wconf 89' lang='lat' dir='ltr'>Theodori</span> <span class='ocrx_word' id='word_1_379' title='bbox 1704 2720 1871 2776; x_wconf 77' lang='lat' dir='ltr'>poema</span> <span class='ocrx_word' id='word_1_380' title='bbox 1907 2714 2046 2761; x_wconf 88' lang='lat' dir='ltr'>fuisse</span> <span class='ocrx_word' id='word_1_381' title='bbox 2070 2716 2133 2761; x_wconf 89' lang='lat' dir='ltr'>ita</span> <span class='ocrx_word' id='word_1_382' title='bbox 2167 2716 2516 2776; x_wconf 75' lang='lat' dir='ltr'>nuncupatum?</span> <span class='ocrx_word' id='word_1_383' title='bbox 2549 2715 2701 2763; x_wconf 87' lang='lat' dir='ltr'>Verba</span> 
     </span>
     <span class='ocr_line' id='line_1_34' title="bbox 426 2778 2699 2855; baseline -0.003 -15"><span class='ocrx_word' id='word_1_384' title='bbox 426 2794 676 2840; x_wconf 71' lang='lat' dir='ltr'>Plutarchi</span> <span class='ocrx_word' id='word_1_385' title='bbox 710 2802 818 2839; x_wconf 86' lang='lat' dir='ltr'>sunt</span> <span class='ocrx_word' id='word_1_386' title='bbox 854 2792 945 2855; x_wconf 91' lang='lat' dir='ltr'>(de</span> <span class='ocrx_word' id='word_1_387' title='bbox 980 2792 1088 2838; x_wconf 90' lang='lat' dir='ltr'>aud.</span> <span class='ocrx_word' id='word_1_388' title='bbox 1125 2797 1250 2854; x_wconf 77' lang='lat' dir='ltr'>poet.</span> <span class='ocrx_word' id='word_1_389' title='bbox 1286 2792 1362 2838; x_wconf 93' lang='lat' dir='ltr'>ed.</span> <span class='ocrx_word' id='word_1_390' title='bbox 1397 2792 1565 2838; x_wconf 87' lang='lat' dir='ltr'>Reiskii</span> <span class='ocrx_word' id='word_1_391' title='bbox 1598 2793 1648 2837; x_wconf 92' lang='lat' dir='ltr'>T.</span> <span class='ocrx_word' id='word_1_392' title='bbox 1677 2793 1754 2837; x_wconf 89' lang='lat' dir='ltr'>Vl.</span> <span class='ocrx_word' id='word_1_393' title='bbox 1790 2807 1839 2854; x_wconf 88' lang='lat' dir='ltr'>p.</span> <span class='ocrx_word' id='word_1_394' title='bbox 1875 2791 1954 2837; x_wconf 82' lang='grc'><strong>63.</strong></span> <span class='ocrx_word' id='word_1_395' title='bbox 1976 2791 1991 2854; x_wconf 90' lang='grc'>)</span> <span class='ocrx_word' id='word_1_396' title='bbox 2017 2778 2223 2854; x_wconf 62' lang='grc' dir='ltr'>’Ὠσπερ</span> <span class='ocrx_word' id='word_1_397' title='bbox 2260 2779 2364 2855; x_wconf 67' lang='grc' dir='ltr'>γὰρ</span> <span class='ocrx_word' id='word_1_398' title='bbox 2403 2779 2513 2844; x_wconf 83' lang='grc' dir='ltr'><em>υἱος</em></span> <span class='ocrx_word' id='word_1_399' title='bbox 2548 2782 2699 2848; x_wconf 73' lang='grc' dir='ltr'><em>βοὴν,</em></span> 
     </span>
     <span class='ocr_line' id='line_1_35' title="bbox 447 2856 2698 2933; baseline 0 -19"><span class='ocrx_word' id='word_1_400' title='bbox 447 2885 529 2914; x_wconf 80' lang='grc' dir='ltr'><em>και</em></span> <span class='ocrx_word' id='word_1_401' title='bbox 571 2859 740 2930; x_wconf 56' lang='grc' dir='ltr'><em>ψόφον</em></span> <span class='ocrx_word' id='word_1_402' title='bbox 776 2864 1085 2933; x_wconf 76' lang='grc' dir='ltr'>τροχιλίας,</span> <span class='ocrx_word' id='word_1_403' title='bbox 1114 2881 1197 2913; x_wconf 82' lang='grc' dir='ltr'><em>και</em></span> <span class='ocrx_word' id='word_1_404' title='bbox 1236 2857 1528 2929; x_wconf 72' lang='grc' dir='ltr'>πνευμάτων</span> <span class='ocrx_word' id='word_1_405' title='bbox 1559 2857 1766 2932; x_wconf 80' lang='grc' dir='ltr'>ῥοιζον,</span> <span class='ocrx_word' id='word_1_406' title='bbox 1795 2881 1877 2911; x_wconf 83' lang='grc' dir='ltr'><em>και</em></span> <span class='ocrx_word' id='word_1_407' title='bbox 1914 2856 2185 2919; x_wconf 71' lang='grc' dir='ltr'>θαλάτὛκς</span> <span class='ocrx_word' id='word_1_408' title='bbox 2212 2856 2396 2913; x_wconf 75' lang='grc' dir='ltr'><em>κτύπον</em></span> <span class='ocrx_word' id='word_1_409' title='bbox 2431 2858 2698 2921; x_wconf 75' lang='grc' dir='ltr'><em>ἀκούοντες</em></span> 
     </span>
     <span class='ocr_line' id='line_1_36' title="bbox 450 2932 2699 3010; baseline -0 -19"><span class='ocrx_word' id='word_1_410' title='bbox 450 2935 832 3008; x_wconf 70' lang='grc' dir='ltr'>ἐνοχλούμεθα,</span> <span class='ocrx_word' id='word_1_411' title='bbox 868 2959 952 2990; x_wconf 82' lang='grc' dir='ltr'><em>και</em></span> <span class='ocrx_word' id='word_1_412' title='bbox 992 2933 1402 3009; x_wconf 30' lang='grc' dir='ltr'><em>δυσχεραίμμομεν</em></span> <span class='ocrx_word' id='word_1_413' title='bbox 1438 2932 1497 2991; x_wconf 81' lang='grc' dir='ltr'>ἀν</span> <span class='ocrx_word' id='word_1_414' title='bbox 1533 2932 1591 2989; x_wconf 69' lang='grc' dir='ltr'>δέ</span> <span class='ocrx_word' id='word_1_415' title='bbox 1625 2957 1701 2996; x_wconf 77' lang='grc' dir='ltr'><em>τις</em></span> <span class='ocrx_word' id='word_1_416' title='bbox 1736 2933 1955 2996; x_wconf 80' lang='grc' dir='ltr'><em>πιθανως</em></span> <span class='ocrx_word' id='word_1_417' title='bbox 1989 2935 2153 2988; x_wconf 72' lang='grc' dir='ltr'><strong><em>ταῦτα</em></strong></span> <span class='ocrx_word' id='word_1_418' title='bbox 2187 2957 2406 3006; x_wconf 66' lang='grc' dir='ltr'><em>μιμῆται</em></span> <span class='ocrx_word' id='word_1_419' title='bbox 2430 2977 2442 2998; x_wconf 88' lang='grc'><strong>,</strong></span> <span class='ocrx_word' id='word_1_420' title='bbox 2478 2934 2699 3010; x_wconf 69' lang='grc' dir='ltr'><em>καθάπερ</em></span> 
     </span>
     <span class='ocr_line' id='line_1_37' title="bbox 448 3009 2704 3089; baseline -0 -21"><span class='ocrx_word' id='word_1_421' title='bbox 448 3013 718 3089; x_wconf 71' lang='grc' dir='ltr'>Παρμένων</span> <span class='ocrx_word' id='word_1_422' title='bbox 752 3037 837 3071; x_wconf 75' lang='lat' dir='ltr'>‘rnv</span> <span class='ocrx_word' id='word_1_423' title='bbox 875 3010 958 3076; x_wconf 86' lang='grc' dir='ltr'>ὑν,</span> <span class='ocrx_word' id='word_1_424' title='bbox 987 3036 1071 3066; x_wconf 83' lang='grc' dir='ltr'><em>και</em></span> <span class='ocrx_word' id='word_1_425' title='bbox 1111 3010 1375 3086; x_wconf 70' lang='grc' dir='ltr'><em>Θεοδωρος</em></span> <span class='ocrx_word' id='word_1_426' title='bbox 1405 3035 1501 3074; x_wconf 73' lang='grc' dir='ltr'>τας</span> <span class='ocrx_word' id='word_1_427' title='bbox 1530 3016 1834 3086; x_wconf 72' lang='grc' dir='ltr'>τροχιλίας,</span> <span class='ocrx_word' id='word_1_428' title='bbox 1863 3009 2111 3083; x_wconf 67' lang='grc' dir='ltr'>κὸομεθα.</span> <span class='ocrx_word' id='word_1_429' title='bbox 2147 3022 2388 3076; x_wconf 80' lang='lat' dir='ltr'>Quomodo</span> <span class='ocrx_word' id='word_1_430' title='bbox 2417 3038 2544 3067; x_wconf 84' lang='lat' dir='ltr'>enim</span> <span class='ocrx_word' id='word_1_431' title='bbox 2565 3023 2704 3086; x_wconf 89' lang='lat' dir='ltr'>porci</span> 
     </span>
     <span class='ocr_line' id='line_1_38' title="bbox 448 3098 2702 3165; baseline -0.001 -18"><span class='ocrx_word' id='word_1_432' title='bbox 448 3100 754 3165; x_wconf 77' lang='lat' dir='ltr'>grunnitum,</span> <span class='ocrx_word' id='word_1_433' title='bbox 784 3116 828 3149; x_wconf 84' lang='lat' dir='ltr'>et</span> <span class='ocrx_word' id='word_1_434' title='bbox 858 3098 1094 3146; x_wconf 75' lang='lat' dir='ltr'>trochleae</span> <span class='ocrx_word' id='word_1_435' title='bbox 1117 3099 1391 3156; x_wconf 87' lang='lat' dir='ltr'>stridorem,</span> <span class='ocrx_word' id='word_1_436' title='bbox 1422 3110 1466 3144; x_wconf 89' lang='lat' dir='ltr'>et</span> <span class='ocrx_word' id='word_1_437' title='bbox 1491 3110 1612 3145; x_wconf 72' lang='lat' dir='ltr'>venti</span> <span class='ocrx_word' id='word_1_438' title='bbox 1633 3098 1911 3160; x_wconf 85' lang='lat' dir='ltr'>fremitum,</span> <span class='ocrx_word' id='word_1_439' title='bbox 1940 3110 1985 3143; x_wconf 91' lang='lat' dir='ltr'>et</span> <span class='ocrx_word' id='word_1_440' title='bbox 2009 3113 2160 3143; x_wconf 90' lang='lat' dir='ltr'>maris</span> <span class='ocrx_word' id='word_1_441' title='bbox 2183 3109 2454 3164; x_wconf 83' lang='lat' dir='ltr'>strepitum,</span> <span class='ocrx_word' id='word_1_442' title='bbox 2483 3114 2577 3144; x_wconf 88' lang='lat' dir='ltr'>non</span> <span class='ocrx_word' id='word_1_443' title='bbox 2600 3099 2702 3145; x_wconf 91' lang='lat' dir='ltr'>sine</span> 
     </span>
     <span class='ocr_line' id='line_1_39' title="bbox 448 3167 2703 3239; baseline -0.001 -15"><span class='ocrx_word' id='word_1_444' title='bbox 448 3178 665 3225; x_wconf 85' lang='lat' dir='ltr'>molestia</span> <span class='ocrx_word' id='word_1_445' title='bbox 688 3167 930 3223; x_wconf 85' lang='lat' dir='ltr'>audimus.</span> <span class='ocrx_word' id='word_1_446' title='bbox 957 3177 1012 3222; x_wconf 85' lang='lat' dir='ltr'>Si</span> <span class='ocrx_word' id='word_1_447' title='bbox 1036 3176 1142 3239; x_wconf 84' lang='lat' dir='ltr'>quis</span> <span class='ocrx_word' id='word_1_448' title='bbox 1161 3192 1266 3224; x_wconf 73' lang='lat' dir='ltr'>vero</span> <span class='ocrx_word' id='word_1_449' title='bbox 1288 3191 1347 3222; x_wconf 90' lang='lat' dir='ltr'>ea</span> <span class='ocrx_word' id='word_1_450' title='bbox 1371 3175 1612 3221; x_wconf 90' lang='lat' dir='ltr'>commode</span> <span class='ocrx_word' id='word_1_451' title='bbox 1636 3175 1869 3226; x_wconf 87' lang='lat' dir='ltr'>imitetur,</span> <span class='ocrx_word' id='word_1_452' title='bbox 1894 3186 1947 3221; x_wconf 93' lang='grc' dir='ltr'>ιιι</span> <span class='ocrx_word' id='word_1_453' title='bbox 1971 3191 2102 3220; x_wconf 91' lang='lat' dir='ltr'>suem</span> <span class='ocrx_word' id='word_1_454' title='bbox 2123 3176 2382 3225; x_wconf 87' lang='lat' dir='ltr'>Parmen0‚</span> <span class='ocrx_word' id='word_1_455' title='bbox 2407 3186 2452 3219; x_wconf 90' lang='lat' dir='ltr'>et</span> <span class='ocrx_word' id='word_1_456' title='bbox 2472 3174 2703 3222; x_wconf 85' lang='lat' dir='ltr'>trochleas</span> 
     </span>
     <span class='ocr_line' id='line_1_40' title="bbox 455 3251 2731 3316; baseline -0.001 -15"><span class='ocrx_word' id='word_1_457' title='bbox 455 3256 738 3306; x_wconf 87' lang='lat' dir='ltr'>Theodorus,</span> <span class='ocrx_word' id='word_1_458' title='bbox 772 3255 1079 3301; x_wconf 87' lang='lat' dir='ltr'>delectamur.</span> <span class='ocrx_word' id='word_1_459' title='bbox 1108 3255 1259 3309; x_wconf 80' lang='lat' dir='ltr'>Quare</span> <span class='ocrx_word' id='word_1_460' title='bbox 1287 3255 1442 3316; x_wconf 85' lang='lat' dir='ltr'>potius</span> <span class='ocrx_word' id='word_1_461' title='bbox 1466 3253 1524 3299; x_wconf 92' lang='lat' dir='ltr'>ad</span> <span class='ocrx_word' id='word_1_462' title='bbox 1556 3253 1853 3299; x_wconf 90' lang='lat' dir='ltr'>Theodorum</span> <span class='ocrx_word' id='word_1_463' title='bbox 1877 3252 2148 3299; x_wconf 86' lang='lat' dir='ltr'>histrionem</span> <span class='ocrx_word' id='word_1_464' title='bbox 2176 3252 2267 3299; x_wconf 90' lang='lat' dir='ltr'>hoc</span> <span class='ocrx_word' id='word_1_465' title='bbox 2290 3251 2585 3299; x_wconf 84' lang='lat' dir='ltr'>referendum</span> <span class='ocrx_word' id='word_1_466' title='bbox 2606 3254 2704 3299; x_wconf 57' lang='lat' dir='ltr'>exiss·</span> <span class='ocrx_word' id='word_1_467' title='bbox 2728 3262 2731 3265; x_wconf 85' lang='lat'>&#39;</span> 
     </span>
     <span class='ocr_line' id='line_1_41' title="bbox 452 3329 2704 3393; baseline -0 -16"><span class='ocrx_word' id='word_1_468' title='bbox 452 3333 611 3385; x_wconf 88' lang='lat' dir='ltr'>stimo,</span> <span class='ocrx_word' id='word_1_469' title='bbox 639 3348 733 3378; x_wconf 90' lang='lat' dir='ltr'>non</span> <span class='ocrx_word' id='word_1_470' title='bbox 758 3333 838 3393; x_wconf 93' lang='lat' dir='ltr'>qui</span> <span class='ocrx_word' id='word_1_471' title='bbox 864 3330 1110 3377; x_wconf 84' lang='lat' dir='ltr'>Trochleas</span> <span class='ocrx_word' id='word_1_472' title='bbox 1137 3336 1302 3393; x_wconf 78' lang='lat' dir='ltr'>poema</span> <span class='ocrx_word' id='word_1_473' title='bbox 1327 3330 1602 3384; x_wconf 86' lang='lat' dir='ltr'>confecerit,</span> <span class='ocrx_word' id='word_1_474' title='bbox 1624 3330 1704 3376; x_wconf 89' lang='lat' dir='ltr'>sed</span> <span class='ocrx_word' id='word_1_475' title='bbox 1729 3331 1810 3392; x_wconf 92' lang='lat' dir='ltr'>qui</span> <span class='ocrx_word' id='word_1_476' title='bbox 1834 3345 1914 3376; x_wconf 87' lang='lat' dir='ltr'>sua</span> <span class='ocrx_word' id='word_1_477' title='bbox 1937 3344 2050 3376; x_wconf 87' lang='lat' dir='ltr'>voce</span> <span class='ocrx_word' id='word_1_478' title='bbox 2073 3329 2306 3375; x_wconf 88' lang='lat' dir='ltr'>trochleae</span> <span class='ocrx_word' id='word_1_479' title='bbox 2329 3329 2570 3390; x_wconf 88' lang='lat' dir='ltr'>strepitum</span> <span class='ocrx_word' id='word_1_480' title='bbox 2595 3331 2704 3377; x_wconf 85' lang='lat' dir='ltr'>scite</span> 
     </span>
     <span class='ocr_line' id='line_1_42' title="bbox 454 3406 2703 3471; baseline 0 -18"><span class='ocrx_word' id='word_1_481' title='bbox 454 3409 655 3454; x_wconf 88' lang='lat' dir='ltr'>imitatus</span> <span class='ocrx_word' id='word_1_482' title='bbox 678 3411 734 3454; x_wconf 86' lang='lat' dir='ltr'>sit</span> <span class='ocrx_word' id='word_1_483' title='bbox 755 3418 798 3455; x_wconf 93' lang='lat' dir='ltr'>et</span> <span class='ocrx_word' id='word_1_484' title='bbox 821 3411 1257 3471; x_wconf 86' lang='lat' dir='ltr'>repraesentaverit;</span> <span class='ocrx_word' id='word_1_485' title='bbox 1279 3407 1675 3470; x_wconf 89' lang='lat' dir='ltr'>quemadmodum</span> <span class='ocrx_word' id='word_1_486' title='bbox 1699 3416 1745 3453; x_wconf 86' lang='lat' dir='ltr'>et</span> <span class='ocrx_word' id='word_1_487' title='bbox 1761 3409 2009 3460; x_wconf 86' lang='lat' dir='ltr'>Parmeno,</span> <span class='ocrx_word' id='word_1_488' title='bbox 2031 3407 2111 3468; x_wconf 89' lang='lat' dir='ltr'>qui</span> <span class='ocrx_word' id='word_1_489' title='bbox 2134 3409 2269 3452; x_wconf 92' lang='lat' dir='ltr'>suum</span> <span class='ocrx_word' id='word_1_490' title='bbox 2291 3406 2563 3466; x_wconf 88' lang='lat' dir='ltr'>grunnitum</span> <span class='ocrx_word' id='word_1_491' title='bbox 2585 3406 2703 3453; x_wconf 93' lang='lat' dir='ltr'>adeo</span> 
     </span>
     <span class='ocr_line' id='line_1_43' title="bbox 456 3469 2701 3548; baseline -0.002 -17"><span class='ocrx_word' id='word_1_492' title='bbox 456 3494 561 3548; x_wconf 79' lang='lat' dir='ltr'>apte</span> <span class='ocrx_word' id='word_1_493' title='bbox 594 3487 773 3538; x_wconf 84' lang='lat' dir='ltr'>retulit,</span> <span class='ocrx_word' id='word_1_494' title='bbox 807 3494 858 3531; x_wconf 88' lang='lat' dir='ltr'>ut</span> <span class='ocrx_word' id='word_1_495' title='bbox 891 3487 1028 3532; x_wconf 90' lang='lat' dir='ltr'>etiam</span> <span class='ocrx_word' id='word_1_496' title='bbox 1063 3485 1315 3548; x_wconf 88' lang='lat' dir='ltr'>proverbio</span> <span class='ocrx_word' id='word_1_497' title='bbox 1350 3485 1508 3532; x_wconf 89' lang='lat' dir='ltr'>locum</span> <span class='ocrx_word' id='word_1_498' title='bbox 1541 3484 1744 3531; x_wconf 89' lang='lat' dir='ltr'>dederit:</span> <span class='ocrx_word' id='word_1_499' title='bbox 1786 3470 1930 3529; x_wconf 68' lang='grc' dir='ltr'><em>οὐδὲν</em></span> <span class='ocrx_word' id='word_1_500' title='bbox 1965 3495 2102 3546; x_wconf 63' lang='grc' dir='ltr'><em>(ωρος</em></span> <span class='ocrx_word' id='word_1_501' title='bbox 2136 3471 2222 3529; x_wconf 73' lang='grc' dir='ltr'>τὴν</span> <span class='ocrx_word' id='word_1_502' title='bbox 2255 3469 2581 3545; x_wconf 75' lang='grc' dir='ltr'><em>Παρμένωνος</em></span> <span class='ocrx_word' id='word_1_503' title='bbox 2617 3469 2701 3536; x_wconf 67' lang='lat' dir='ltr'>ov,</span> 
     </span>
     <span class='ocr_line' id='line_1_44' title="bbox 456 3543 2705 3624; baseline -0.001 -16"><span class='ocrx_word' id='word_1_504' title='bbox 456 3563 515 3608; x_wconf 93' lang='lat' dir='ltr'>de</span> <span class='ocrx_word' id='word_1_505' title='bbox 549 3576 644 3623; x_wconf 92' lang='lat' dir='ltr'>quo</span> <span class='ocrx_word' id='word_1_506' title='bbox 677 3562 947 3608; x_wconf 87' lang='lat' dir='ltr'>Plutarchus</span> <span class='ocrx_word' id='word_1_507' title='bbox 976 3563 1252 3624; x_wconf 82' lang='lat' dir='ltr'>symposiac.</span> <span class='ocrx_word' id='word_1_508' title='bbox 1282 3561 1366 3608; x_wconf 92' lang='lat' dir='ltr'>lib.</span> <span class='ocrx_word' id='word_1_509' title='bbox 1393 3564 1448 3608; x_wconf 94' lang='lat' dir='ltr'>V.</span> <span class='ocrx_word' id='word_1_510' title='bbox 1476 3569 1655 3623; x_wconf 86' lang='lat' dir='ltr'>quaest.</span> <span class='ocrx_word' id='word_1_511' title='bbox 1688 3562 1731 3606; x_wconf 93' lang='lat'>1.</span> <span class='ocrx_word' id='word_1_512' title='bbox 1769 3559 1993 3623; x_wconf 80' lang='lat' dir='ltr'>Alioquin</span> <span class='ocrx_word' id='word_1_513' title='bbox 2026 3575 2152 3605; x_wconf 82' lang='lat' dir='ltr'>enim</span> <span class='ocrx_word' id='word_1_514' title='bbox 2181 3543 2300 3620; x_wconf 87' lang='lat' dir='ltr'>quid</span> <span class='ocrx_word' id='word_1_515' title='bbox 2325 3557 2460 3621; x_wconf 88' lang='lat' dir='ltr'>passi</span> <span class='ocrx_word' id='word_1_516' title='bbox 2491 3569 2578 3604; x_wconf 88' lang='lat' dir='ltr'>aut</span> <span class='ocrx_word' id='word_1_517' title='bbox 2607 3575 2705 3622; x_wconf 86' lang='lat' dir='ltr'>qua</span> 
     </span>
     <span class='ocr_line' id='line_1_45' title="bbox 458 3633 2705 3701; baseline -0.002 -17"><span class='ocrx_word' id='word_1_518' title='bbox 458 3637 749 3684; x_wconf 72' lang='lat' dir='ltr'>extrinsecus</span> <span class='ocrx_word' id='word_1_519' title='bbox 783 3639 1050 3701; x_wconf 71' lang='lat' dir='ltr'>adfectione</span> <span class='ocrx_word' id='word_1_520' title='bbox 1084 3639 1350 3690; x_wconf 86' lang='lat' dir='ltr'>accidente,</span> <span class='ocrx_word' id='word_1_521' title='bbox 1380 3637 1692 3684; x_wconf 88' lang='lat' dir='ltr'>Parmenonis</span> <span class='ocrx_word' id='word_1_522' title='bbox 1723 3654 1852 3683; x_wconf 87' lang='lat' dir='ltr'>suem</span> <span class='ocrx_word' id='word_1_523' title='bbox 1888 3637 1959 3682; x_wconf 89' lang='lat' dir='ltr'>ita</span> <span class='ocrx_word' id='word_1_524' title='bbox 1985 3634 2221 3683; x_wconf 85' lang='lat' dir='ltr'>admirati</span> <span class='ocrx_word' id='word_1_525' title='bbox 2250 3646 2358 3680; x_wconf 90' lang='lat' dir='ltr'>sunt</span> <span class='ocrx_word' id='word_1_526' title='bbox 2385 3633 2621 3685; x_wconf 80' lang='lat' dir='ltr'>homines,</span> <span class='ocrx_word' id='word_1_527' title='bbox 2651 3646 2705 3680; x_wconf 89' lang='lat' dir='ltr'>ut</span> 
     </span>
     <span class='ocr_line' id='line_1_46' title="bbox 460 3710 2704 3778; baseline -0.002 -16"><span class='ocrx_word' id='word_1_528' title='bbox 460 3715 509 3762; x_wconf 88' lang='lat' dir='ltr'>in</span> <span class='ocrx_word' id='word_1_529' title='bbox 529 3713 832 3778; x_wconf 71' lang='lat' dir='ltr'>proverbium</span> <span class='ocrx_word' id='word_1_530' title='bbox 861 3714 1041 3760; x_wconf 86' lang='lat' dir='ltr'>abiret?</span> <span class='ocrx_word' id='word_1_531' title='bbox 1064 3718 1126 3760; x_wconf 90' lang='lat' dir='ltr'>Et</span> <span class='ocrx_word' id='word_1_532' title='bbox 1151 3716 1340 3777; x_wconf 87' lang='lat' dir='ltr'>quidem</span> <span class='ocrx_word' id='word_1_533' title='bbox 1353 3715 1552 3777; x_wconf 85' lang='lat' dir='ltr'>serunt,</span> <span class='ocrx_word' id='word_1_534' title='bbox 1581 3716 1875 3762; x_wconf 87' lang='lat' dir='ltr'>Parmenone</span> <span class='ocrx_word' id='word_1_535' title='bbox 1900 3713 1957 3759; x_wconf 89' lang='lat' dir='ltr'>ob</span> <span class='ocrx_word' id='word_1_536' title='bbox 1981 3712 2106 3758; x_wconf 87' lang='lat' dir='ltr'>hanc</span> <span class='ocrx_word' id='word_1_537' title='bbox 2130 3728 2228 3758; x_wconf 91' lang='lat' dir='ltr'>rem</span> <span class='ocrx_word' id='word_1_538' title='bbox 2252 3711 2444 3762; x_wconf 92' lang='lat' dir='ltr'>celebri,</span> <span class='ocrx_word' id='word_1_539' title='bbox 2473 3710 2704 3773; x_wconf 83' lang='lat' dir='ltr'>quosdam</span> 
     </span>
    </p>
   </div>
   <div class='ocr_carea' id='block_1_3' title="bbox 547 3804 2628 3857">
    <p class='ocr_par' dir='ltr' id='par_1_4' title="bbox 547 3804 2628 3857">
     <span class='ocr_line' id='line_1_47' title="bbox 547 3804 2628 3857; baseline -0.001 -13"><span class='ocrx_word' id='word_1_540' title='bbox 547 3812 594 3852; x_wconf 85' lang='lat'>(1)</span> <span class='ocrx_word' id='word_1_541' title='bbox 620 3807 714 3845; x_wconf 88' lang='lat' dir='ltr'>Satis</span> <span class='ocrx_word' id='word_1_542' title='bbox 739 3807 835 3844; x_wconf 87' lang='lat' dir='ltr'>varie</span> <span class='ocrx_word' id='word_1_543' title='bbox 861 3817 936 3843; x_wconf 84' lang='lat' dir='ltr'>rem</span> <span class='ocrx_word' id='word_1_544' title='bbox 964 3808 1057 3844; x_wconf 83' lang='lat' dir='ltr'>hane</span> <span class='ocrx_word' id='word_1_545' title='bbox 1081 3813 1207 3845; x_wconf 85' lang='lat' dir='ltr'>narrat</span> <span class='ocrx_word' id='word_1_546' title='bbox 1230 3808 1270 3846; x_wconf 89' lang='lat' dir='ltr'>in</span> <span class='ocrx_word' id='word_1_547' title='bbox 1294 3813 1406 3846; x_wconf 84' lang='lat' dir='ltr'>Icaro</span> <span class='ocrx_word' id='word_1_548' title='bbox 1429 3807 1721 3857; x_wconf 82' lang='lat' dir='ltr'>Mythographus</span> <span class='ocrx_word' id='word_1_549' title='bbox 1744 3807 1929 3845; x_wconf 87' lang='lat' dir='ltr'>secundus</span> <span class='ocrx_word' id='word_1_550' title='bbox 1952 3806 2141 3843; x_wconf 85' lang='lat' dir='ltr'>vaticanus</span> <span class='ocrx_word' id='word_1_551' title='bbox 2167 3816 2186 3843; x_wconf 88' lang='lat' dir='ltr'>a</span> <span class='ocrx_word' id='word_1_552' title='bbox 2212 3805 2320 3843; x_wconf 89' lang='lat' dir='ltr'>nohis</span> <span class='ocrx_word' id='word_1_553' title='bbox 2343 3804 2477 3843; x_wconf 84' lang='lat' dir='ltr'>editus.</span> <span class='ocrx_word' id='word_1_554' title='bbox 2504 3808 2549 3842; x_wconf 91' lang='lat' dir='ltr'>A.</span> <span class='ocrx_word' id='word_1_555' title='bbox 2577 3805 2628 3841; x_wconf 80' lang='lat' dir='ltr'>M.</span> 
     </span>
    </p>
   </div>
  </div>
 </body>
</html>
