2970 4420
1214 288 1271 319 ns
1303 286 1580 321 rmtomnus.
2468 281 2528 326 69

268 374 495 423 larionem
521 372 811 436 Babylonem
835 388 982 436 usque
1006 388 1304 438 progressum
1319 409 1331 430 ,
1356 383 1410 422 ut
1433 375 1559 422 hunc
1585 371 1831 420 Philonem
1855 372 2078 425 inviseret
2100 375 2561 443 consolareturque„

266 455 316 500 in
350 454 444 499 vila
478 452 524 498 S.
554 451 823 498 Hilarionis.
845 450 1039 506 ‚Quinto
1074 450 1229 516 igitur
1259 451 1337 497 die
1373 450 1604 498 Hilarion
1623 449 1762 498 *venit
1799 449 2074 501 Pelusium,
2106 449 2403 515 visitatisque
2424 455 2545 516 sra-

266 529 422 576 tribus
455 514 541 591 qui
573 527 624 574 in
656 527 815 575 vicina
842 544 998 574 eremo
1031 540 1196 580 erant,
1224 540 1268 574 et
1299 529 1350 575 in
1375 529 1475 575 loco
1498 528 1584 591 qui
1607 527 1788 574 dicitur
1810 525 2029 591 Lychnos
2061 528 2399 583 morabantur,
2428 549 2542 595 per-

268 603 399 651 rexit
427 615 535 667 post
567 603 786 650 triduum
822 603 891 650 ad
921 616 1134 651 castrum
1171 603 1523 656 Theaubatum,
1554 616 1607 651 ut
1642 603 1821 652 videret
1843 603 2164 650 Dracontium
2197 605 2467 670 episcopum
2494 622 2540 655 et

263 679 582 742 consessorem
596 717 608 731 ,
643 681 730 743 qui
763 681 835 727 ibi
863 681 1098 728 exulabat
1106 701 1123 736 ,·
1159 698 1251 744 quo
1291 681 1638 729 incredibiliter
1671 680 1913 728 consolato
1950 681 2078 727 tanti
2113 681 2207 727 viri
2239 685 2534 746 praesentia.

258 769 371 821 post
402 756 621 805 triduum
645 759 798 804 multo
822 759 1118 823 Babylonem
1147 759 1310 806 labore
1336 758 1577 822 pervenit,
1607 769 1662 805 ut
1695 757 1872 806 videret
1895 756 2146 804 Philonem
2169 758 2440 823 episcopum
2453 798 2465 812 ,
2495 774 2540 807 et

263 833 422 896 ipsum
444 833 778 895 consessorem.
819 834 1122 881 Constantius
1146 834 1274 886 enim
1310 850 1424 885 rex,
1453 834 1747 881 Arianorum
1771 834 1944 896 favens
1965 833 2177 886 haeresi,
2211 847 2464 900 utrumque
2488 839 2538 884 in

259 925 323 956 ea
357 911 463 956 loca
497 910 851 974 deportaverat.
886 911 1021 959 Philo
1054 913 1131 959 hic
1161 927 1345 974 semper
1379 911 1633 959 detestatus
1670 911 1758 959 fuit
1790 912 2048 959 haereticos
2082 914 2287 967 arianOS,
2315 929 2400 960 nec
2433 931 2538 961 um-

262 1002 406 1050 quam
437 1003 491 1034 se
530 989 783 1036 immiscuit
815 1004 982 1036 eorum
1022 990 1269 1052 pravitati,
1306 1004 1413 1035 cum
1450 990 1674 1052 Gregorio
1710 989 1910 1053 hispano
1929 990 2183 1053 episcopo.
2221 991 2536 1053 Hieronymus

261 1065 310 1112 in
337 1065 562 1112 chronico
596 1065 687 1128 (ad
722 1081 798 1112 an.
827 1066 911 1113 Ch.
941 1065 1089 1128 374.)
1122 1064 1318 1128 Lucifer
1338 1064 1908 1129 episcopus-calaritanus
1931 1067 2159 1118 moritur,
2187 1067 2275 1130 'qui
2294 1084 2403 1114 cum
2427 1069 2536 1116 Gre-

259 1141 400 1206 gorio
434 1141 652 1206 episcopo
691 1142 1074 1207 Hispaniarum,
1111 1154 1157 1188 et
1195 1140 1394 1188 Philone
1425 1143 1608 1206 Libyae
1642 1159 1908 1207 numquam
1943 1144 2150 1190 arianae
2188 1161 2237 1190 se
2274 1144 2536 1192 immiscuit

253 1218 514 1283 pravitati.
560 1219 778 1267 Interfuit
816 1220 1067 1267 sardicensi
1108 1218 1292 1282 synodo
1311 1254 1323 1273 ,
1360 1219 1742 1284 subscripsitque.
1784 1222 2064 1268 Athanasius
2103 1222 2228 1285 apol.
2270 1223 2329 1268 ΙΙ.
2372 1231 2533 1270 contra

254 1298 483 1344 Arianos:
517 1285 899 1350 Ἀπολλώνιος,
933 1287 1139 1349 Μοῦἳς,
1175 1285 1569 1360 Σαραποίμπων,
1601 1290 1806 1352 Φίλων,
1840 1292 2128 1350 Φίλιππος.
2240 1297 2241 1302 ’

390 1374 504 1420 LIV.
542 1373 683 1420 Philo»
709 1373 827 1420 alter
857 1375 1104 1437 episcopus
1133 1374 1400 1436 aegyptius,
1428 1375 1660 1437 superiori
1691 1375 1919 1437 aequaliS‚
1950 1377 2072 1423 inter
2104 1374 2347 1440 episcopos
2370 1379 2452 1440 qui
2483 1379 2531 1425 in

257 1451 447 1514 synodo
479 1451 729 1498 sardicensi
754 1451 1127 1514 subscripserunt
1157 1460 1433 1499 numeratur
1458 1450 1517 1498 ab
1541 1451 1794 1499 Athanasio
1819 1453 2008 1516 apolog.
2036 1455 2094 1500 ΙΙ.
2125 1463 2286 1501 contra
2315 1455 2527 1503 Arianos.

261 1517 512 1581 Κόῖντος,
545 1514 830 1582 Λεωνίδης,
864 1517 1306 1591 Συμτωρωνιανᾶς,
1341 1521 1515 1574 Φίλων
1536 1560 1550 1581 ,
1579 1516 1919 1593 “Ηρακλείὸης
1952 1530 2099 1593 (edit.
2133 1547 2239 1578 ven.
2275 1533 2320 1578 S.
2353 1533 2524 1580 Athan.

258 1606 309 1650 Τ.
339 1605 377 1650 Ι.
406 1620 455 1667 p.
487 1603 632 1665 133.)
960 1627 968 1629 ε
2531 1649 2535 1652 .

389 1682 481 1728 LV.
518 1681 653 1728 Philo
678 1681 968 1744 carpathius‚
997 1680 1056 1729 ab
1084 1681 1348 1745 Epiphanio
1372 1683 1619 1745 episcopus
1642 1681 1816 1738 factus,
1843 1691 1895 1730 ut
1924 1693 2084 1730 narrat
2111 1684 2332 1747 Polybius
2355 1687 2404 1732 in
2434 1688 2528 1734 vita

258 1758 506 1821 Epiphanii
530 1773 635 1820 cap.
663 1759 743 1804 49.
770 1744 866 1804 “Hv
893 1744 950 1818 δέ
971 1770 1052 1810 τις
1076 1748 1321 1822 κληρικός
1346 1749 1443 1804 ἀπὸ
1469 1748 1688 1824 ῥηΎόρων
1707 1792 1718 1814 ,
1744 1747 1973 1822 τοῦνομα
1995 1754 2168 1806 Φίλων
2185 1795 2197 1815 ,
2223 1752 2341 1827 ἀνὴρ
2370 1750 2524 1815 ὅσιος·

254 1829 411 1898 χρεία
445 1821 502 1878 δὲ
534 1821 589 1881 ἦν
623 1821 704 1878 ἐπὶ
735 1825 824 1886 τῆς
855 1823 1053 1896 πόλεως
1083 1826 1180 1880 τοῦ
1212 1830 1513 1900 Καρπασίου
1548 1825 1753 1882 καθίσαι
1791 1828 2054 1882 ἐπίσκοπον
2090 1828 2166 1881 ἐπὶ
2200 1830 2296 1883 τοῦ
2329 1827 2524 1904 θρόνου.

242 1898 344 1957 ⁴³Hv
380 1897 448 1955 δὲ
474 1897 622 1964 οὗτος
660 1897 911 1964 διάκονος·
943 1903 1125 1958 τοῦτον
1162 1899 1248 1958 οὖν
1284 1900 1385 1958 oin-o*
1421 1903 1802 1976 ἀποκαλύψεως
1838 1906 1972 1958 θεοῦ
2005 1907 2294 1980 χειροτονεῖ
2330 1907 2524 1961 ἐπίσκο·

255 2001 345 2034 πον
383 1978 407 2030 ὁ
441 1976 741 2045 Ἐπιφοίνιος
780 1978 872 2033 ἐπὶ
912 1979 1008 2033 τοῦ
1041 1975 1234 2054 θρόνου
1270 1982 1360 2043 τῆς
1395 1979 1610 2042 «πόλεως
1645 1981 1728 2036 καὶ
1767 1983 1856 2043 τῆς
1890 1981 2166 2044 ἐκκλησίας
2195 1984 2291 2037 τοῦ
2322 1987 2524 2058 Καρπα·

257 2054 393 2110 σίου·
432 2053 515 2109 ὅτε
554 2053 639 2111 οὖν
677 2052 814 2126 εἶχεν
843 2055 1143 2123 Ἔπιφοίνιος
1182 2054 1487 2130 ἐπιδημῆσαι
1529 2058 1607 2112 ἐπὶ
1644 2059 1733 2121 της
1763 2057 1993 2130 Ῥώμης,
2023 2059 2405 2132 μεταπέμπεται
2439 2061 2524 2115 τὸν

254 2131 611 2206 προειρημένον
646 2133 864 2188 Φίλωνα
898 2133 985 2189 τὸν
1024 2132 1320 2198 ἐπίσκοπον,
1356 2134 1440 2189 καὶ
1481 2135 1623 2210 αὐτῷ
1656 2133 1959 2190 ἀποδίδωσι
1997 2136 2083 2194 τὴν
2121 2137 2401 2194 αὖθεντίαν
2436 2139 2525 2200 wig

257 2207 536 2271 ἐκκλησίας
566 2210 655 2271 τῆς
687 2209 1076 2275 Κωνσταντίας,
1110 2208 1239 2273 ὅπως
1274 2209 1338 2267 οἲν
1365 2211 1526 2287 χρεία
1557 2211 1767 2286 γένηται
1804 2215 2085 2287 κληρικῶν,
2115 2214 2268 2276 αὐτὸς
2300 2238 2527 2290 χειροτο-

246 2285 406 2344 νήσει.
442 2298 499 2344 Et
529 2312 632 2360 cap.
663 2298 742 2344 57.
771 2297 888 2344 dum
916 2299 1205 2361 Epiphanius
1237 2315 1399 2346 rursus
1422 2309 1476 2347 ut
1497 2301 1673 2363 regiam
1697 2309 1901 2364 peteret,
1928 2309 2173 2364 urgeretur
2200 2317 2224 2348 a
2248 2302 2411 2364 legatis
2437 2304 2525 2350 im·

253 2376 512 2435 perator-is,
539 2376 622 2437 qui
655 2375 858 2439 paralysi
887 2375 1167 2432 vexabatur,
1202 2376 1432 2426 advocato
1459 2379 1643 2425 Philoni
1675 2394 1835 2426 curam
1866 2387 1985 2426 suae
2005 2380 2224 2427 ecclesiae
2256 2381 2520 2428 committit.
2593 2414 2598 2416 >

248 2453 313 2506 ‘O
346 2454 477 2528 γοῦν
504 2453 804 2520 Ἔπιφοίνιος
835 2455 1298 2527 μεΤαστειλοίμενος
1330 2454 1416 2513 τὸν
1448 2455 1840 2523 θεοφιλέσΎαα-ον
1878 2456 2144 2514 ἐπίσκοπον
2172 2457 2387 2516 Φίλωνα
2421 2459 2526 2513 ἔπε’·

251 2529 436 2602 τρεψεν
471 2531 614 2603 αὐτῷ
638 2531 723 2589 τὴν
757 2530 1010 2606 φροντίδα
1035 2531 1298 2607 ποιεῖσθαι
1335 2535 1422 2596 τῆς
1453 2535 1876 2598 ἐκκλησιαστικῆς
1908 2535 2105 2611 χρείας.
2141 2548 2349 2593 Meminit
2383 2547 2521 2593 huius

249 2605 538 2667 Epiphanius
559 2606 685 2653 idem
715 2609 764 2653 in
794 2607 991 2669 epistola
1018 2608 1077 2655 ad
1105 2609 1360 2656 Iohannem
1386 2611 1657 2673 episcopum
1686 2611 2175 2673 hierosolymitanum,
2204 2613 2326 2658 inter
2347 2613 2522 2674 episto-

250 2681 320 2728 las
353 2683 628 2745 Hieronymi
657 2685 737 2732 5s1.
775 2685 905 2729 Nam
929 2685 1095 2736 multi,
1125 2687 1213 2739 ait,
1241 2686 1451 2751 episcopi
1458 2688 1820 2734 'communionis
1850 2701 2042 2735 nostrae
2066 2702 2110 2735 et
2138 2689 2437 2752 presbyteros
2470 2690 2520 2734 in

251 2770 417 2804 nostra
442 2758 735 2806 ordinarunt
758 2760 1036 2823 provincia,
1064 2779 1181 2824 quos
1204 2780 1290 2809 nos
1313 2763 1704 2827 comprehendere
1733 2782 1828 2812 non
1854 2778 2191 2829 potueramus,
2222 2777 2267 2810 et
2288 2765 2519 2815 miserunt

251 2834 321 2879 ad
350 2851 435 2881 nos
468 2835 696 2882 diaconos
730 2848 777 2882 et
810 2835 1187 2900 hypodiaconos,
1216 2855 1333 2901 quos
1355 2840 1646 2903 suscepimus
1670 2857 1778 2887 cum
1802 2842 1988 2905 gratia.
2026 2843 2070 2887 E
2073 2853 2091 2886 t
2120 2841 2218 2904 ipse
2244 2839 2518 2886 cohortatus

249 2910 357 2957 sum
391 2912 561 2958 beatae
590 2912 850 2959 memoriae
885 2913 1133 2960 Philonem
1168 2915 1462 2979 episcopum,
1491 2929 1537 2963 et
1569 2930 1789 2964 sanctum
1821 2920 1859 2964 T
1855 2917 2170 2982 heophobum,
2201 2929 2253 2963 ut
2286 2917 2347 2986 in*
2372 2919 2517 2963 eccle-

248 2987 335 3033 siis
372 2987 536 3052 Cypri,
575 3005 699 3051 quae
733 2988 878 3035 iuxta
910 3006 960 3035 se
986 3002 1150 3042 erant,
1190 2991 1260 3036 ad
1288 3008 1423 3037 meae
1461 3004 1624 3039 autem
1655 2993 1923 3057 parochiae
1957 2993 2240 3041 videbantur
2270 2988 2516 3040 ecclesiam

241 3064 505 3127 pertinere,
540 3082 594 3112 eo
618 3066 748 3129 quod
777 3067 982 3131 grandis
1005 3078 1146 3119 esset,
1176 3080 1221 3114 et
1247 3069 1344 3115 late
1370 3081 1546 3132 patens
1573 3071 1848 3134 provincia,
1877 3071 2159 3117 ordinarent
2185 3071 2508 3135 presbyteros,

247 3154 293 3187 et
330 3141 762 3216 Chrz‘stt',‘ecclest‘ae
789 3144 1111 3208 providerent.
1149 3145 1378 3200 Adverte‚
1415 3146 1586 3200 lector,
1621 3147 1864 3194 Philonem
1902 3148 2028 3195 hunc
2062 3148 2203 3195 fuisse
2243 3149 2515 3211 episcopum

246 3220 475 3282 regionis,
507 3236 627 3282 quae
660 3223 873 3284 proxima
903 3231 1002 3268 erat
1035 3222 1283 3285 parochiae
1314 3223 1584 3286 Epiphanii,
1618 3214 1792 3271 scilicet
1819 3227 1868 3271 in
1901 3225 2064 3272 eadem
2094 3225 2244 3273 insula
2276 3226 2430 3288 Cypro
2464 3227 2512 3272 in

247 3297 432 3343 civitate
466 3297 686 3360 Carpasii.
724 3300 819 3345 Nec
844 3298 999 3346 obstat
1022 3315 1282 3362 cognomen
1317 3301 1566 3363 Carpathii.
1604 3302 1730 3348 Licet
1751 3303 1875 3348 enim
1910 3301 2198 3366 Carpathius
2222 3319 2247 3350 a
2279 3303 2512 3366 Carpatho

246 3388 398 3436 prope
426 3374 591 3420 Chium
624 3376 826 3422 insulam
849 3392 874 3423 a
897 3377 1054 3439 Cypro
1085 3377 1352 3439 longissime
1382 3378 1606 3433 distante,
1634 3379 1671 3424 si
1695 3376 1973 3442 geographis
1995 3380 2226 3427 credimus
2253 3381 2311 3444 (a
2343 3396 2434 3443 qua
2466 3389 2511 3427 et

245 3459 411 3497 natum
445 3451 662 3514 adagium
700 3443 724 3495 ὁ
763 3442 1024 3505 καποίθιος
1059 3443 1146 3498 τὸν
1183 3444 1424 3518 λαγοών,
1458 3464 1504 3501 et
1535 3470 1664 3502 mare
1694 3456 1847 3518 ipsum
1873 3457 2176 3519 Carpathium
2206 3459 2508 3520 cognomina-

246 3528 375 3590 tum)
399 3527 615 3576 videatur
640 3530 921 3584 deductum,
951 3539 996 3577 et
1022 3546 1048 3577 a
1073 3531 1292 3592 Carpasio
1316 3533 1482 3594 Cypri,
1509 3532 1584 3579 vel
1620 3521 1925 3596 Καρπασία,
1959 3534 2033 3580 vel
2069 3523 2395 3599 Καρποίσεια,
2430 3536 2503 3582 vel

245 3593 526 3666 Καρβασία
562 3607 891 3671 Carpaseotes,
930 3609 1026 3654 sive
1049 3608 1187 3660 etiam
1210 3623 1316 3654 cum
1336 3602 1644 3671 'Theopompo
1668 3610 1952 3673 Carpasseus
1977 3610 2184 3665 dicatur,
2211 3621 2367 3658 tamen
2392 3613 2505 3659 scias

244 3679 337 3725 hoc
369 3682 638 3744 Carpasium
670 3699 694 3729 a
729 3685 998 3739 nonnullis,
1034 3692 1079 3732 et
1116 3686 1364 3747 praecipue
1399 3687 1644 3748 Xenagora
1678 3686 1973 3750 Carpathum
2005 3689 2313 3752 appellatum,
2350 3704 2375 3735 a
2408 3704 2504 3750 quo

244 3756 344 3802 sine
377 3755 525 3804 dubio
561 3759 851 3823 Carpathius
889 3760 959 3807 fit.
998 3761 1257 3824 Stephanus
1292 3755 1581 3826 Kapwaot'a
1615 3751 1785 3814 πόλις
1820 3752 2054 3829 Κύπρου,
2092 3753 2143 3812 ἣν
2180 3761 2501 3828 Πυγμαλίων

247 3818 461 3887 ἕκὙισεν,
493 3825 559 3886 ὥς
584 3825 895 3890 Ἑλλάνικος
929 3827 977 3884 ἐν
1008 3828 1318 3903 κυπριακοῖς.
1357 3827 1625 3892 Διονύσιος
1655 3825 1713 3883 δὲ
1741 3827 1830 3885 διὰ
1860 3828 2145 3907 ὃιφθόγΓου
2175 3830 2499 3908 Καρπάσειαν
