2970 4420
520 278 545 308 L
1079 251 1250 313 Nicotal
1283 275 1504 307 Amanum
1539 275 1600 305 DE·
1626 268 1904 304 KALENDAMO
1937 274 2184 308 tucinam.

513 356 672 405 septem
699 351 791 393 illas
813 363 917 406 quas
945 350 1027 393 dixi
1056 356 1176 393 notas
1205 349 1478 393 dominicales
1506 347 1560 390 ab
1585 347 1675 389 aliis
1698 345 1928 401 distinguo.
1961 350 2145 393 Tertium
2171 355 2364 393 notarum
2396 363 2527 406 genus
2557 359 2643 408 est,
2668 366 2755 411 quo

516 434 664 464 aureus
693 434 890 464 numerus
918 422 1190 476 significatur.
1221 419 1563 475 Praeponebatur
1589 422 1730 460 autem
1761 418 1861 460 olim
1889 420 2092 462 mensium
2118 421 2267 464 diebus
2293 434 2443 465 aureus
2477 436 2675 468 numerus
2701 427 2755 469 ad

515 494 830 535 coniunctiones
852 493 983 545 solis,
1018 504 1066 534 ac
1097 492 1218 534 lunae
1250 487 1582 543 investigandas,
1614 487 1668 530 ad
1700 488 1908 542 paschatis
1939 489 2051 532 diem
2074 492 2158 534 rite
2181 492 2475 548 statuendum,
2501 499 2543 537 et
2574 496 2626 538 ad
2657 497 2754 539 reli-

515 558 604 619 qua
627 562 759 616 festa,
784 574 891 617 quae
921 562 1093 604 mobilia
1119 561 1296 603 dicimus
1325 570 1405 614 pro
1437 569 1643 599 annorum
1664 558 1864 600 varietate
1885 562 2020 602 certas
2039 560 2085 602 in
2103 561 2224 604 sedes
2258 561 2561 607 distribuenda.
2597 565 2753 618 Quam-

513 633 671 678 obrem'
690 633 883 676 omnibus
904 633 1088 687 antiquis
1107 630 1356 673 kalendariis
1379 640 1552 670 aureum
1573 640 1794 670 numerum
1814 633 2109 683 praenotatum
2139 631 2354 685 videmus,
2380 634 2497 676 cuius
2522 635 2619 677 loco
2650 648 2750 691 epa-

514 711 604 747 ctae
630 707 671 747 in
699 703 948 758 gregoriano
980 702 1228 744 substitutae
1256 704 1377 750 sunt,
1402 703 1550 753 postea
1577 710 1704 755 quam
1737 699 2100 753 deprehenderunt
2122 703 2354 745 astronomi
2381 704 2496 746 illam
2526 706 2640 749 aurei
2668 701 2748 748 nu-

516 777 615 818 meri
645 776 699 818 ad
727 788 796 828 ea,
824 786 931 828 quae
963 773 1139 815 diximus
1166 771 1270 812 festa
1299 768 1547 823 indicanda,
1570 770 1742 812 minime
1773 774 1927 812 certam
1960 783 2048 813 esse
2069 773 2290 815 rationem.
2324 775 2458 817 Notae
2482 788 2583 818 vero
2608 772 2749 820 istius·

509 846 629 888 modi
660 846 705 887 in
731 846 815 887 hoc
837 844 1033 899 pugillari
1068 840 1352 884 novemdecim
1381 835 1708 895 computantur,
1731 845 1838 895 quot
1870 841 2028 883 scilicet
2055 842 2099 884 in
2125 841 2371 888 kalendariis
2400 846 2515 887 aurei
2546 851 2748 901 putantur

512 918 689 960 numeri.
724 916 928 967 Quartum
957 925 1086 968 genus
1116 917 1309 954 notamm
1337 911 1437 952 licet
1456 923 1480 953 a
1509 912 1592 953 iam
1623 911 1745 972 dietis
1764 912 1903 954 forma
1930 925 2016 954 uon
2041 912 2234 968 differat,
2257 915 2486 970 plurimum
2505 921 2644 972 tamen
2665 918 2749 960 dif-

508 991 594 1032 fert
625 989 666 1029 vi
695 993 736 1029 et
767 985 1093 1040 significatione,
1116 995 1226 1038 quae
1254 982 1357 1024 mihi
1381 987 1446 1024 est
1475 995 1649 1038 prorsus
1677 984 1868 1026 obscura.
1902 984 2007 1026 Nam
2030 983 2075 1026 id
2098 985 2324 1040 aliquando
2351 988 2464 1031 venit
2492 989 2536 1030 in
2563 994 2745 1032 mentem

511 1061 575 1103 his
602 1060 737 1113 notis,
765 1058 829 1099 vel
858 1056 947 1098 dies
973 1054 1240 1110 aegyptiacos
1268 1046 1484 1103 denotari,
1508 1054 1576 1095 vel
1603 1055 1816 1109 regulares
1842 1055 1941 1097 solis
1970 1067 2020 1097 ac
2044 1055 2190 1109 lunae,
2214 1057 2280 1099 vel
2306 1062 2553 1113 utrumque;
2578 1072 2674 1102 nam
2703 1061 2749 1102 in·

508 1132 658 1187 priscis
690 1128 939 1172 kalendariis
971 1128 1072 1180 haec
1099 1125 1247 1168 eadem
1278 1125 1596 1179 diligentissime
1626 1129 1773 1169 notata
1803 1127 2100 1181 comperimus.
2134 1127 2259 1180 Quod
2290 1130 2329 1170 ‘si
2365 1131 2618 1186 aegyptiacis
2655 1131 2746 1174 dic-

505 1203 586 1246 bus
611 1202 686 1244 has
715 1205 833 1243 notas
862 1204 1005 1254 aptare
1034 1198 1307 1252 incipiamus,
1336 1198 1431 1252 ipso
1460 1197 1631 1252 quidem
1659 1199 1798 1253 primo
1823 1211 1966 1240 mense
1992 1199 2179 1242 ianuario
2206 1200 2252 1242 in
2281 1213 2376 1242 suas
2401 1202 2521 1244 sedes
2547 1203 2610 1245 illi
2636 1203 2745 1246 bene

508 1274 687 1325 cadunt;
717 1284 814 1313 nam
844 1283 938 1312 cum
969 1270 1054 1312 duo
1085 1270 1128 1310 in
1158 1269 1333 1323 singulis
1360 1269 1573 1318 mensibus
1603 1270 1836 1324 aegyptiaci
1865 1269 1955 1312 dies
1985 1283 2007 1312 a
2033 1270 2246 1312 veteribus
2278 1271 2488 1314 observati
2516 1274 2623 1326 sint,
2655 1275 2745 1331 priss

504 1356 680 1398 musque
708 1344 752 1384 in
780 1340 968 1383 kalendis
994 1340 1117 1395 ipsis,
1143 1339 1349 1382 secundus
1375 1352 1479 1382 vcro
1506 1342 1553 1381 in
1581 1341 1764 1395 septimo
1793 1354 1816 1382 a
1845 1340 1927 1382 fine
1958 1340 2025 1382 die
2053 1342 2203 1383 mensis
2234 1343 2409 1384 ianuarii
2440 1344 2743 1397 constituatur,

505 1416 609 1456 haec
646 1413 855 1468 aptissime
888 1411 1112 1453 convenire
1144 1411 1214 1452 hic
1252 1410 1430 1465 quisque
1466 1411 1603 1465 videt,
1635 1410 1710 1452 sed
1741 1412 1786 1452 in
1823 1411 2180 1466 consequentibns
2219 1411 2371 1454 deinde
2412 1413 2623 1456 mensibus
2659 1427 2745 1456 non

504 1484 676 1541 perinde
705 1486 869 1525 constat
895 1482 997 1523 haec
1023 1481 1132 1523 ratio
1166 1481 1412 1535 dierumque
1443 1481 1710 1534 distu'butio3
1736 1482 1854 1536 quod
1881 1487 2129 1538 argumento
2152 1495 2241 1524 esse
2265 1487 2431 1537 potest,
2457 1483 2580 1525 huius
2600 1483 2746 1526 Kalen-

504 1556 609 1597 darii
631 1559 845 1596 auctorem
867 1553 954 1603 dies
975 1553 1244 1608 aegyptiacos
1261 1552 1434 1593 minime
1456 1552 1538 1594 illis
1560 1553 1672 1594 notis
1699 1552 1935 1594 describere
1958 1552 2083 1595 nobis
2106 1554 2298 1595 voluisse.
2330 1553 2592 1596 Notabantur
2612 1566 2742 1609 porro

500 1628 542 1668 in
575 1625 827 1667 kalendariis
850 1625 936 1666 dies
968 1623 1202 1678 aegyptiaci
1222 1627 1437 1678 tamquam
1466 1623 1636 1665 infausti
1657 1628 1698 1665 et
1728 1624 1935 1676 exitiales,
1961 1637 2069 1679 quos
2099 1629 2214 1667 atros
2246 1625 2332 1666 dies
2362 1625 2465 1667 dixit
2494 1626 2739 1680 antiquitas,

502 1703 549 1740 ut
579 1678 934 1751 quemadmodum
966 1695 1062 1736 freti
1091 1695 1325 1748 marisque,
1354 1695 1411 1736 ita
1440 1694 1641 1749 quasdam
1665 1699 1902 1749 temporum
1930 1695 2085 1750 Scyllas
2116 1696 2370 1750 euriposque
2397 1709 2484 1738 esse
2515 1697 2739 1752 sciremus,

501 1773 631 1823 utque
659 1768 710 1809 iis
744 1766 893 1809 diebus
926 1777 1069 1808 cavere
1100 1765 1181 1806 sibi
1211 1765 1408 1819 quisque,
1442 1769 1484 1806 et
1512 1765 1698 1819 pericula
1727 1766 1921 1822 vitaeque
1955 1765 2193 1808 discrimina
2222 1767 2353 1808 vitare
2385 1772 2737 1810 commoneretur.

498 1841 554 1881 Hi
590 1851 692 1881 vero
733 1838 822 1880 dies
860 1837 913 1879 ab
950 1836 1167 1891 Aegyptiis
1203 1835 1547 1878 observatoribus
1579 1848 1734 1878 nomen
1770 1841 2002 1878 traxerunt.
2040 1838 2323 1892 Aegyptiacos
2356 1837 2443 1880 dies
2478 1850 2629 1881 arcana
2664 1838 2742 1881 hac

498 1915 601 1952 nota
633 1902 669 1947 Θ
700 1908 967 1962 consignatos
995 1908 1039 1948 in
1068 1906 1250 1960 antiquis
1277 1918 1404 1948 manu
1434 1905 1650 1961 descriptis
1679 1906 1898 1948 codicibus
1928 1891 2210 1961 deprehendi,
2241 1920 2349 1962 quae
2380 1921 2600 1963 perperam
2633 1922 2656 1951 a
2687 1911 2739 1952 li-

498 1980 691 2032 brat-iis,¹
712 1980 772 2022 sic
806 1980 855 2020 in
887 1978 978 2020 aliis
1013 1977 1261 2019 efformatur
1297 1978 1351 2019 Ι).
1385 1977 1444 2030 G3
1481 1990 1574 2019 nam
1612 1977 1878 2019 semiclausus
1914 1978 1985 2019 ille
2023 1978 2195 2020 secundi
2233 1979 2487 2022 characteris
2524 1980 2741 2023 orbiculus

498 2051 635 2094 claudi
666 2051 832 2106 penitus
867 2049 1014 2102 debet,
1048 2054 1089 2090 et
1118 2048 1278 2090 lineola
1313 2048 1475 2090 medius
1505 2050 1563 2090 sic
1600 2049 1840 2091 intersecari
1871 2043 1923 2086 Θ.
1958 2048 2123 2103 Quippe
2160 2049 2360 2091 Graecum
2391 2034 2506 2089 Ε’ἦτα
2536 2050 2642 2093 illud
2677 2055 2741 2094 est

498 2128 670 2177 quartae
693 2133 891 2163 romanae
912 2121 1071 2162 litterae
1091 2119 1348 2172 adiunctum,
1372 2118 1627 2173 denotatque
1639 2120 1692 2160 D.
1715 2112 1767 2155 Θ·
1800 2119 1854 2160 At
1874 2118 1983 2160 diem
2016 2105 2293 2174 θανατηφόρον
2324 2120 2614 2174 mortiferum,
2639 2133 2737 2164 nam

496 2207 542 2236 ea
574 2205 721 2247 graeca
749 2193 888 2234 littera
918 2183 1024 2245 quae
1045 2191 1179 2245 prima
1196 2195 1263 2247 'est
1291 2191 1333 2231 in
1366 2201 1467 2232 voce
1496 2176 1698 2235 θάνατος,
1729 2189 1844 2244 apud
1874 2190 2070 2244 antiquos
2101 2193 2281 2231 mentem
2313 2190 2571 2245 exitiumque
2602 2191 2739 2234 decla-

495 2278 605 2307 rasse
623 2298 634 2318 ,
667 2265 766 2306 satis
803 2262 907 2304 illud
944 2263 1072 2303 Persii
1111 2261 1375 2316 comprobat.
1409 2264 1463 2303 Et
1494 2265 1601 2313 potis
1636 2266 1675 2301 ec
1706 2264 1800 2301 vitio
1837 2264 1994 2313 myrum
2027 2264 2252 2313 praestqere
2284 2253 2336 2297 Θ.
2372 2260 2510 2312 Quare
2540 2258 2738 2304 Martialis

495 2336 571 2378 lib.
598 2338 640 2378 7.
665 2334 719 2377 ad
749 2334 1006 2385 castrinum,
1027 2332 1113 2374 hoc
1142 2333 1279 2387 ipsum
1309 2325 1345 2368 Θ
1377 2332 1561 2387 appellat
1589 2331 1853 2374 mortiferum
1884 2332 2070 2385 signum,
2103 2335 2145 2373 et
2173 2331 2368 2373 lethalem
2396 2331 2532 2386 iuguli
2565 2338 2733 2387 notam,

493 2411 535 2449 et
556 2407 658 2449 olim
679 2407 727 2447 in
748 2405 844 2447 albo
871 2404 1040 2447 militari
1066 2403 1307 2445 nominibus
1334 2404 1572 2446 occisorum
1592 2402 1769 2444 militum
1795 2414 1844 2443 ea
1871 2406 1973 2444 nota
1999 2401 2332 2456 praefigebatur3
2358 2406 2405 2443 ut
2427 2405 2598 2445 summis
2624 2416 2736 2458 pon-

491 2476 698 2528 tificibus,
723 2475 913 2530 regibus,
930 2474 1107 2528 aliisque
1124 2473 1390 2528 principibus
1418 2473 1649 2521 demortuis
1676 2473 1719 2514 in
1747 2472 1948 2515 chronico
1972 2472 2265 2514 beneventano
2292 2471 2390 2514 cod.
2418 2477 2502 2514 vat.
2530 2486 2573 2515 n.
2601 2475 2730 2516 4928.

493 2549 606 2590 Haec
629 2547 687 2590 *de
718 2546 974 2601 aegyptiacis
1004 2544 1149 2586 diebus
1179 2546 1221 2585 in
1252 2543 1504 2586 kalendariis
1535 2543 1864 2585 Christianorum
1898 2542 2073 2596 receptis
2107 2544 2177 2595 (1).

604 2783 831 2823 (17²Hactsnus
855 2782 986 2814 doctum
1010 2782 1096 2813 hunc
1119 2781 1282 2813 Alemanni
1306 2781 1548 2822 producendum
1571 2781 1754 2813 censuimus
1775 2780 2063 2820 commentarium;
2086 2780 2192 2821 partes
2214 2780 2299 2812 enim
2320 2780 2391 2813 eius
2412 2781 2538 2822 aliquot
2551 2782 2627 2814 <tum
2650 2783 2736 2815 retro

484 2840 553 2870 tum
570 2837 608 2869 :in
630 2837 689 2869 hae
710 2835 856 2868 simmia
871 2836 1166 2876 praesentiarum,
1180 2835 1263 2876 quia
1281 2835 1334 2867 vel
1356 2835 1556 2875 sculptarum
1575 2834 1773 2867 tabellarum
1795 2834 1940 2874 defectu,
1960 2834 2010 2866 vel
2033 2834 2114 2866 alias
2135 2834 2177 2866 ob
2198 2843 2313 2867 causas
2334 2835 2388 2866 vix
2411 2835 2547 2876 intelligi
2567 2837 2732 2877 poterant,

485 2900 543 2924 nec
559 2891 693 2932 ,pfflilico
709 2890 894 2922 fructuosas
916 2888 1022 2921 visum
1042 2889 1082 2921 iri
1103 2889 1299 2930 punivimus.
1324 2889 1455 2920 Interim
1473 2889 1609 2929 belgicis
1634 2888 1854 2920 Bollandianis
1878 2896 2000 2920 novum
2022 2888 2084 2920 boc
2105 2889 2138 2920 et
2158 2888 2295 2920 sortasse
2316 2889 2458 2929 patrium
2483 2897 2549 2921 non
2572 2889 2735 2931 ingratum

486 2945 553 2977 sor'c
571 2942 794 2976 kalendarium
815 2950 998 2983 speramus;
1021 2942 1110 2983 quod
1131 2943 1216 2974 certe
1237 2941 1420 2974 addendum
1443 2943 1489 2974 esi
1512 2943 1561 2973 tot
1580 2941 1663 2982 illis,
1682 2950 1766 2982 quae
1785 2940 1970 2973 Fridericus
1989 2941 2147 2973 Altbanus
2168 2949 2252 2973 anno
2278 2944 2367 2974 1753.
2391 2936 2557 2983 impressit
2577 2943 2731 2975 venetiis.

487 3000 552 3030 Nos
574 2986 651 3029 vero
673 2995 841 3028 Alemanni
855 2996 980 3028 ‘famam
995 2994 1097 3028 tertio
1112 2995 1181 3028 hoc
1194 2995 1344 3028 <eiusdem
1362 2995 1487 3036 ‘scripto
1501 2994 1644 3027 ”libenter
1673 2994 1842 3035 auximus3
1865 2994 2020 3026 hactenus
2047 2995 2132 3026 enim
2153 2994 2282 3027 nonnisi
2305 2995 2408 3036 ipsius
2427 2995 2613 3028 dissertatio
2633 2996 2732 3028 histo·

486 3053 552 3084 rica
572 3049 702 3084 uetabat
722 3050 762 3082 de
777 3050 1035 3083 >lateranensibus
1049 3049 1241 3091 parietinis,
1256 3050 1296 3082 ‘et
1311 3035 1492 3090 illae-,prae
1514 3050 1639 3082 cunctis
1667 3049 1874 3082 doctissimae
1900 3048 1940 3080 ad
1963 3057 2113 3082 arcanam
2142 3049 2290 3090 Procopii
2316 3048 2484 3082 historiam
2510 3057 2625 3089 curae,
2647 3058 2732 3090 quae

485 3107 567 3138 inter
589 3104 776 3146 byzantinos
797 3104 968 3145 scriptores
991 3103 1156 3144 insiguiter
1178 3103 1313 3135 elucent.
1337 3106 1373 3135 A.
1397 3104 1441 3135 Μ.
