2970 4420
1085 250 1142 281 DE
1175 249 1457 282 KALENnamo
1479 248 1739 280 mmmmm.
1947 226 1949 230 v
2419 254 2543 290 nvn

277 327 333 370 ad
364 327 475 370 hanc
505 337 640 380 usque
662 323 771 366 diem
795 322 993 366 sollemni
1024 326 1232 367 maiorum
1261 325 1373 377 ritu,
1399 325 1672 380 eiusdemque
1698 322 1893 365 basilicae
1915 325 2105 366 canonici
2127 327 2282 369 Romae
2303 331 2426 372 tertio
2448 331 2545 374 idus

280 398 379 442 maii
409 395 636 440 recolimus
660 397 737 447 (1),
760 399 803 436 et
831 395 875 436 iu
907 394 999 437 aliis
1028 396 1259 450 provinciis
1289 409 1434 439 omnes
1457 397 1613 452 passim
1641 394 1842 437 ecclesiae
1863 394 2105 448 celebrant,
2131 402 2179 439 ut
2201 410 2251 439 ex
2273 390 2416 442 earum
2442 402 2543 444 bre-

278 469 420 511 viariis
448 467 606 521 liquet,
630 470 672 508 et
695 478 746 507 ex
766 466 1053 509 vetustissimo
1075 468 1228 510 missali
1249 459 1445 510 vaticano
1475 480 1520 509 n.
1550 467 1691 518 4770,
1717 465 1936 523 orationali
1967 478 2011 507 n.
2037 467 2179 520 4772,
2204 469 2246 511 in
2271 470 2425 524 quibus
2455 486 2540 516 non

277 537 572 582 communibus
602 536 880 579 dedicationis
901 538 1078 581 aliarum
1100 539 1368 582 ecclesiarum
1392 539 1589 595 precibus
1611 537 1686 580 sed
1714 536 2001 592 peculiaribus
2021 538 2135 580 hisce
2162 540 2325 592 agitur:
2350 543 2427 584 111.
2452 545 2542 586 idus

276 613 373 651 maii
402 610 598 650 dedicatio
630 609 815 650 basilicae
837 611 1075 662 salvatoris,
1105 616 1145 651 et
1165 616 1322 651 sanetae
1349 608 1505 651 Mariae
1529 611 1584 650 acl
1603 613 1811 662 martyres.
1848 609 2021 668 Concede
2047 622 2280 661 quaesumus
2302 616 2541 664 omnipotens

259 671 386 723 *Deus
417 683 472 723 ad
498 695 633 722 eorum
662 695 731 722 nos
756 674 909 734 qaudia
940 689 1100 724 aelerna
1121 685 1371 736 pertimere,
1402 684 1451 724 de
1480 695 1648 735 quorum
1677 694 1747 722 nos
1774 681 1922 721 virtute
1951 682 2092 722 tribuis
2122 694 2255 723 annua
2283 685 2540 727 sollemnitate

272 755 465 806 qauderc.
500 752 618 794 Haec
650 765 780 807 porro
814 753 1041 807 festivitas,
1064 754 1162 796 li'c‘et
1182 754 1225 795 in
1250 753 1358 794 hanc
1388 753 1592 794 translata
1622 751 1755 803 diem,
1778 751 1949 805 alioque
1978 752 2104 794 titulo
2129 753 2348 807 insignita,
2372 754 2456 797 hoc
2478 743 2540 799 est

275 825 464 866 omnium
488 828 731 865 sanctorum
747 855 758 875 ,
780 828 922 866 tamen
944 825 1121 866 Panthei
1152 823 1333 866 dedicati
1355 836 1510 865 nomen
1527 856 1538 878 ,
1561 823 1682 864 cuius
1702 823 1925 864 occasione
1944 822 2071 877 longe
2093 823 2302 866 celebrior
2323 824 2431 867 facta
2453 831 2536 878 est,

273 899 442 949 semper
470 894 646 936 retinuit
666 895 708 936 in
731 894 1074 937 Kalendariorum
1095 895 1249 947 titulis,
1273 894 1391 949 quod
1415 908 1466 936 ex
1487 894 1572 936 1100
1595 893 1791 948 pugillari
1812 894 2130 949 comprobatur.
2165 896 2222 938 At
2242 896 2380 950 pictor
2403 898 2539 939 cuius-

271 965 376 1007 libet
407 966 553 1020 potius
584 966 783 1007 ecclesiae
813 966 1014 1017 formam,
1037 978 1163 1021 quam
1195 965 1371 1007 Panthei
1395 969 1650 1011 structuram
1671 964 1938 1020 figuramque
1958 964 2138 1007 aedificii
2170 965 2420 1021 delineavit,
2445 972 2537 1010 tur-

272 1048 424 1091 resque
447 1032 733 1091 campanarias
754 1037 957 1092 apposuit
970 1067 982 1089 ,
1003 1037 1198 1091 ipsasque
1229 1036 1420 1090 appinxit
1451 1048 1677 1090 campanas
1696 1035 1749 1078 ad
1770 1035 1943 1078 aliarum
1963 1037 2230 1079 ecclesiarum
2256 1050 2378 1079 usum
2409 1043 2536 1093 atque

271 1107 645 1150 cousuetudinem:
675 1120 775 1161 nam
807 1108 936 1162 longe
966 1112 1065 1163 post
1093 1107 1256 1149 editum
1286 1106 1371 1149 hoc
1400 1107 1610 1161 pugillare
1640 1107 1831 1150 Pantheo
1860 1108 2082 1163 impositae
2109 1113 2206 1150 sunt
2237 1110 2360 1151 nolae
2389 1113 2430 1151 et
2460 1123 2537 1152 no-

269 1179 448 1232 larium,
482 1183 530 1221 ut
563 1183 626 1221 est
657 1181 700 1221 in
730 1179 815 1221 hoc
847 1179 1033 1222 eiusdem
1062 1179 1258 1222 basilicae
1289 1178 1448 1234 lapide.

738 1300 785 1329 IN
817 1300 863 1329 N.
896 1299 991 1329 DNI.
1026 1299 1111 1329 AM.
1144 1299 1266 1329 ANNO
1297 1299 1582 1329 NATIVITATIS
1612 1300 1802 1330 EIVSDEM
1834 1300 2066 1331 M'CG'LXX’

544 1370 806 1400 INDICTIONE
840 1371 956 1400 ’XIII’
993 1371 1136 1400 MENSE
1167 1371 1298 1400 IVNII.
1333 1370 1410 1399 DIE
1440 1370 1575 1400 SECDA
1604 1371 1875 1402 APOSTOLICA
1905 1373 2010 1402 SEDE
2041 1372 2256 1402 VACANTE.

466 1444 568 1475 TPR.
602 1444 681 1473 DM
711 1443 971 1473 PANDVLPHI
1002 1443 1059 1473 DE
1088 1444 1252 1473 SEBVRA
1282 1443 1526 1478 ARCHIPBRI
1557 1442 1787 1472 ECCLESIAE
1816 1443 1890 1473 SCE
1919 1442 2328 1483 MARIAE‘ROTVNDE

686 1517 741 1546 ET
773 1516 874 1546 PBRI
905 1515 1052 1545 PETRI.
1087 1516 1191 1545 PBRI
1222 1515 1435 1544 DEODATI.
1468 1515 1600 1545 PETRI
1629 1515 1908 1545 BARSELLONE
1937 1515 2113 1545 ROMANI
2389 1499 2394 1503 ”

364 1587 494 1617 PETRI
523 1586 734 1616 CORRADI.
767 1583 1026 1616 I'AVLIIOKIS
1043 1574 1077 1616 ἡ.
1111 1587 1258 1615 PETRI.
1292 1585 1347 1615 ET
1376 1586 1566 1615 TEBALDI
1596 1586 1654 1615 DE
1683 1585 1858 1615 ALPlNIS
1887 1587 2076 1616 EIVSDEM
2105 1586 2259 1616 ECCLIE
2285 1585 2423 1616 CLICIS

954 1657 1091 1688 FACTE
1121 1657 1324 1687 FVERVNT
1354 1657 1472 1687 NOLE
1501 1657 1555 1686 ET
1585 1657 1838 1687 NOLARIVM.

515 1796 517 1799 ,
1037 1754 1176 1805 Imaqo
1206 1748 1400 1804 secunda,
1433 1755 1570 1805 tertia,
1602 1757 1761 1804 quarta.

379 1826 481 1866 Tres
511 1828 818 1878 consequentes
846 1822 1096 1865 festivitates
1123 1824 1237 1865 notis
1268 1823 1602 1879 hieroglyphicis
1633 1823 1775 1877 pictor
1804 1823 2066 1876 subindicat,
2090 1837 2187 1866 nam
2219 1825 2339 1867 aliter
2369 1837 2434 1867 eas
2458 1837 2528 1866 ex-

263 1898 447 1952 primere
482 1895 660 1937 tabellae
694 1896 912 1950 angustiae
950 1895 1283 1950 prohibuerunt.
1319 1896 1464 1937 Primo
1498 1895 1596 1936 loco
1629 1895 1817 1937 omnium
1853 1894 2041 1937 fidelium
2077 1896 2374 1938 defunctorum
2409 1909 2527 1938 com-

266 1968 616 2011 memorationem
653 1967 773 2008 calva
800 1967 980 2008 notavit.
1006 1967 1156 2008 ‘Tertio
1190 1966 1288 2008 loco
1329 1965 1609 2020 compedibus
1641 1966 1796 2009 festum
1830 1967 1966 2008 sancti
1994 1967 2205 2008 Leonardi
2239 1980 2365 2020 quem
2399 1967 2529 2008 vincti

2569 1592 2581 1606 ¹·
2598 1590 2640 1618 ita
2660 1589 2728 1618 cod.

262 2045 488 2095 patronum
516 2038 716 2080 invocare
746 2038 899 2080 solent.
934 2039 1038 2080 Nam
1065 2038 1233 2091 siguum
1261 2037 1381 2092 quod
1408 2037 1598 2079 secundo
1626 2037 1724 2079 loco
1753 2039 1920 2092 posuit,
1947 2037 2183 2080 discernere
2209 2042 2280 2079 aut
2311 2039 2527 2080 nominare
2574 2045 2599 2049 7*

262 2123 343 2165 ego
377 2110 546 2165 quidem
582 2110 747 2163 nescio,
781 2109 938 2151 nedum
968 2109 1177 2164 explicare
1209 2108 1312 2163 quid
1344 2109 1524 2151 maxime
1554 2108 1743 2150 denotet.

417 2212 422 2218 .
725 2215 729 2219 ,
1232 2181 1372 2232 Imaqo
1402 2181 1558 2232 quinta.

379 2252 533 2293 Notior
561 2256 624 2292 est
656 2263 785 2306 quam
813 2255 862 2292 ut
890 2250 1039 2293 referri
1071 2263 1096 2292 a
1127 2250 1253 2292 nobis
1283 2250 1458 2304 debeat,
1482 2250 1661 2292 historia
1692 2250 1827 2292 sancti
1857 2250 2027 2292 Martini
2053 2250 2242 2304 episcopi
2264 2251 2524 2302 turonensis,

245 2326 387 2377 vquem
422 2322 640 2364 *Ambianis
671 2324 730 2364 ita
763 2322 937 2377 depingi
967 2335 992 2364 a
1028 2322 1193 2364 civibus
1221 2322 1514 2375 consuevisse,
1549 2326 1699 2364 auctor
1731 2326 1796 2363 est
1825 2321 2020 2364 Molauus
2053 2321 2130 2363 lib.
2157 2322 2234 2362 ΙΙΙ.
2266 2321 2366 2363 hist.
2395 2322 2522 2376 imag.

250 2408 355 2449 cap.
389 2395 471 2447 47,
506 2394 623 2449 quod
655 2395 858 2436 Martinus
889 2406 1044 2448 nempe
1076 2393 1192 2448 apud
1222 2393 1341 2447 illos,
1375 2406 1471 2436 cum
1501 2393 1641 2435 adhuc
1676 2393 1721 2434 in
1751 2393 1896 2434 castris
1925 2397 2163 2434 versaretur
2193 2405 2423 2447 pauperem
2458 2392 2525 2434 di-

192 2520 195 2522 ,
257 2466 433 2508 midiata
461 2465 685 2521 chlamyde
712 2465 1112 2507 contexeritsAlibi
1143 2465 1300 2507 similes
1330 2465 1536 2519 imagines
1565 2464 1730 2522 passim
1753 2463 1899 2505 haberi
1930 2463 2040 2505 idem
2071 2463 2266 2505 affirmat.

333 2572 337 2576 .
1239 2538 1377 2589 Imaqo
1406 2542 1536 2578 sexta.

375 2608 529 2649 Notior
557 2609 658 2662 item
691 2611 754 2649 est
787 2620 926 2663 quam·
943 2612 992 2650 ut
1020 2608 1169 2651 referri
1199 2608 1268 2650 1110
1297 2600 1453 2650 ¹debeat
1485 2607 1618 2649 sancti
1641 2607 1868 2649 Clementis
1890 2607 2055 2648 romani
2077 2606 2280 2658 historia,
2309 2606 2384 2660 qui
2412 2605 2524 2659 apud

258 2679 515 2721 Chersonam
530 2709 541 2730 ‚
564 2691 766 2733 suspensa
787 2678 843 2720 ad
871 2679 1030 2720 collum
1054 2688 1236 2731 ancora,
1262 2679 1307 2721 in
1327 2692 1443 2720 mare
1472 2678 1687 2720 demersus
1710 2682 1787 2720 est.
1820 2678 1990 2729 Navalis
2013 2678 2117 2719 haec
2143 2678 2283 2731 imago
2314 2677 2521 2731 loquitur.

527 2800 539 2806 κ
1213 2751 1352 2802 Jmayo
1382 2752 1567 2803 septima.

372 2820 504 2874 Regia
533 2820 576 2861 111
603 2821 742 2873 capite
767 2831 952 2872 corona,
976 2824 1071 2861 rota
1090 2819 1135 2861 in
1159 2819 1355 2871 dextera,
1379 2821 1561 2874 insignia
1582 2825 1680 2861 sunt
1713 2819 1870 2874 quibus
1893 2819 2115 2861 Catherina
2140 2819 2260 2871 virgo
2292 2823 2335 2859 et
2361 2821 2523 2871 martyr

253 2890 305 2933 fit
335 2891 536 2932 omnibus
553 2894 690 2943 .nota;
726 2894 890 2944 praeter
917 2902 1044 2944 quam
1073 2890 1190 2944 quod
1223 2890 1312 2932 dies
1342 2891 1412 2932 hic
1440 2894 1613 2932 notatus
1643 2891 1680 2932 is
1706 2894 1770 2932 est
1794 2891 1837 2931 in
1868 2902 1996 2944 quem
2027 2890 2115 2931 eius
2142 2889 2295 2930 festum
2317 2887 2517 2929 incurrit:

254 2962 375 3016 quod
403 2962 585 3013 festum,
612 2973 872 3016 quamquam
906 2960 1021 3015 apud
1055 2961 1239 3002 Graecos
1267 2961 1604 3015 antiquissimum
1637 2965 1724 3012 est,
1755 2973 1842 3002 non
1872 2961 1974 3002 item
2003 2959 2118 3014 apud
2148 2959 2340 3010 LatinOS,
2372 2970 2397 2999 a
2424 2956 2522 3012 qui·

254 3027 359 3086 bus,
383 3033 418 3075 si
442 3033 612 3074 Molano
634 3032 679 3073 in
709 3032 823 3072 notis
843 3030 896 3073 ad
922 3030 1131 3074 Usardum
1159 3030 1391 3082 credimuS,
1417 3035 1516 3084 post
1539 3030 1869 3085 expeditionem,
1895 3031 1938 3071 in
1967 3029 2243 3070 Palaestinam
2267 3027 2323 3069 ob
2347 3031 2521 3082 accepta

257 3107 348 3147 eius
378 3104 577 3160 precibus
608 3116 637 3145 a
661 3104 752 3144 Deo
785 3102 1014 3163 beneficia,
1048 3103 1090 3144 in
1124 3103 1288 3144 honore
1322 3103 1465 3156 coepit
1497 3101 1658 3143 haberi.
1694 3103 1787 3143 Hoc
1820 3106 1905 3150 tam
1935 3113 2081 3153 verum
2111 3112 2198 3141 esse
2231 3099 2440 3151 arbitror,
2473 3103 2520 3141 ut

252 3193 339 3221 non
369 3179 501 3220 multa
527 3177 718 3232 indigeat
747 3177 1019 3232 probatione.
1053 3178 1102 3218 111
1137 3176 1348 3218 veteribus
1383 3175 1569 3217 romanis
1601 3176 1688 3216 sive
1720 3175 1856 3216 latinis
1887 3173 2143 3215 kalendariis
2178 3170 2354 3227 aliisque
2385 3171 2518 3214 ritua-

250 3250 364 3292 libus
392 3249 539 3303 libris,
572 3261 782 3303 nusquam
818 3235 1085 3290 hocfestum
1118 3252 1307 3302 apparet.
1345 3248 1466 3288 Mitto
1498 3245 1798 3288 sacramentale
1829 3246 2150 3298 gregorianum,
2185 3243 2407 3285 lectionale
2442 3255 2516 3285 ro·

251 3330 421 3362 manum
454 3324 539 3362 vat.
566 3332 609 3361 n.
637 3320 779 3370 5729,
801 3319 968 3361 missale
1001 3332 1045 3360 n.
1072 3319 1214 3370 4770,
1248 3331 1300 3365 ne
1333 3317 1610 3359 vetustissima
1639 3317 1683 3357 111
1710 3315 1899 3358 medium
1930 3316 2081 3357 afferre
2115 3316 2246 3358 modo
2281 3315 2513 3356 videamur.

252 3391 377 3434 Mitto
410 3392 536 3432 etiam
571 3390 806 3432 orationale
833 3403 879 3432 n.
907 3391 1037 3431 3548.
1066 3389 1186 3444 quod
1215 3391 1470 3443 imperatore
1501 3387 1776 3428 Constantino
1804 3387 2090 3428 monomacho
2127 3386 2383 3442 descriptum
2411 3385 2514 3439 fuit,

250 3463 334 3504 hoc
361 3466 425 3505 est
455 3461 734 3516 quadraginta
762 3461 897 3502 ferme
924 3473 1058 3503 annos
1090 3465 1316 3515 antequam
1348 3459 1476 3501 duces
1507 3458 1560 3500 ab
1590 3457 1764 3500 Urbano
1793 3457 1980 3499 secundo
2013 3470 2137 3499 cruce
2166 3458 2341 3511 signati,
2365 3457 2410 3498 in
2440 3457 2518 3498 Pa-

248 3533 449 3576 laestinae
477 3531 684 3574 barbaros
713 3522 829 3574 arma
856 3535 1086 3573 sumerent.
1122 3531 1247 3572 Mitto
1269 3530 1450 3584 denique
1471 3527 1762 3570 kalendarium
1784 3540 1830 3569 n.
1858 3529 1989 3569 3101.
2014 3540 2037 3569 a
2065 3527 2292 3571 Benedicto
2314 3526 2515 3583 acolytho

249 3607 461 3645 exaratum
488 3603 531 3644 in
560 3601 818 3645 membranis
848 3615 959 3644 anno
992 3602 1163 3644 Domini
1191 3601 1413 3643 millesimo
1445 3599 1755 3654 septuagesimo
1783 3599 1992 3653 septimo,
2022 3598 2132 3641 idest
2162 3598 2327 3641 decimo
2360 3602 2512 3640 octavo

247 3660 345 3730 ante
376 3685 504 3727 quam
538 3672 668 3714 iidem
705 3678 830 3715 cruce
863 3673 1016 3727 signati
1053 3671 1180 3714 duces
1214 3672 1259 3712 in
1290 3670 1568 3712 Palaestinam
1602 3669 1948 3711 transmitterent.
1984 3670 2034 3711 In
2069 3669 2133 3711 his
2168 3669 2364 3712 omnibus
2395 3667 2515 3711 libris

365 3774 410 3817 (1)
434 3777 518 3809 Hinc
540 3785 696 3818 apparere
715 3776 846 3809 videtur
867 3777 938 3810 Nic.
962 3777 1178 3812 Alemannum
1200 3775 1301 3808 fuisse
1321 3775 1392 3807 eius
1414 3773 1567 3805 basilicae
1588 3772 1794 3806 canonicum.
1817 3774 1853 3805 ln
1874 3772 2004 3806 sclicdis
2025 3773 2249 3822 lvalicellianis
2271 3773 2414 3820 legebam
2434 3774 2513 3805 Leo·

250 3837 324 3861 nem
349 3837 482 3871 quoquc
501 3829 657 3863 Allatium
680 3830 845 3871 optavisse
869 3829 1002 3863 alterius
1022 3829 1193 3869 ecclesiae,
1211 3827 1243 3860 id
1268 3829 1315 3860 est
1337 3829 1371 3859 S.
1393 3827 1516 3858 Mariae
1537 3826 1568 3858 in
1588 3826 1640 3858 via
1659 3824 1741 3867 lata,
1760 3826 2004 3866 canonicatum,
2025 3826 2081 3859 sed
2100 3834 2164 3859 non
2185 3827 2374 3867 impetrasse
2408 3829 2444 3858 Α.
2466 3826 2510 3876 Μ.
