2970 4420
0 220 9 243 ι

0 246 7 291 i

1086 314 1142 347 ΒΕ
1163 314 1456 355 ,xnmmnuo
1490 313 1739 346 rumunn-
2450 320 2541 354 nv

280 388 404 432 vitas·
425 391 468 430 et
496 388 541 430 in
570 388 661 431 aliis
691 388 894 431 vaticanis
923 388 1197 444 kalendariis,
1230 391 1303 434 sed
1331 388 1484 434 vereor
1512 394 1562 433 ut
1590 390 1675 432 hoc
1702 389 1859 432 festum
1891 391 2160 445 transalpinis
2190 394 2353 437 celebre
2382 398 2448 439 sit.
2483 400 2545 441 Ex

282 472 437 505 eorum
465 460 596 515 igitur
615 450 871 502 kalendariis
898 459 979 503 hos
1000 460 1100 505 licet
1127 462 1344 518 proferre,
1367 462 1562 504 Priscum
1587 461 1834 516 episcopum
1855 465 1898 502 et
1919 465 2147 516 martyrem
2161 493 2172 514 ,
2195 468 2237 505 et
2257 465 2424 520 Lupum
2455 469 2546 523 epi-

281 546 464 590 scopum
493 537 534 576 et
562 532 873 587 confessorem,
897 546 1007 588 quos
1036 548 1121 577 una
1148 535 1339 578 Kalendis
1368 534 1680 591 septembribus
1710 533 1857 576 colunt
1876 534 2121 576 Anicieuces
2150 539 2276 590 atque
2302 537 2541 583 Trecenses.

283 606 441 649 Verum
472 605 680 659 Aptensas
710 604 924 648 celebrant
954 606 1179 660 Aegidium
1208 612 1251 650 et
1283 609 1477 662 Lupum,
1509 606 1794 650 vercellenses
1824 609 1964 648 autem
2000 607 2190 648 Priscum
2222 611 2264 649 et
2295 609 2541 664 Aegidium,

283 674 471 731 denique
500 676 724 718 Remenses
762 676 840 718 hac
874 676 941 718 die
974 682 1229 720 venerantur
1262 678 1421 720 Sixtum
1458 683 1500 720 et
1528 677 1772 734 Synnicium
1804 677 2045 732 episcopos
2078 678 2302 721 Posuimus
2337 679 2466 723 hosce
2495 695 2543 724 ex

287 747 486 790 vaticano
518 746 665 790 codice
695 760 740 789 n.
767 735 907 800 38063
938 747 1035 791 illos
1057 761 1158 790 vero
1178 761 1226 791 ex
1251 748 1494 791 earumdem
1521 749 1710 803 gentium
1730 747 1953 790 breviariis
1975 748 2250 802 collegimus,
2276 747 2411 791 donec
2442 751 2545 794 illud

284 817 461 860 tandem
491 819 700 870 emergat,
732 829 823 872 quo
853 818 931 860 hae
961 819 1227 861 coniecturae
1257 819 1323 861 vel
1352 819 1688 874 comprobentur
1717 819 1782 861 vel
1813 820 2094 873 corrigantur.

1239 891 1378 943 lmaqo
1408 893 1593 933 secunda.

405 949 616 1003 Consueta
644 960 784 1014 pictor
815 960 999 1014 imagine
1030 973 1115 1016 qua
1143 961 1220 1002 Dei
1250 961 1465 1014 genitricis
1495 962 1646 1004 Mariae
1677 961 1784 1004 festa
1810 962 1977 1016 signare
2002 961 2135 1015 solet,
2169 963 2258 1004 eius
2289 963 2360 1005 hic
2392 963 2547 1006 natali-

287 1031 394 1073 tium
427 1029 563 1084 diem,
595 1031 670 1085 qui
702 1031 745 1073 in
777 1036 941 1073 sextum
971 1031 1065 1074 idus
1094 1028 1342 1088 septembris
1371 1032 1509 1084 cadit,
1542 1034 1821 1087 consignavit.

1039 1158 1042 1162 .
1266 1104 1404 1155 Imayo
1437 1105 1570 1144 tertia.

400 1172 713 1214 ‘Exaltationem
735 1177 903 1215 sanctae
926 1174 1062 1216 crucis
1081 1173 1150 1215 hic
1171 1173 1314 1228 pictor
1335 1173 1523 1216 denotat.
1558 1174 1652 1216 Hoc
1675 1174 1827 1217 festum
1854 1175 1980 1229 longe
2000 1180 2096 1218 ante
2120 1175 2323 1217 celebrari
2343 1179 2544 1231 coeptum

277 1242 417 1284 *fuisse
447 1255 577 1298 quam
609 1242 663 1285 ab
695 1243 894 1286 Heraclio
922 1245 1062 1286 crucis
1080 1244 1252 1298 *lignum
1281 1249 1623 1299 recuperaretur,
1656 1258 1783 1300 supra
1812 1245 1897 1288 dixi
1927 1245 1980 1288 ad
2011 1247 2205 1301 quintum
2235 1258 2369 1288 nonas
2397 1247 2542 1290 maias,

1254 1316 1396 1367 Imaqo
1425 1321 1584 1367 quarta.

407 1385 549 1427 Pridie
579 1384 675 1427 festi
705 1386 839 1427 sancti
861 1384 1061 1427 Matthaei
1090 1386 1292 1428 ieiunium
1322 1386 1547 1439 iudicitur,
1571 1388 1661 1441 ipse
1684 1391 1824 1429 autem
1854 1393 2059 1431 consueto
2082 1388 2372 1443 apostolorum
2401 1389 2548 1431 habitu

284 1457 506 1512 pingitur3
532 1469 662 1498 manu
683 1469 788 1499 vero
819 1445 920 1499 num
952 1457 1185 1509 calamum,
1211 1460 1265 1499 a'n
1295 1457 1466 1498 lanceae
1487 1457 1703 1512 cuspidem
1728 1458 1961 1512 praeferat,
1985 1460 2085 1502 satis
2115 1459 2316 1514 dispicere
2339 1472 2426 1502 non
2457 1465 2542 1502 est:

290 1529 393 1569 haec
421 1527 640 1583 martyrii,
672 1526 744 1569 ille
774 1527 904 1570 officii
934 1528 1060 1570 fuerit
1089 1529 1269 1582 insigne.

1259 1605 1398 1653 lmaqo
1427 1602 1582 1653 quinta.

408 1671 488 1713 Hic
516 1674 579 1712 est
609 1671 754 1725 Lupus
783 1670 1129 1725 archiepiscopus
1158 1670 1445 1724 lugdunensis.
1479 1670 1756 1713 Ecclesiarum
1790 1672 2143 1727 transalpinarum
2174 1672 2342 1716 tabulae
2374 1685 2545 1725 omnes,

269 1753 399 1801 *quae
428 1741 532 1783 mihi
561 1746 821 1796 suppetunt,
854 1741 973 1783 illum
1003 1741 1149 1784 eadem
1179 1741 1251 1784 die
1278 1746 1473 1783 notatum
1509 1741 1685 1784 habent.
1718 1743 1779 1784 Ex
1808 1741 1894 1784 hoc
1923 1755 2025 1784 vero
2059 1743 2156 1786 loco
2190 1743 2312 1785 facile
2342 1743 2549 1798 probatur

239 1822 254 1842 t
287 1812 411 1854 cuius
441 1811 641 1862 ecclesiae
671 1812 755 1854 hoc
784 1812 913 1853 suerit
942 1812 1174 1866 pugillare,
1207 1813 1244 1854 si
1274 1811 1389 1866 apud
1420 1824 1545 1866 quem
1575 1812 1786 1868 populum
1813 1817 1899 1854 tam
1929 1813 2122 1857 sollemni
2153 1814 2262 1868 ritu,
2288 1814 2371 1856 hoc
2401 1819 2463 1856 est
2491 1815 2549 1856 ie-

290 1883 432 1936 iunio,
466 1879 595 1938 quod*
615 1882 686 1924 hic
716 1883 944 1937 pisciculus
973 1882 1153 1936 indicat,
1186 1883 1274 1925 eius
1306 1883 1555 1925 memoriam
1580 1882 1787 1925 honorari
1816 1883 2068 1927 constiterit.

542 1942 545 1952 ¹
1275 1956 1415 2007 Imoqo
1443 1960 1575 1996 sexta.

409 2026 629 2069 Dedicatio
661 2026 861 2068 ecclesiae
889 2026 1022 2081 sancti
1043 2025 1256 2068 Michaelis
1286 2025 1402 2080 apud
1431 2026 1689 2080 Sipontiuos.
1724 2028 1785 2068 De
1811 2026 1961 2069 habitu
1991 2026 2265 2080 Archangeli,
2291 2040 2338 2068 ex
2364 2026 2550 2083 Chryso-

294 2102 432 2140 stomo
465 2097 675 2152 quaedam
706 2097 851 2139 notavi
881 2097 937 2140 ad
966 2100 1166 2140 octavum
1193 2096 1397 2139 kalendas
1425 2097 1586 2152 aprilis.

611 2252 813 2283 SECUNDA
841 2252 1050 2293 QUARTAE
1079 2252 1306 2283 TABELLAE
1336 2251 1485 2284 FACIES
1511 2252 1734 2284 CONTINET
1764 2254 1944 2286 MENSEM
1975 2252 2226 2285 ocTOBREM.

1262 2385 1351 2427 Ima
1379 2399 1401 2427 o
1468 2391 1587 2429 rima.

413 2456 495 2498 Hic
524 2461 586 2498 est
615 2457 865 2512 episcopuS,
896 2460 944 2499 ut
972 2456 1106 2499 infula
1134 2400 1390 2512 praeseferiz
1414 2400 1490 2500 εἴι-
1517 2462 1658 2500 autem
1680 2471 1767 2501 non
1788 2458 2039 2514 pastoralem
2062 2455 2286 2510 baculum,
2309 2461 2357 2499 ut
2382 2455 2555 2511 reliquis

297 2528 564 2581 praesulibus
583 2527 713 2581 solet,
736 2527 810 2570 sed
832 2529 1086 2582 geminatam
1109 2533 1277 2571 crucem
1297 2530 1438 2584 pictor
1457 2531 1500 2571 in
1523 2543 1695 2572 manum
1715 2530 1900 2587 dederit,
1924 2543 2052 2585 quam
2077 2531 2150 2572 uni
2172 2529 2379 2583 Gregorio
2401 2540 2576 2582 magno.

298 2603 341 2639 et
370 2598 551 2640 Iohanni
579 2598 788 2653 baptistae
817 2599 859 2640 iu
889 2599 974 2640 hoc
1003 2599 1203 2654 pugillari
1232 2602 1463 2654 concessit,
1486 2613 1537 2642 ea
1566 2613 1692 2644 causa
1721 2606 1803 2655 est,
1830 2602 1932 2657 quia
1954 2601 2099 2643 franco
2125 2598 2275 2642 artifici
2296 2599 2557 2641 Francorum

268 2731 271 2733 -
295 2669 589 2723 apostolorum
617 2670 857 2724 Remigium
886 2672 946 2713 ita
975 2670 1178 2713 decorare
1207 2671 1350 2714 libuit.
1383 2672 1736 2715 Wandelbertus:

883 2743 1055 2783 Francos
1083 2746 1153 2794 qui
1177 2745 1335 2801 primus
1363 2745 1516 2796 docuit,
1549 2745 1775 2796 domuitque
1795 2744 1953 2795 seroces

885 2814 1086 2865 Remiqius
1108 2815 1276 2866 proprio
1306 2816 1496 2856 octobrem
1522 2817 1759 2869 praesiqnat
1789 2817 1948 2856 honore.

301 2882 350 2923 ln
389 2881 574 2924 concilio
604 2882 883 2935 moguntino,
916 2882 1056 2924 Caroli
1089 2884 1230 2937 magni
1258 2888 1453 2939 tempore
1492 2884 1704 2927 celebrato
1722 2916 1734 2938 ,
1771 2886 1882 2927 inter
1912 2885 2018 2926 festa
2055 2884 2251 2926 ecclesiae
2287 2881 2557 2924 sollemniora

300 2952 385 2995 hoc
419 2952 554 2995 sancti
582 2952 762 3006 Remigii
793 2956 1048 2995 recensetur.

1253 3026 1391 3078 Imaqo
1420 3027 1607 3066 secunda.
2309 3074 2313 3075 ⁷

416 3097 591 3138 Sanctae
619 3095 736 3138 Fidei
768 3097 940 3150 virginis
961 3100 1005 3137 et
1026 3096 1225 3151 martyris
1253 3096 1600 3150 sollemnitatem,
1623 3109 1751 3151 quam
1774 3096 1894 3139 nullo
1917 3108 2004 3138 non
2020 3098 2069 3138 in
2090 3095 2298 3137 breviario
2329 3094 2555 3148 gallicana-

302 3178 398 3208 rum
429 3166 698 3209 ecclesiarum
729 3167 869 3221 legeS,
901 3167 1003 3209 licet
1031 3167 1356 3223 hieroglyphico
1387 3167 1513 3222 plane
1539 3168 1662 3222 signo
1696 3169 1849 3222 pictor.
1870 3167 2060 3219 notavit3
2093 3178 2190 3209 nam
2221 3166 2365 3209 dextra
2393 3177 2478 3221 qua
2507 3179 2558 3208 ex

303 3249 423 3279 more
441 3237 568 3280 fidem
590 3237 740 3281 damus
753 3270 765 3291 ,
787 3238 933 3281 Fidem
964 3239 1170 3293 virginem
1191 3250 1427 3293 expressam
1450 3238 1628 3292 intelligi
1649 3239 1797 3280 voluit.
1830 3239 1928 3280 Eius
1950 3239 2145 3293 exemplo
2165 3237 2314 3280 beatus
2338 3237 2558 3293 Caprasius

302 3297 358 3350 ad
378 3309 630 3364 martyrium
656 3310 886 3362 animatus,
912 3321 1092 3364 agonem
1111 3322 1237 3352 suum
1259 3310 1437 3351 feliciter
1457 3311 1789 3361 consummavit,
1811 3314 1859 3350 ut
1880 3313 1944 3350 est
1964 3310 2007 3350 in
2029 3321 2206 3351 romano
2229 3309 2555 3364 martyrologio.

1249 3382 1386 3434 Imaqo
1415 3383 1603 3422 secunda.
1658 3411 1664 3418 .

423 3446 608 3493 Primum
639 3453 859 3495 Gallorum
896 3453 1137 3508 apostolum
1173 3452 1423 3507 Dionysium
1463 3453 1774 3506 areopagitam,
1806 3447 1933 3506 quem
1970 3451 2040 3494 hic
2074 3452 2215 3505 vides,
2250 3464 2396 3494 omnes
2434 3451 2557 3505 galli-

304 3533 504 3564 canarum
532 3522 802 3565 ecclesiarum
830 3523 1001 3566 tabulae
1033 3524 1291 3578 descriptum
1320 3523 1480 3565 habent
1507 3522 1587 3565 hac
1615 3522 1686 3564 die
1714 3535 1829 3565 nona
1858 3522 2064 3565 octobris.
2098 3523 2174 3566 Ille
2203 3536 2306 3566 vero
2335 3524 2463 3565 tertia
2492 3522 2559 3566 die

304 3597 473 3636 notatus
501 3595 546 3636 in
577 3595 709 3637 veteri
736 3607 914 3638 romano
945 3595 1279 3650 martyrologio,
1311 3592 1381 3637 ab'
1396 3595 1480 3640 hoc
1511 3594 1701 3637 diversus
1734 3599 1884 3637 nostro
1920 3598 1998 3636 est.
2032 3595 2182 3638 Graeci
2210 3607 2259 3638 ea
2291 3594 2360 3638 die
2394 3596 2559 3649 Diony-

303 3664 414 3706 sium
451 3663 682 3707 celebrant.
715 3666 776 3708 Ex
810 3667 1070 3708 Graecorum
1099 3665 1348 3719 menologiis
1376 3666 1423 3707 in
1454 3669 1575 3707 vetus
1610 3677 1832 3707 romanum
1866 3665 2216 3721 martyrologium
2231 3698 2243 3720 ,
2275 3678 2323 3708 ea
2356 3665 2561 3708 festivitas

252 3747 255 3759 *
305 3735 515 3789 manavit,
540 3748 670 3790 quam
698 3737 743 3778 in
773 3749 850 3779 sua
878 3736 1015 3790 Beda,
1040 3735 1274 3797 Usuardus,
1305 3739 1348 3777 et
1373 3735 1447 3777 alii
1477 3734 1735 3777 derivarunt.
1769 3737 1830 3778 Ex
1858 3736 1936 3789 iis,
1961 3748 2071 3792 quos
2099 3736 2271 3780 videndi
2302 3736 2404 3778 mihi
2434 3735 2560 3790 copia

304 3806 410 3857 fuit,
436 3808 642 3860 Aptenses
669 3808 712 3849 in
734 3807 868 3850 Gallia
896 3807 1151 3850 narbonensi
1171 3807 1420 3861 Dionysium
1451 3805 1666 3848 celebrant
1687 3807 1838 3862 quinto
1861 3819 1996 3851 nouas
2025 3813 2067 3867 et
2097 3808 2279 3864 septimo
2311 3806 2405 3849 idus
2436 3810 2558 3848 octo-

303 3874 416 3928 briS,
450 3875 727 3932 eumdemque
756 3878 1042 3933 areopagitam
1074 3877 1322 3933 Dionysium
1355 3877 1565 3932 appellant
1596 3881 1637 3919 et
1668 3882 1917 3932 agnoscunt.
