2970 4420
504 273 595 318 124
622 294 624 296 v
1450 288 1602 320 moms
1636 288 1814 322 ALLAm

498 372 679 437 synodo
698 372 864 437 prima
882 372 1106 437 ephesina
1124 387 1168 421 et
1194 375 1244 420 in
1268 373 1631 420 chalcedonensi
1647 375 1841 425 lectum,
1866 374 1930 420 ab
1951 386 2159 439 utraque·
2175 364 2275 425 'una
2298 360 2409 425 cum!
2427 392 2621 428 auctore
2640 381 2763 433 eius,

497 462 543 496 et
573 450 627 496 id
653 450 988 514 recipientibus
1017 452 1302 497 damnatum
1323 450 1450 513 suit.
1490 451 1691 512 Cyrillus
1720 460 1874 498 tamen
1906 451 2255 515 alexandrinus,
2283 458 2356 503 cui
2381 457 2429 503 in
2463 458 2554 504 hoc
2580 461 2770 520 negotio
2817 494 2822 501 .

498 527 649 572 maior
683 526 799 573 fides
835 527 1049 573 habenda
1084 537 1173 580 est,
1212 526 1477 587 symbolum
1514 536 1691 573 tantum
1727 529 1776 573 in
1810 528 2030 589 ephesina
2062 531 2423 579 condemnatum
2459 534 2598 589 dicit,
2638 536 2769 582 nulla

499 603 618 650 facta
649 604 708 651 de
741 606 866 652 illius
900 613 1088 650 auctore
1124 605 1384 656 mentione,
1411 604 1541 665 quod
1574 605 1666 650 iam
1702 605 1749 650 in
1784 606 1901 650 vivis
1934 621 2031 652 esse
2059 606 2282 655 desiisset.
2320 611 2391 656 Sic
2421 612 2545 657 enim
2580 613 2627 659 in
2663 616 2766 677 epi-

498 682 618 728 stola
641 682 697 729 ad
724 683 938 728 Proclum
963 682 1516 743 constantinopolitanum
1542 682 1852 743 patriarcham
1881 682 1978 745 (ed.
2000 683 2197 731 Aubert.
2213 687 2263 731 T.
2280 688 2335 733 V.
2353 697 2474 749 part.
2492 693 2539 742 2.
2558 707 2606 752 p.
2623 695 2762 757 200.)

489 745 639 802 ’Ίστω
679 747 732 803 δὲ
772 750 797 805 ἡ
838 748 896 805 σὴ
936 747 1138 809 ὁσιότης
1176 745 1253 800 ὅτι
1291 746 1712 819 προσενεχθείσης
1743 749 1805 818 τῇ
1839 749 1974 822 ἁγίᾳ
2013 748 2207 824 συνόδῳ
2247 751 2494 816 ἐκθέσεως
2530 758 2640 831 παρ’
2676 762 2764 813 αὖ·

497 824 594 877 τοῦ
629 822 1022 894 σονταχθείσκς,
1052 824 1116 886 ὠς
1155 825 1201 877 οἱ
1240 823 1604 897 προενεΓκόντες
1642 823 1885 889 ἔφασκον,
1923 823 2071 891 οὐδὲν
2111 826 2328 896 ἐχούσης
2366 830 2539 905 ὑγιὲς,
2569 853 2763 890 κατεκι·

494 898 752 965 βδνῖλευσε
790 900 880 973 μὲν
911 900 1063 957 αὐτὴν
1093 901 1117 957 ἦ
1151 901 1284 972 ayla
1318 898 1556 964 σύνοδος,
1585 901 1650 962 ὠς
1685 898 2092 974 διεστραμμένων
2123 903 2386 976 ’γέμουσαν
2418 908 2642 974 ε’ννοιῶν,
2672 913 2757 966 καὶ
2818 914 2821 917 ’
2886 918 2889 920 ’

472 976 582 1035 ’τὴν
619 981 895 1051 Neon-opion
935 974 1234 1041 δυσσέβειαν
1271 973 1430 1032 οἱονεί
1458 999 1575 1040 ιωως
1606 976 1957 1051 πηγοίζουσαν·
1994 986 2344 1053 κατακρίνασα
2379 980 2432 1036 ὂῖὲ
2471 985 2592 1047 τοὺς
2628 985 2769 1042 οὕτω.

497 1055 827 1126 φρονοῦνΤας,
849 1054 1182 1124 οἰκονομικῶς
1213 1054 1302 1107 οὐκ
1332 1053 1662 1125 ἐμνημόνευσε
1691 1055 1787 1107 τοῦ
1814 1052 1996 1127 ἀνδρὸς
2015 1097 2027 1118 ,
2056 1053 2174 1110 οὐδὲ
2206 1057 2362 1113 αὑτὸν
2389 1059 2627 1118 ὑπέθηκεν
2654 1064 2770 1123 o'vo-‚

494 1130 651 1201 μαστῖ
691 1131 763 1204 τῷ
797 1130 1207 1201 ἀναθεματισμῷ
1242 1128 1303 1181 δι’
1335 1131 1654 1201 οἰκονομίαν,
1687 1127 1768 1199 ἵνα
1802 1128 1874 1201 μή
1905 1153 2033 1192 τινες
2063 1132 2126 1202 τῇ
2158 1132 2413 1204 ὑπολήψει
2443 1138 2538 1190 τοῦ
2569 1137 2756 1214 ἀνὸρός

495 1206 896 1279 προσεσχηκότες
931 1206 1267 1273 ἀποβάλωσιν
1304 1206 1519 1267 ἑαυτοὺς
1554 1208 1649 1261 τῶν
1689 1207 1985 1264 ἐκκλησιῶν·
2014 1209 2039 1264 ἦ
2080 1206 2135 1260 δὲ
2177 1209 2223 1264 ἐν
2254 1205 2462 1273 ’τοὸτοις
2496 1214 2761 1289 οἰκονομία

495 1280 704 1356 ἄριστον
739 1307 786 1336 τι
824 1284 1001 1356 χρῆμα
1036 1282 1117 1336 καὶ
1161 1281 1329 1348 σοφόν’
1367 1284 1410 1336 εἶ
1446 1282 1538 1354 μὲν
1575 1283 1680 1357 ’γὰρ
1720 1280 1776 1340 ’ἦν
1815 1283 1860 1339 ἐν
1896 1285 2009 1346 τοῖς
2078 1285 2197 1341 ῶσιν
2235 1283 2338 1350 ἔτι,
2371 1287 2453 1342 καὶ
2492 1290 2759 1356 σόνοωλος

495 1356 549 1415 ἧν
586 1360 700 1420 ταῖς
731 1364 1008 1432 Νεστορίου
1047 1358 1389 1431 ὃνσφκμιάις,
1426 1357 1454 1415 ἢ
1490 1383 1683 1434 συναγο
1722 1359 1847 1415 εύειν
1884 1358 2062 1417 ἤθελεν
2098 1357 2174 1424 οἷς
2213 1361 2435 1437 ἔγραφεν
2466 1366 2647 1430 αὐτὸς,
2675 1368 2759 1423 πέ-

494 1433 664 1490 πονθεν
695 1433 753 1491 οἳν
782 1435 865 1490 καὶ
899 1434 983 1490 τὸν
1015 1437 1087 1498 εἷς
1124 1434 1254 1491 ἴδιον
1281 1435 1543 1510 ’πρόσωπον
1572 1385 1995 1508 ἅναὲεμοὶῖισμόν·
2028 1436 2206 1496 ἐπειδὴ
2228 1437 2280 1492 δὲ
2318 1438 2606 1513 ἀπεδήμησε
2634 1445 2757 1516 πρὸς

494 1511 650 1575 θεὸν,
688 1513 836 1583 ἀρκεῖ
869 1511 1117 1587 καθάπερ
1160 1514 1232 1588 e'y'
1271 1508 1404 1587 ᾦμαι
1443 1512 1509 1567 τοὶ
1552 1511 1784 1575 ἐκτόπως
1827 1514 1968 1587 αὐτῷ
2002 1513 2348 1588 γεγραμμένοι
2392 1517 2754 1584 ἐκβάλλεσθαι

491 1587 630 1660 παροέ
664 1591 761 1644 τῶν
799 1587 960 1664 ὀρθῶς
999 1590 1217 1658 ἐχόντων
1252 1589 1346 1651 τοὶς
1383 1587 1576 1662 δόξας,
1608 1586 1688 1643 ὅτε
1726 1591 1843 1651 ταῖς
1876 1591 2043 1644 αὐτοῦ’
2070 1591 2490 1663 περιτυΓχοίνουσι
2524 1601 2755 1662 βίβλοις·

426 1706 431 1710 ε
492 1664 576 1718 καὶ
607 1665 663 1719 τὸ
698 1666 968 1741 περαιΎέρω
995 1668 1214 1741 χωρεῖν,
1248 1665 1477 1739 θορύβων
1509 1664 1619 1719 ἕσαθ’
1657 1663 1739 1720 ὅτε
1768 1668 1915 1721 τίκΤει
1946 1666 2237 1740 προφάσεις.
2272 1680 2407 1726 Sciat
2440 1697 2545 1728 vero
2575 1684 2756 1730 sancti.

493 1765 568 1799 tas
592 1765 679 1799 tua
704 1754 834 1817 quod
866 1754 1187 1818 expositione,
1218 1771 1341 1817 quae
1371 1752 1499 1799 nihil
1524 1754 1636 1800 sani
1668 1753 1897 1805 habebat,
1927 1755 1989 1800 ab
2025 1771 2077 1800 eo
2111 1756 2398 1820 composita,
2427 1759 2502 1804 uti
2536 1760 2759 1811 dicebant

492 1829 531 1874 ii
564 1830 649 1892 qui
685 1847 790 1876 eam
831 1833 1121 1883 attulerant,
1158 1831 1294 1896 apud
1326 1843 1546 1877 sanctam
1580 1831 1815 1894 synodum
1850 1833 2074 1894 prolata,
2107 1833 2217 1899 'eam
2256 1835 2447 1896 quidem
2486 1838 2757 1900 reprobavit

489 1919 658 1956 sancta
680 1908 908 1971 synodus,
941 1920 1101 1972 utpote
1119 1908 1351 1972 perversis
1373 1908 1673 1972 conceptibus
1695 1909 1947 1970 refertam,
1977 1921 2023 1954 et
2045 1910 2322 1956 nestoriana
2342 1912 2592 1976 impietate
2614 1916 2758 1977 quasi

476 1986 713 2044 fluentem
722 2005 738 2038 ,·
766 1985 833 2031 eis
859 1997 1020 2031 autem
1047 1985 1134 2049 qui
1167 1986 1237 2030 ita
1270 1985 1469 2059 sapiunt
1503 1985 1852 2036 condemnatis,
1883 1985 2198 2050 dispensative
2227 1988 2413 2035 nullam
2441 1989 2535 2044 viri
2554 1992 2754 2038 mentio-

488 2077 595 2106 nem
613 2062 764 2122 secit,
794 2079 878 2108 nec
913 2062 1068 2126 ipsum
1101 2062 1390 2108 nominatim
1426 2061 1732 2108 anathemati
1767 2062 1965 2108 subiecit
2001 2074 2197 2125 propter
2233 2064 2658 2128 dispensationem:
2693 2085 2753 2113 ne

484 2138 662 2184 scilicet
696 2138 854 2201 aliqui
882 2155 1115 2202 magnam
1150 2139 1243 2186 viri
1266 2138 1535 2202 opinionem
1564 2150 1848 2202 spectantes,
1879 2156 1926 2184 se
1962 2139 2085 2202 ipsos
2117 2140 2179 2185 ab
2210 2141 2416 2187 ecclesiis
2448 2157 2747 2206 separarent.

484 2215 654 2261 In'his
688 2232 792 2262 vero
825 2215 1178 2279 dispensatione
1213 2216 1308 2266 uti,
1347 2215 1580 2279 optimum
1613 2231 1672 2260 ac
1694 2215 1908 2278 prudens
1938 2210 2307 2263 esc'consilium.
2339 2218 2395 2263 Si
2423 2219 2551 2265 enim
2582 2220 2751 2268 viveret

483 2309 632 2344 nunc,
664 2305 710 2338 et
742 2293 1096 2355 defensor-esset
1124 2293 1531 2357 blasphemiarum
1560 2292 1794 2343 Nestorii,
1825 2309 1906 2338 seu
1934 2292 2062 2338 tueri
2084 2309 2167 2370 sup
2194 2294 2468 2357 patrocinio
2501 2298 2632 2344 vellet
2661 2314 2744 2349 ea,
2782 2308 2785 2311 '

411 2395 414 2398 >
484 2386 608 2432 quae
650 2372 746 2435 ipse
780 2372 1063 2436 scripserat,
1103 2372 1266 2434 utique
1299 2372 1447 2417 etiam
1486 2371 1537 2416 in
1567 2370 1773 2434 propria
1807 2386 2015 2433 persona
2056 2370 2366 2426 anathemate
2391 2373 2657 2435 feriretur:
2695 2388 2750 2421 ac

486 2464 593 2493 cum
626 2449 695 2494 ad
716 2450 867 2502 Deum
893 2449 1198 2512 migraverit,
1228 2460 1305 2494 sat
1327 2460 1416 2500 est,
1441 2461 1588 2511 prout
1615 2464 1702 2511 ego
1732 2465 1913 2499 censeo,
1946 2464 2070 2510 quae
2096 2448 2306 2494 absurda
2333 2461 2379 2495 et
2405 2450 2567 2514 inepta
2600 2452 2662 2497 ab
2695 2469 2748 2498 eo

483 2524 751 2587 conscripta
784 2537 915 2576 sunt,
943 2525 1165 2588 expungi
1200 2524 1261 2570 ab
1299 2524 1386 2574 iis,
1422 2524 1662 2587 qui-recte
1697 2523 1926 2574 sentiunt,
1958 2524 2151 2586 quando
2186 2524 2287 2570 eius
2321 2525 2436 2571 libri
2465 2540 2718 2573 occurrant
2730 2547 2745 2580 ,-

483 2601 683 2647 ulterius
709 2613 869 2647 autem
898 2602 1155 2666 progredi.
1185 2612 1300 2647 esset
1327 2602 1476 2664 plane
1507 2601 1761 2646 turbarum
1785 2616 1966 2656 'causas
1995 2601 2229 2647 excitare.
2267 2602 2403 2648 Falso
2434 2604 2589 2665 itaque
2615 2604 2748 2650 Iusti—

483 2679 646 2724 nianus
670 2687 905 2725 auctorem
938 2677 1142 2740 symboli
1171 2678 1441 2724 damnatum
1473 2693 1570 2723 esse
1603 2685 1848 2723 asseverat.
1887 2678 2131 2723 Facundus
2167 2677 2250 2723 lib.
2287 2680 2365 2724 111.
2401 2694 2503 2741 cap.
2531 2675 2579 2726 2.
2609 2689 2747 2742 negat

482 2764 639 2816 aperte
674 2755 942 2818 symbolum
974 2756 1094 2802 illud
1124 2755 1263 2801 fuisse
1293 2756 1605 2816 compositum
1640 2770 1664 2800 a
1697 2754 1971 2807 Theodoro,
2003 2763 2047 2800 et
2080 2756 2446 2817 conscriptorem
2477 2757 2575 2802 eius
2607 2757 2746 2803 fuisse

481 2846 505 2877 a
532 2831 667 2878 dictis
702 2832 893 2894 synodis
922 2832 1307 2878 condemnatum:
1334 2829 1494 2877 adhuc
1517 2842 1680 2876 tamen
1707 2829 1847 2875 aliud
1868 2846 2101 2893 magnum
2127 2846 2185 2875 ac
2206 2830 2399 2894 ,duplex
2426 2848 2589 2878 eorum
2613 2848 2763 2878 men»

484 2908 678 2954 dacium
707 2908 1036 2972 publicemus:
1073 2908 1201 2970 quod
1209 2943 1212 2945 >
1234 2906 1599 2953 chalcedonense
1637 2906 1913 2956 concilium,
1948 2923 2042 2951 non
2080 2906 2294 2970 ephesini
2330 2918 2520 2953 tantum
2534 2944 2544 2958 γ.
2582 2925 2743 2955 verum

416 2999 420 3007 ’
480 2985 628 3030 etiam
655 2985 803 3048 ipsius
827 2984 1208 3030 chalcedonensis
1234 2983 1413 3030 iudicio
1439 2983 1592 3030 videri
1614 2982 1824 3029 notabile
1849 2983 2095 3028 voluerunt
2119 2982 2348 3028 dicentes:
2374 2982 2604 3029 Theo'dori
2625 3001 2744 3048 sym-

482 3062 665 3113 bolum,
695 3074 741 3107 et
772 3062 822 3107 in
850 3061 1031 3125 Epheso
1056 3062 1142 3107 sub
1164 3073 1329 3107 sancto
1357 3060 1532 3124 Cyrillo
1559 3060 1791 3123 synodus,
1820 3072 1865 3125 et
1894 3060 1943 3109 in
1970 3058 2267 3106 Chalcedone.
2284 3061 2736 3111 condemnaverunt,

483 3150 625 3200 atque
661 3138 965 3184 anathemati
995 3138 1308 3184 subdiderunt
1339 3155 1448 3184 cum
1480 3138 1797 3201 conscriptore
1825 3138 1949 3183 eius:
1984 3154 2089 3183 cum
2121 3137 2171 3182 in
2202 3137 2424 3200 ephesina
2455 3138 2633 3200 synodo
2666 3155 2742 3183 re-
2794 3136 2796 3139 ’
2828 3176 2838 3188 .

468 3215 671 3275 seratur
707 3216 906 3278 quidam
948 3217 1137 3262 nomine
1177 3215 1420 3278 Charisius
1456 3215 1726 3279 presbyter,
1763 3227 1807 3260 et
1845 3231 2120 3261 oeconomus
2159 3213 2549 3277 Philadelphum,
2584 3215 2741 3261 nescio

481 3307 596 3352 quos
624 3293 880 3338 Antonium
899 3289 958 3338 *et
983 3289 1212 3339 Iacobum
1234 3292 1535 3356 presbyteros
1569 3307 1821 3339 accusasse,
1847 3291 1905 3336 de
1938 3288 2161 3338 societate
2192 3290 2424 3340 Nestorii,
2455 3302 2499 3335 et
2529 3290 2740 3337 docuisse

441 3407 447 3415 .
482 3369 611 3427 quod
642 3386 734 3413 non
767 3369 990 3416 ecclesiae
1023 3370 1311 3433 symbolum,
1343 3369 1426 3415 sed
1457 3368 1617 3420 aliud,
1647 3368 1877 3414 conversis
1906 3369 1943 3413 T
1940 3366 2425 3435 essarescaedecatitis
2456 3365 2732 3419 haereticis,

477 3443 562 3504 qui
591 3461 684 3490 non
711 3463 816 3491 cum
841 3447 1058 3499 ecclesia,
1089 3447 1172 3492 sed
1192 3445 1558 3509 quartadecima
1583 3446 1699 3490 luna
1728 3444 1911 3508 pascha
1940 3444 2264 3513 celebrabant,
2295 3439 2627 3509 tradiderunt.-
2655 3461 2739 3490 nec

483 3518 553 3564 ibi
577 3519 791 3572 dicatur,
824 3523 896 3568 vel
924 3522 986 3569 ab
1017 3522 1116 3586 ipso
1134 3521 1388 3572 ‘Charisia
1420 3521 1494 3568 vel
1522 3536 1554 3566 a
1578 3537 1839 3583 quoquam,
1870 3520 1994 3567 illud
2015 3519 2280 3583 symbolum
2310 3518 2541 3564 Theodori
2555 3519 2732 3580 fuisse.

478 3596 658 3640 Beatus
694 3596 897 3658 Cyrillus
929 3599 1145 3645 scribens
1168 3597 1479 3644 orientalibus
1512 3597 1656 3643 dicit:
1682 3599 1881 3660 prolata
1918 3608 1986 3642 est
2021 3596 2070 3641 in
2099 3607 2267 3641 sancta
2301 3594 2481 3657 synodo
2512 3594 2736 3658 ephesina

479 3673 719 3734 definitio,
753 3675 896 3720 veluti
925 3691 956 3720 a
993 3666 1228 3721 Theodoro
1262 3675 1499 3739 deposita,
1529 3675 1673 3721 sicuti
1702 3666 1946 3737 offerentes
1981 3673 2217 3718 dicebant.
2255 3673 2352 3717 Nec
2384 3673 2596 3732 affirmat
2628 3688 2735 3719 eam

483 3749 714 3796 Theodori
732 3750 919 3812 ficisse:
954 3767 1112 3798 verum
1144 3769 1291 3815 neque
1321 3769 1428 3798 eum
1458 3751 1558 3797 eius
1586 3752 1923 3815 conscriptore,
1955 3756 2006 3795 u't
2036 3749 2119 3795 isti
2149 3748 2429 3811 confingunt
2460 3749 2607 3810 refert
2639 3766 2735 3795 esse

480 3827 789 3873 damnatam:
821 3828 937 3890 quia
971 3840 1015 3874 et
1047 3846 1130 3874 nec
1160 3829 1279 3876 iuste
1306 3830 1460 3886 fieret.
1498 3831 1600 3875 Lex
1633 3828 1759 3874 enim
1790 3840 1954 3874 nostra
1981 3826 2102 3872 sicut
2141 3825 2191 3872 in
2222 3826 2465 3890 evangelio
2503 3827 2732 3890 scriptum
