2970 4420
1209 295 1265 326 nn
1298 294 1561 327 maonoms.
2456 286 2515 332 83

259 395 350 427 nas
382 395 447 425 ex
478 389 612 425 aceto
644 377 799 424 bulbis
822 390 986 433 curat,·
1013 392 1058 426 et
1092 380 1392 445 erumpentia
1418 380 1469 427 in
1502 379 1680 444 capite.
1707 396 1815 425 cum
1849 368 1956 426 vino
1991 392 2182 427 austero
2212 395 2297 429 aut
2326 401 2425 431 ovo.
2463 387 2519 432 Et

259 458 344 505 lib.
371 458 530 504 XXIV.
564 455 653 503 sub
679 455 837 504 finem.
876 455 1141 504 Theodorus
1156 458 1308 520 foeno
1333 474 1506 522 graeco
1531 457 1722 504 miscuit
1745 468 1974 520 quartam
1995 470 2186 521 partem
2206 462 2410 523 purgati
2431 480 2522 508 na-

258 532 426 580 sturtii
448 532 683 579 acerrimo
708 544 841 578 aceto
866 533 935 579 ad
958 534 1131 598 lepras.
1160 535 1338 582 Laudat
1361 537 1499 582 etiam
1525 534 1823 582 Theodorum
1846 534 2078 581 medicum
2101 536 2260 582 Aetius
2285 535 2369 583 lib.
2395 540 2517 585 Xlll.

260 627 362 674 cap.
391 612 471 657 146.
506 613 578 658 An
614 610 739 657 hunc
767 610 994 657 Athenaei
1030 612 1344 675 discipulum?

389 688 550 734 XVIII.
588 688 804 733 Decimus
832 696 1046 743 octavus,
1074 689 1230 743 chius,
1257 689 1569 753 philosophus
1592 690 1788 743 stoicus,
1827 675 2268 742 ὅκτῳκαιὸέκατος
2296 680 2417 749 χῖος
2448 697 2522 743 φι-

260 752 487 820 λόσοφος
525 753 758 816 στωῖκός.

388 842 511 888 XIX.
548 842 766 888 Decimus
790 857 967 895 nonus,
994 843 1200 890 milesius
1223 851 1267 889 et
1293 845 1392 906 ipse
1415 845 1587 890 stoicus
1611 843 1945 906 philosophus,
1986 830 2418 896 ἐννεακαιδέκαὛος
2444 858 2524 904 μι-

264 906 448 969 λῆσιος
484 904 575 961 καὶ
610 907 764 970 αὐτὸς
802 908 1017 972 στωῖκός
1053 908 1357 975 φιλόσοφος.
1407 934 1413 942 ·

337 979 342 985 ’
387 997 490 1042 ΧΧ.
527 997 811 1058 vigesimus,
837 997 1104 1059 tragoediae
1131 998 1356 1059 scriptor,
1394 986 1616 1048 εἷκοσὛός
1642 984 1848 1049 manv-0⁸9
1874 985 2174 1061 τραΓῳὸίας.
2209 998 2438 1059 Gyraldus
2466 999 2524 1046 de

262 1077 509 1135 poetarum
543 1072 734 1119 historia
751 1108 763 1126 ‚
792 1073 982 1136 dialogo
1005 1075 1104 1121 VII.
1144 1075 1255 1120 Post
1288 1072 1372 1119 hos
1397 1085 1503 1119 erat
1533 1085 1578 1118 et
1614 1072 1904 1125 Theodorus,
1933 1074 2019 1137 qui
2042 1075 2322 1138 tragoedias
2343 1075 2527 1138 pleras-

260 1165 351 1211 que
374 1148 656 1213 composuit,
686 1160 739 1195 ut
764 1161 935 1197 auctor
957 1161 1026 1196 est
1047 1149 1285 1196 Laertius.
1313 1150 1588 1211 Tragoedias
1611 1165 1717 1196 eum
1743 1153 2081 1213 composuisse,
2110 1159 2271 1197 auctor
2295 1160 2363 1197 est
2385 1153 2525 1198 Laer-

261 1227 379 1280 tius,
408 1235 455 1272 at
485 1226 685 1277 multas,
717 1226 842 1273 unde
871 1227 921 1273 id
955 1229 1216 1289 expiscatus
1252 1235 1321 1273 est
1353 1227 1615 1288 Gyraldus‘?
1649 1228 1899 1274 Occasione
1931 1229 2069 1274 huius
2098 1229 2331 1276 Theodori
2366 1231 2523 1291 tragici

261 1303 564 1365 corrigendus
597 1311 666 1349 est
695 1303 939 1350 thesaurus
974 1303 1160 1366 linguae
1195 1305 1365 1350 latinae
1398 1319 1511 1350 voce
1542 1319 1713 1367 prosa,
1744 1303 1825 1350 ubi
1855 1321 2102 1367 perperam
2133 1307 2303 1368 legitur
2335 1322 2391 1353 ex
2417 1308 2524 1354 Auli

260 1380 395 1426 Gellii
430 1378 554 1426 libro
583 1381 642 1426 X.
675 1395 777 1442 cap.
818 1381 903 1426 18:
946 1392 1086 1426 extat
1119 1398 1245 1426 nunc
1281 1397 1463 1443 quoque
1504 1375 1736 1427 Theodori
1772 1382 2055 1444 tragoedia,
2093 1400 2216 1445 quae
2252 1383 2529 1430 inscribitur

262 1457 527 1507 Mausolus,
558 1457 608 1502 in
643 1472 740 1520 qua
773 1474 879 1502 eum
904 1457 1064 1521 magis
1087 1473 1233 1521 quam
1266 1458 1316 1503 in
1342 1473 1488 1521 prosa
1516 1457 1754 1520 placuisse
1778 1459 2003 1522 Hyginus
2026 1459 2076 1505 in
2101 1461 2332 1524 eoeemplis
2357 1461 2522 1520 refert.

262 1532 761 1595 substituendumque:
789 1545 930 1579 extat
965 1551 1092 1580 nunc
1125 1551 1308 1598 quoque
1346 1533 1615 1580 Theodectis
1645 1536 1920 1598 tragoedia.

392 1611 449 1656 Et
482 1611 531 1656 hi
564 1611 756 1673 quidem
790 1627 816 1657 a
849 1613 1034 1659 Laertio
1067 1612 1301 1659 Theodori
1337 1613 1566 1658 numerati
1603 1621 1734 1666 sunt,
1771 1612 1942 1675 quibus
1975 1614 2124 1661 multo
2157 1614 2316 1677 plures
2357 1615 2528 1663 addere

265 1702 528 1748 possemus,
555 1689 593 1734 si
627 1697 680 1735 ut
712 1689 792 1735 ille
821 1705 1144 1751 quoscumque
1170 1690 1362 1736 alicuius
1391 1691 1594 1736 nominis
1626 1692 1821 1752 reperit,
1850 1707 2090 1738 recensere
2122 1694 2168 1737 in
2206 1694 2361 1740 animo
2390 1703 2523 1740 esset.

261 1765 331 1809 ‘Ne
366 1772 519 1810 tamen
551 1765 600 1811 in
633 1774 759 1812 tanta
790 1766 1146 1813 Theodororum
1177 1768 1312 1829 copia
1339 1783 1413 1814 res
1438 1777 1625 1814 nostrae
1657 1768 1968 1830 pauperculae
1995 1778 2295 1831 reputentur,
2323 1772 2528 1817 nonnul-

262 1840 335 1887 los
367 1856 489 1903 quos
522 1858 578 1888 ex
610 1843 708 1905 ipsa
742 1845 1015 1905 antiquitate
1046 1846 1336 1907 excerpimus
1369 1846 1417 1890 in
1450 1845 1659 1891 medium
1691 1845 1956 1902 afferemus.

332 1958 334 1960 ,
391 1919 512 1964 XXI.
552 1921 606 1965 Et
629 1920 751 1966 inter
775 1935 856 1966 eos
882 1922 1088 1983 primum
1114 1921 1270 1967 locum
1297 1930 1494 1983 occupet
1515 1922 1788 1969 Theodorus
1815 1931 1996 1985 pastor,
2025 1922 2220 1984 sibyllae
2250 1925 2529 1987 Herophiles

263 1984 696 2056 pater.'Pausanias
735 1998 783 2043 in
823 1997 1030 2044 Phocicis
1072 1997 1160 2060 (p.
1199 1999 1311 2046 631.
1342 1999 1355 2061 )
1391 1989 1703 2061 Ἐρυθραῖοι
1745 1986 1797 2042 δὲ
1822 2031 1833 2051 ,
1871 1990 2254 2060 ἀμφισβητοῦσι
2298 1991 2403 2063 γὰρ
2441 1993 2528 2053 τῆς

230 2083 233 2088 ’
258 2063 543 2134 “Ηροφίλ·ης
570 2061 930 2138 προθυμότοὶΤα
957 2064 1248 2129 Ἑλλήνων,
1275 2064 1513 2139 Κώρυκόν
1538 2088 1590 2120 τε
1619 2064 1929 2137 καλούμενον
1958 2064 2074 2138 ἔρος
2092 2109 2103 2129 ,
2129 2066 2212 2120 καὶ
2251 2068 2298 2122 ἐν
2324 2070 2395 2142 τῷ
2419 2066 2523 2139 ὄρει

265 2137 516 2197 σπήλαιον
548 2140 920 2205 οἶποφαίνουσι,
951 2143 1210 2211 τεχθῆναι
1244 2142 1332 2199 τὴν
1364 2144 1648 2215 “Ηροφίλκν
1685 2143 1730 2197 ἐν
1766 2143 1908 2216 αὐτῷ
1941 2142 2217 2216 λέγοντες,
2254 2143 2526 2220 Θεοδώρου

265 2211 319 2267 δὲ
357 2215 634 2288 ἐπιχωρίου
670 2216 903 2290 ποιμένος
936 2217 1019 2272 καὶ
1057 2218 1249 2290 νύμφης
1281 2217 1450 2273 παῖδα
1483 2217 1639 2283 εἶναι,
1667 2217 1862 2274 Ἰδαίαν
1902 2217 1956 2273 δὲ
1992 2221 2254 2278 ἐπίκλησιν
2286 2222 2524 2294 γενέσθαι

264 2291 329 2360 wlff
362 2291 543 2364 νύμφῃ.
579 2302 867 2367 Erythraei,
897 2304 956 2350 de
978 2305 1240 2370 Herophile
1275 2306 1403 2352 enim
1428 2306 1483 2352 hi
1511 2306 1743 2353 acerrime
1771 2309 2058 2354 Graecorum
2082 2309 2293 2354 omnium
2318 2322 2524 2361 certant,

267 2380 493 2443 Corycum
525 2392 756 2432 montem,
787 2393 838 2426 *et
873 2381 924 2427 in
960 2399 1012 2427 eo
1048 2395 1244 2429 antrum
1275 2384 1550 2435 ostendunt,
1587 2384 1636 2430 in
1671 2401 1762 2447 quo
1795 2397 1965 2430 natam
2003 2385 2311 2449 Herophilem
2344 2388 2524 2434 dicunt.

266 2456 494 2501 Parentes
518 2456 619 2502 eius
640 2457 803 2518 fuisse
834 2457 1127 2505 Theodorum
1151 2473 1398 2523 pastorem
1434 2460 1741 2525 indigenam,
1770 2474 1814 2507 ct
1841 2462 2105 2526 nympham
2137 2463 2218 2508 cui
2233 2464 2409 2526 suerat
2445 2483 2530 2511 no·

265 2547 372 2579 men
408 2533 605 2580 Idaeae.
643 2534 772 2580 Idem
804 2536 968 2581 astruit
1003 2536 1166 2582 Suidas
1198 2553 1302 2584 voc.
1337 2528 1620 2602 ἹΙροφίλκ,
1657 2548 1701 2585 et
1734 2555 1839 2586 voc.
1879 2534 2130 2596 Σίβυλλα
2164 2557 2217 2587 ex
2250 2543 2524 2605 Hermippo.

394 2612 536 2656 XXII.
573 2612 847 2659 Theodorus
868 2629 1057 2676 quoque
1081 2614 1165 2660 fuit
1197 2616 1409 2662 Isocratis
1433 2626 1589 2679 pater,
1616 2617 1833 2663 tibiarum
1865 2617 2021 2671 faber,
2047 2620 2322 2674 erchIensiS‚
2350 2630 2394 2667 et
2415 2623 2530 2667 alius

267 2686 474 2733 ciusdem
499 2689 712 2735 Isocratis
744 2689 903 2736 frater.
938 2691 1213 2737 Plutarchus
1246 2693 1293 2738 in
1317 2694 1411 2739 wita
1445 2695 1675 2740 Isocratis.
1709 2683 2002 2757 Ἰσοκράτης
2043 2684 2313 2760 Θεοδώρου
2347 2687 2438 2758 μὲν
2475 2685 2527 2743 >iv

266 2754 389 2815 παῖς
423 2754 517 2807 τοῦ
554 2754 765 2827 ἐρχιέως
805 2759 872 2824 (1)
911 2759 1009 2812 τῶν
1042 2763 1253 2831 μετρίων
1289 2761 1545 2823 πολιτῶν,
1578 2760 1899 2831 θεράποντας
1932 2763 2262 2824 αὐλοποιοῦς
2295 2763 2528 2834 κεκτημέ-

269 2853 382 2892 νου,
411 2829 495 2883 καὶ
531 2830 890 2903 εὖπορῆσανὛος
919 2830 1017 2887 cino*
1041 2833 1230 2890 τούτων
1249 2877 1261 2897 ,
1286 2836 1352 2896 ὦς
1381 2833 1470 2890 καί
1492 2838 1773 2907 χορηΓῆσαι
1802 2838 1886 2891 καὶ
1916 2837 2189 2893 παιδεῦσαι
2219 2839 2338 2901 τοὺς
2368 2839 2526 2900 υἱούς·

267 2904 392 2963 ἦσαν
429 2904 482 2960 δὲ
522 2908 663 2981 αὐτῷ
698 2908 781 2962 καὶ
822 2907 986 2963 ἄλλοι
1027 2909 1392 2975 Τελέσιππος,
1430 2911 1700 2985 Θεόδωρος
1740 2916 1843 2977 (2),
1879 2914 1964 2968 καὶ
2008 2914 2342 2986 Διόμνηστος·
2379 2914 2434 2973 ἧν
2470 2914 2523 2970 δὲ

268 2982 357 3037 καί
390 2983 668 3059 θυΓείτριον·
699 2982 809 3041 ὅθεν
843 2987 914 3047 εἷς
941 2987 1063 3048 τοὺς
1093 2987 1288 3049 αὐλοὺς
1317 2987 1669 3062 κεκωμῴὸηὙαι
1705 2991 1793 3044 ὑπὸ
1819 2991 2215 3065 ἈρισΤοφεὶνους
2246 2993 2328 3046 καὶ
2362 2993 2526 3066 Στροῖ-

265 3058 423 3123 τιὸος.
458 3073 689 3118 Isocratis
717 3084 862 3136 pater
878 3073 988 3134 suit
1018 3073 1284 3120 Theodorus
1319 3074 1597 3127 erchiensis,
1629 3094 1750 3124 unus
1782 3078 1839 3122 dc
1865 3078 2182 3124 mediocribus
2213 3079 2416 3131 civibus,
2446 3082 2532 3143 qui

265 3164 375 3194 cum
408 3165 562 3195 servos
596 3149 827 3195 tibiarum
852 3150 1030 3211 fabros
1066 3149 1285 3202 haberet,
1317 3163 1480 3198 tantas
1516 3152 1627 3198 inde
1659 3170 1767 3216 opes
1798 3166 2071 3202 consecutus
2105 3167 2196 3206 est,
2228 3168 2278 3202 ut
2308 3168 2352 3202 et
2386 3156 2527 3203 choro

266 3237 482 3288 sumptus
511 3226 862 3289 suppeditaret,
891 3238 936 3272 et
957 3227 1089 3285 filios
1114 3227 1378 3275 liberaliter
1401 3228 1683 3278 institueret.
1713 3232 1841 3279 Nam
1866 3231 1989 3278 alios
2012 3248 2194 3294 quoque
2218 3231 2412 3285 habuit,
2447 3237 2528 3283 Te-

267 3301 520 3366 lesippum,
553 3303 871 3355 Theodorum,
905 3304 1255 3356 Diomneslum‚
1285 3317 1428 3369 atque
1462 3306 1611 3355 etiam
1637 3307 1866 3367 filiolam.
1897 3310 2196 3372 Quapropter
2222 3310 2393 3360 comici
2413 3319 2528 3375 poe*

266 3391 346 3425 tae
376 3379 718 3444 Aristophanes
743 3393 788 3427 et
813 3382 992 3428 Stratis
1021 3399 1128 3427 eum
1156 3382 1388 3430 tibiarum
1412 3383 1579 3447 gratia
1610 3385 1888 3435 traduoeere,
1927 3386 2101 3432 Similia
2126 3386 2298 3437 habent
2321 3389 2527 3436 Halicar-

270 3459 496 3503 nassensis
520 3459 569 3504 in
596 3459 809 3505 Isocratis
835 3461 952 3513 vita,
980 3468 1026 3506 et
1051 3459 1215 3506 Suidas
1249 3475 1353 3507 voc.
1386 3449 1692 3524 Ἰσοκράτης.
1727 3462 1863 3516 Quod
1895 3463 1953 3508 ad
1984 3471 2142 3512 notam
2165 3466 2355 3512 Isocrati
2387 3482 2413 3513 a
2448 3483 2526 3513 co-

269 3534 401 3580 micis
424 3534 578 3580 datam
605 3536 830 3597 pertinet,
857 3537 1033 3598 optime
1065 3551 1172 3582 eum
1201 3536 1372 3583 refellit
1400 3537 1704 3584 Philostratus
1737 3539 1795 3584 de
1820 3539 1924 3586 xiiis
1948 3540 2266 3604 Sophistarum
2301 3542 2383 3588 lib.
2413 3545 2450 3589 1.
2479 3545 2524 3590 in

269 3598 486 3657 Isocrate.
527 3601 594 3654 Οἱ
632 3599 685 3654 δὲ
722 3601 998 3676 ἡγούμενοι
1032 3602 1119 3659 τὴν
1146 3601 1412 3675 κωμῳδίαν
1445 3602 1801 3662 καθάπτεσθαι
1835 3607 1930 3661 τοῦ
1955 3606 2309 3682 Ἰσοκράτους,
2342 3610 2406 3671 ὠς
2439 3611 2524 3664 αὐ-

269 3678 519 3740 λοποιοῦ,
555 3678 923 3751 ἁμαρτάνουσι·
957 3678 1117 3752 πατὴρ
1151 3674 1243 3749 μὲν
1278 3677 1384 3751 γὰρ
1423 3681 1564 3754 αὐτῷ
1599 3679 1866 3756 Θεόδωρος
1903 3680 1987 3747 ἦν,
2022 3680 2074 3738 ἓν
2115 3684 2330 3741 ἐκάλουν
2367 3687 2523 3740 αὐλο-

354 3800 402 3841 (1)
426 3799 620 3836 Lectiones
643 3800 764 3837 varIae
788 3802 949 3849 ἐρχιέως,
977 3801 1167 3851 ἑρεχὲἐως,
1191 3802 1396 3850 ἀρχιέρεως,
1423 3806 1549 3838 extant
1572 3802 1611 3838 in
1636 3802 1796 3840 editione
1821 3804 1973 3842 Reiskii.
2002 3808 2047 3843 A.
2075 3806 2125 3844 M.

354 3859 403 3900 (2)
428 3857 538 3894 Deest
561 3857 623 3895 hie
648 3859 867 3898 Theodorus
892 3862 1063 3899 Isocratis
1088 3861 1200 3898 frater
1223 3860 1321 3909 apud
1346 3861 1537 3899 Reiskium
1564 3861 1621 3899 ed.
1650 3862 1713 3900 cit.
1741 3865 1787 3902 A.
1814 3864 1866 3901 M.
