2970 4420
1211 294 1268 325 nn
1301 292 1564 326 mnonoms.
2439 280 2525 326 101

178 394 197 409 ‘
258 397 334 430 res
367 378 766 446 comprobandas,
794 394 851 426 ex
882 379 1080 428 inimicis
1105 381 1324 427 ecclesiae
1348 379 1611 427 testimonia
1641 376 1856 439 sumere)
1893 379 1940 423 in
1967 377 2163 440 epistola
2199 377 2257 423 ad
2285 380 2534 427 Traianum

258 459 378 522 (lib.
413 460 470 505 X.
506 457 622 520 97.)
657 457 717 504 de
751 455 1047 522 Christianis:
1085 457 1418 520 adfirmabant
1453 468 1614 503 autem
1647 454 1774 501 hanc
1795 454 1956 517 fuisse
1989 470 2227 501 summam
2263 457 2335 501 vel
2365 457 2534 520 culpae

255 552 373 582 suae
395 536 468 583 vel
489 534 686 585 erroris,
716 533 844 597 quod
875 546 1025 580 essent
1048 534 1182 581 soliti
1203 546 1330 581 stato
1363 534 1441 580 die
1466 545 1579 580 ante
1604 534 1756 580 lucem
1779 532 2047 583 convenire,
2078 548 2361 594 carmenque
2400 532 2535 578 Chri-

255 625 329 659 sto
363 612 505 675 quasi
536 613 636 666 Deo
670 612 825 657 (licere
848 628 1005 657 secum
1041 611 1256 659 invicem.
1295 612 1536 667 Quid-iste
1567 620 1730 658 cantus
1754 610 1920 662 fuerit,
1950 609 2118 656 habeat
2146 608 2233 655 sibi
2259 610 2448 656 Rivetus
2478 626 2535 656 ex

257 690 474 737 Conrado
507 690 818 741 Ritterhusio,
848 698 894 736 et
918 691 1164 750 Francisco
1189 689 1442 742 Balduino,
1474 705 1594 751 quos
1619 691 1688 736 uti
1711 690 1953 751 proprios,
1979 689 2126 750 magis
2147 688 2285 733 etiam
2310 686 2397 732 sibi
2423 702 2536 749 pro—

253 767 394 830 pitios
426 769 475 813 in
505 768 596 814 hoc
622 754 810 829 negotio
840 766 1049 813 habebit.
1087 767 1300 813 Carmina
1333 766 1413 812 illa
1439 756 1813 813 Christianorum
1840 765 2067 811 trifariam
2091 764 2306 810 distincta
2338 773 2446 810 sunt
2476 763 2536 809 ab

256 844 498 906 apostolo,
530 846 579 890 in
607 844 839 906 psalmos,
868 844 1093 906 hymnos,
1122 852 1168 889 et
1189 843 1304 889 odas
1334 844 1626 906 spirituales,
1654 858 1775 904 quae
1804 843 2009 888 carmina
2033 843 2155 887 inter
2187 857 2235 887 se
2261 842 2324 886 ita
2349 840 2537 887 differre

252 929 434 983 putant.
471 922 568 967 Nisi
599 921 678 968 dat
714 930 764 968 ut
800 922 998 984 psalmis
1031 919 1351 982 significentur
1384 936 1707 982 quaecumque
1741 935 1896 967 sacrae
1931 919 2204 971 conciones,
2232 919 2372 964 variis
2396 933 2536 979 argu-

252 989 420 1045 mentis
445 1000 665 1061 scriptae;
691 999 911 1060 hymnis,
940 999 1100 1046 laudes
1133 998 1280 1044 divini
1309 999 1511 1044 nominis
1538 999 1612 1044 vel
1641 1007 1936 1051 sanctorum;
1963 997 2068 1043 odis
2092 997 2188 1042 sixe
2219 995 2431 1048 canticis,
2461 1010 2537 1056 pe-

250 1075 454 1132 culiares
451 1076 707 1139 quaedam
734 1084 779 1122 et
803 1077 951 1138 magis
976 1075 1250 1122 artificiosae
1274 1075 1535 1128 cantiones,
1557 1091 1677 1137 quae
1703 1083 1750 1121 et
1776 1076 1904 1138 ipsae
1929 1073 2117 1135 quidem
2143 1073 2410 1119 contineant
2435 1072 2538 1118 lau-

259 1151 368 1205 des,
397 1125 480 1199 sed
513 1155 782 1215 augustiore
807 1153 1009 1215 quadam
1041 1162 1087 1199 et
1112 1152 1376 1199 sublimiori
1408 1152 1559 1199 forma
1585 1153 1888 1215 compositae.
1925 1154 2040 1198 Tum
2067 1150 2239 1214 probat
2266 1150 2536 1196 auctoritate

255 1229 575 1291 Chrysostomi
602 1231 767 1277 homil.
797 1232 875 1277 lX.
907 1231 1011 1294 (ed.
1040 1231 1207 1278 Montf.
1232 1232 1283 1276 T.
1307 1232 1386 1276 XI.
1411 1246 1459 1292 p.
1483 1232 1594 1276 392.
1613 1230 1703 1292 )ἰη
1727 1231 1861 1292 epist.
1893 1229 1951 1276 ad
1979 1230 2155 1276 Coloss.
2184 1229 2386 1291 hymnos
2411 1227 2536 1314 psal-

253 1307 343 1352 mis
383 1307 496 1369 ipsis
537 1307 816 1354 diviniorem
854 1323 953 1354 rem
994 1323 1092 1354 esse
1126 1316 1264 1369 atque
1303 1307 1646 1354 sublimiorem.
1687 1307 1840 1354 Verba
1880 1307 2197 1369 Chryso‘stomi
2240 1313 2374 1352 sunt:
2415 1291 2533 1348 ὅταν

252 1371 459 1439 τούτοις
498 1374 551 1427 ἐκ
584 1371 768 1436 παιδὸς
799 1373 981 1447 ἐνοίξνις
1011 1373 1196 1436 αυτὸν,
1225 1373 1348 1428 καΤοὶ
1386 1373 1568 1447 μικρὸν
1598 1397 1682 1427 και
1727 1371 1806 1427 ἐπι
1842 1398 1906 1427 τα
1942 1373 2247 1445 ὑψηλότερα
2271 1369 2445 1444 ἄξεις·
2481 1372 2527 1424 οἱ

253 1447 465 1522 ’ψαλμοι
497 1449 706 1506 ποίνὟα’
693 1449 929 1520 ἔχουσιν,
961 1451 1008 1503 οἱ
1042 1447 1156 1503 δὲ“
1128 1473 1272 1521 υμνοι
1302 1449 1461 1504 πάλιν
1493 1448 1637 1505 οὐδὲν
1668 1449 1990 1525 ἀνθρώπινον·
2022 1448 2141 1505 ὅταν
2173 1451 2220 1505 ἐν
2249 1472 2361 1510 τοις
2390 1447 2531 1519 ψαλ-

221 1527 376 1595 .μο’ἱ’ς
410 1526 592 1598 μάθῃ,
619 1525 736 1581 «τότε
776 1551 860 1581 και
901 1550 1085 1598 υμνους
1123 1525 1306 1584 εἶσέΤαι
1344 1525 1379 1582 ἅ
1411 1550 1462 1581 τε
1504 1525 1755 1600 θειοτερον
1791 1529 2008 1602 πραΓμα·
2045 1528 2098 1581 αἱ
2135 1551 2240 1601 γαρ
2274 1524 2376 1580 ἄνω
2415 1523 2525 1580 δυν-

253 1625 403 1674 aspele
434 1604 703 1674 ὑμνοῦσιν,
734 1605 791 1657 οὕ
821 1603 1142 1674 ψάλλουσιν.
1177 1615 1234 1661 St
1253 1631 1455 1679 apuero
1483 1615 1587 1662 i-stzs
1611 1616 1926 1678 assuefecerzs
1948 1633 2081 1668 eum,
2095 1615 2352 1680 paulatim
2387 1625 2432 1658 et
2462 1613 2530 1660 ad

253 1689 536 1736 sublimiora
571 1690 786 1736 deduces.
826 1691 1012 1737 Psalmi
1042 1693 1419 1755 complectuntur
1451 1692 1634 1739 omnia.
1672 1694 1854 1739 Rursus
1887 1705 1933 1738 et
1972 1672 2144 1757 hymni
2181 1708 2363 1755 quoque
2401 1690 2530 1738 ni'hzl

252 1763 429 1812 habent
462 1766 681 1813 humani.
721 1768 860 1822 Quod
888 1767 934 1814 si
961 1767 1011 1813 in
1034 1768 1241 1831 psalmis
1276 1768 1538 1815 instructus
1564 1769 1747 1831 suerit,
1776 1782 1879 1815 tum
1906 1782 1951 1815 et
1983 1769 2187 1833 hymnos
2215 1769 2450 1833 intelliget
2473 1785 2533 1814 ac

251 1843 368 1889 sciet
394 1855 556 1907 utpote
579 1861 678 1890 rem
705 1845 1005 1892 diviniorem.
1034 1845 1225 1892 Etenim
1243 1858 1505 1910 potestates
1527 1863 1728 1911 superae
1753 1846 1955 1911 hymnos
1979 1847 2259 1898 concinunt,
2287 1863 2380 1892 non
2399 1846 2533 1909 psal-

251 1920 376 1967 lunt.
412 1923 648 1969 Hactenus
680 1922 952 1970 Balduinus.
1322 1919 1329 1938 Χ
1789 1980 1792 1985 ,

277 2000 279 2002 ’
381 1999 690 2046 Tertullianus
713 2001 760 2046 in
787 2000 975 2063 apolog.
1010 2017 1112 2065 cap.
1144 2003 1224 2049 39.
1254 2002 1314 2048 de
1340 2004 1556 2049 convivio
1582 2003 1967 2064 Christianorum.
1998 2004 2110 2049 Post
2132 2018 2312 2065 aquam
2336 2016 2533 2047 manua-

256 2077 347 2122 lem
370 2087 415 2122 et
444 2076 630 2123 lumina
646 2114 658 2128 ,
690 2089 741 2123 ut
766 2078 980 2141 quisquis
1005 2079 1063 2125 de
1089 2080 1345 2144 scripturis
1371 2081 1573 2132 sanetis,
1605 2082 1680 2128 vel
1699 2081 1756 2127 de
1785 2081 1982 2145 proprio
2009 2080 2200 2145 ingenio
2222 2091 2397 2144 potest,
2424 2095 2533 2143 pro-

251 2166 450 2200 vocatur
482 2154 532 2200 in
565 2155 776 2201 medium
799 2157 900 2202 Deo
923 2173 1111 2204 canere.
1151 2159 1267 2204 Item
1302 2157 1386 2205 lib.
1414 2161 1473 2205 ll.
1511 2158 1589 2221 (in
1622 2158 1744 2222 fine)
1782 2160 1840 2206 ad
1866 2175 2085 2214 uxorem,
2116 2159 2399 2205 Christianos
2433 2171 2532 2203 sese

252 2239 419 2286 mutuo
446 2228 755 2295 provocasse,
782 2235 888 2295 quis
920 2235 1086 2282 melius
1111 2237 1208 2282 Deo
1234 2223 1320 2283 suo
1345 2245 1556 2283 caneret:
1585 2253 1736 2299 neque
1762 2237 1915 2283 solum
1948 2238 1997 2283 in
2030 2236 2220 2282 ecclesia
2254 2243 2332 2281 aut
2365 2242 2526 2288 coetu,

239 2309 335 2355 'sed
360 2310 409 2355 in
433 2311 625 2372 privatis
650 2311 1027 2359 Christianorum*
1053 2312 1273 2366 aedibus,
1308 2314 1512 2376 psalmos
1534 2315 1824 2361 concinuisse
1850 2315 1928 2372 ait.
1967 2315 2100 2373 Certe
2125 2316 2173 2360 in
2197 2314 2275 2366 iis,
2303 2321 2356 2358 ut
2382 2314 2428 2357 in
2454 2327 2529 2357 ec-

250 2386 420 2440 clesia,
459 2403 620 2450 preces
651 2389 859 2436 sonuisse
876 2389 1051 2436 -scribit
1083 2391 1340 2453 Cyprianus
1371 2391 1430 2437 ad
1466 2400 1711 2454 martyres.
1751 2391 1840 2438 Sed
1875 2400 1922 2438 et
1958 2392 2169 2438 Clemens
2204 2389 2530 2437 alexandrinus
2568 2422 2578 2427 ‚,

251 2462 338 2510 lib.
365 2465 464 2510 Vll.
496 2464 628 2527 (cap.
658 2468 706 2511 7.
728 2465 743 2528 )
770 2474 1047 2513 stromatum
1079 2468 1253 2515 indicat
1279 2469 1424 2515 moris
1451 2469 1617 2522 fuisse,
1645 2478 1696 2515 ut
1723 2485 1828 2516 cum
1860 2469 2018 2515 cibum
2043 2476 2279 2515 sumerent
2309 2468 2530 2514 Christia-

254 2541 329 2592 ni,
358 2541 547 2602 psalmi,
576 2542 832 2605 hymnique
866 2554 1171 2606 personarent
1200 2554 1290 2592 etc.
1328 2547 1427 2592 Erit
1462 2550 1576 2609 ergo
1609 2563 1795 2593 carmen
1830 2563 2016 2609 canere,
2049 2547 2252 2608 hymnos
2285 2547 2332 2591 in
2368 2545 2529 2591 laudes

254 2616 402 2663 divini
430 2620 630 2665 nominis
656 2620 730 2666 vel
759 2630 1028 2667 sanctorum
1052 2625 1342 2686 conscriptos
1374 2609 1874 2677 concinere.⁶Auctor,
1904 2625 1984 2685 qui
2011 2622 2099 2670 sub
2131 2620 2390 2668 Commodo
2416 2619 2528 2665 scri-

255 2692 396 2740 bebat
432 2695 654 2742 adversus
680 2690 945 2744 Artemonis
967 2699 1220 2754 haeresim,
1249 2710 1301 2747 ut
1330 2717 1384 2747 ex
1410 2701 1597 2747 Eusebii
1622 2701 1815 2748 historia
1839 2702 2089 2748 ecclesiast.
2116 2699 2199 2746 lib.
2226 2701 2281 2745 V.
2311 2714 2412 2760 cap.
2442 2699 2523 2743 27.

256 2771 476 2818 discimus
510 2771 598 2818 suh
633 2773 791 2827 initio,
819 2777 1108 2822 canticorum
1133 2786 1177 2822 et
1210 2778 1494 2839 hymnorum
1529 2780 1578 2824 in
1609 2780 1763 2841 ipsum
1799 2779 2031 2825 Christum
2067 2794 2091 2824 a
2125 2776 2344 2823 fidelibus
2375 2775 2525 2820 edito-

256 2863 383 2894 rum
392 2850 629 2895 meminit.
666 2837 881 2910 ψαλμοι
955 2841 972 2894 ὲ
1013 2839 1121 2895 ὅσοι
1160 2867 1243 2896 και
1285 2842 1410 2918 ᾠδαὶ
1452 2842 1696 2910 ἀδελφων
1734 2845 1812 2898 ἀπ’
1845 2846 2014 2918 ἀρχῆς
2046 2843 2136 2898 ὑπὸ
2175 2865 2363 2895 πιστων
2399 2864 2525 2914 74>oe-

256 2916 431 2980 φεῖσαι
468 2914 553 2970 τὸν
589 2914 748 2984 λόγον
782 2918 879 2970 τοῦ
909 2919 1044 2972 ’3εοῦ
1076 2919 1163 2974 τὸν
1200 2902 1421 2994 Xpiovdv
1453 2922 1667 2991 ὑμνοῦσι
1704 2922 2102 2994 θεολογουντες.
2140 2931 2378 2991 Quotquot
2411 2927 2524 2972 item

248 3002 436 3065 psalmi
459 3015 603 3065 atque
634 3002 805 3066 hymni
837 3004 900 3050 ab
930 3005 1069 3051 imnum
1101 3007 1341 3053 nascentis
1370 3024 1536 3070 nempe
1563 3019 1674 3071 post
1700 3007 1936 3054 Christum
1971 3007 2193 3053 ecclesiae
2226 3022 2258 3051 a
2274 3003 2526 3067 fratrebus

255 3079 534 3143 conscripti,
566 3079 620 3125 hi
647 3098 806 3128 omnes
836 3082 1072 3129 Christum
1108 3084 1298 3131 verbum
1332 3085 1426 3130 Dei
1454 3085 1802 3136 concelebrant,
1839 3085 2142 3131 divinitatem
2175 3083 2222 3129 ei
2255 3082 2521 3129 tribuendo.

254 3157 312 3203 Et
344 3158 393 3203 in
426 3158 624 3204 concilio
659 3159 938 3219 antiocheno
973 3160 1061 3206 sub
1096 3162 1348 3208 Aureliano
1388 3162 1514 3224 apud
1548 3162 1748 3208 eundern
1782 3162 1865 3209 lib.
1898 3164 1996 3208 Vll.
2031 3177 2133 3224 cap.
2166 3163 2246 3207 30.
2279 3162 2402 3206 inter
2437 3160 2525 3205 alia

255 3234 449 3280 crimina
479 3235 623 3281 Paulo
658 3245 951 3283 samosateno
977 3237 1183 3288 obiecta
1211 3254 1307 3284 non
1338 3248 1625 3301 postremum
1658 3239 1814 3285 locum
1849 3238 2074 3292 obtinuit,
2102 3254 2209 3285 eum
2242 3237 2463 3300 psalmos
2481 3246 2530 3283 et

257 3318 440 3364 cantus,
469 3312 550 3373 qui
581 3311 638 3357 ad
666 3328 748 3359 sua
777 3321 989 3376 tempora
1014 3315 1061 3360 in
1089 3316 1341 3361 Dominum
1375 3325 1587 3362 nostrum
1615 3316 1795 3361 recitari
1830 3315 2064 3370 solebant,
2093 3315 2367 3377 explosisse,
2395 3322 2441 3360 et
2477 3314 2524 3358 in

256 3386 409 3432 media
442 3388 632 3434 ecclesia
668 3388 865 3435 solemni
900 3391 1127 3451 paschatis
1159 3385 1236 3437 die
1270 3391 1512 3444 mulieres,
1539 3407 1660 3454 quae
1686 3393 1942 3438 cantilenas
1973 3394 2018 3437 in
2054 3393 2198 3454 ipsius
2229 3391 2391 3437 laudes
2417 3390 2524 3436 fun-

2005 3459 2030 3471 Ν

258 3462 446 3518 derent,
474 3465 809 3513 introduxisse.
847 3456 1005 3528 xlapr
1013 3456 1098 3518 οὓς
1131 3455 1181 3510 δὲ
1218 3457 1336 3519 τοὺς
1370 3459 1460 3530 μὲν
1494 3459 1564 3518 εἷς
1600 3457 1687 3512 τὸν
1717 3457 1886 3532 κόριον
1916 3483 2053 3531 κμων
2077 3459 2274 3515 Ἰησουν
2308 3457 2523 3528 Xpto73v

257 3528 484 3592 παύσας,
521 3531 587 3592 ὦς
625 3529 682 3589 δη
723 3531 1036 3603 νεωτέρους,
1059 3556 1141 3587 και
1184 3534 1427 3609 νεωτέρων
1464 3533 1655 3628 ἀνδρων
1694 3534 2097 3610 συγγράμμοίῖα·
2137 3536 2208 3596 εἷς
2247 3534 2427 3588 ἑαυτὸν
2466 3530 2518 3586 δὲ

199 3638 202 3641 -
263 3605 312 3660 ἐν
339 3605 466 3677 μέση
495 3630 553 3677 τη
582 3608 835 3691 ἐκκλησίᾳ
861 3610 925 3680 τῇ
950 3608 1163 3682 μεγάλῃ
1191 3625 1282 3664 τοι)
1315 3611 1514 3680 πάσχα
1523 3609 1714 3685 κμέρᾳ,
1740 3610 2053 3687 ’ψαλμωὸεῖν
2082 3635 2338 3686 γυναικας
2366 3634 2522 3686 παρα-

263 3681 528 3756 σκευαζων·
567 3681 630 3739 ὠν
665 3685 748 3738 καὶ
789 3685 1012 3747 ἀκούσας
1049 3684 1110 3741 ἄν
1145 3710 1223 3749 τις
1260 3690 1498 3762 φρίξειεν.
1535 3699 1751 3745 Psalmos
1792 3711 1837 3745 et
1873 3711 2070 3752 cantus,
2111 3700 2196 3764 qui
2233 3701 2302 3746 ad
2338 3697 2525 3745 domini

258 3779 424 3814 nostri
433 3772 541 3817 Iesu
568 3771 744 3819 Christi
768 3772 993 3820 honorem
1016 3774 1271 3820 decantari
1298 3775 1532 3827 solebant,
1563 3788 1813 3840 tamquam
1843 3790 2142 3830 recentiores,
2173 3790 2218 3823 et
2243 3793 2274 3823 a
2310 3776 2424 3823 §iris
2448 3794 2522 3822 re-

256 3844 480 3892 eentioris
512 3849 772 3896 memoriae
806 3850 981 3902 editos,
1020 3851 1253 3916 explosit:
1287 3864 1332 3898 et
1369 3852 1418 3899 in
1457 3853 1617 3900 media
1658 3854 1854 3901 ecclesia
1888 3855 2106 3903 sollemni
2130 3854 2379 3918 paschatis
2414 3854 2513 3908 die.
