2970 4420
1152 259 1208 289 DE
1242 257 1502 289 mssonoms.
2395 241 2455 286 95

204 340 305 398 «θος
338 335 432 406 μὲν
467 331 591 392 κσαν
628 334 675 387 οἱ
715 333 1048 406 ὁμιλοῦντες,
1081 332 1413 403 πανταχόθεν
1450 329 1504 385 δὲ
1540 327 1758 396 ἐφοίτων
1796 329 1842 383 οἱ
1882 326 2116 390 παιδείας
2155 331 2463 403 ἐπιθυμοῦν·

205 429 301 474 τες·
335 435 391 470 nv
426 409 539 465 δὲ’
518 433 568 466 εν
603 409 783 472 αὐτοῖς
815 409 873 464 τὸ
912 409 1199 466 κάλλιστον
1236 409 1521 483 δύσκριτον.
1556 405 1829 481 Σώπατρος
1862 405 1963 481 ’γὰρ
2001 402 2056 463 ἦν
2095 407 2118 459 ὁ
2160 407 2212 460 ἐκ
2244 412 2461 479 Συρίας,

204 488 328 562 ἀνὴρ
367 488 523 543 simis·
557 509 610 540 τε
647 510 731 541 και
773 485 984 560 γράψαι
1019 484 1325 548 δεινότατος·
1354 483 1612 546 Αἶδέσιός
1631 506 1684 539 τε
1720 506 1804 538 και
1844 482 2140 544 Εὕστοίθιος
2179 483 2230 536 ἐκ
2259 488 2463 540 Καππα-

208 562 399 626 ‹loni-oa
433 565 486 619 ἐκ
521 561 574 617 δὲ
611 586 668 620 τη
678 562 999 627 ςΕλλοίδος
1037 561 1308 635 Θεόδωρός
1341 585 1395 618 τε
1425 561 1508 616 nal
1542 559 1865 655 Εὖφροίσιος,
1897 560 1943 613 οἱ
1982 561 2086 614 κατ’
2118 559 2286 634 ἀρεὙην
2325 562 2463 632 ὑπερ-

209 640 442 710 ἔχοντες,
471 639 635 695 ἄλλοι
670 663 751 703 τε,
778 639 972 702 πλῆθος
1010 641 1067 694 οὐ
1102 641 1312 694 πολλοῦ
1345 637 1638 710 λειπόμενοι
1668 659 1801 692 κατα
1831 659 1918 694 την
1950 635 1996 692 ἓν
2025 635 2198 698 λόΓοις
2237 634 2463 708 δύναμιν·

206 740 334 772 ωστε
374 714 727 789 θαυμαστὸν
697 741 780 780 nv,
811 714 893 772 ότι
922 718 1074 772 πᾶσιν
1112 715 1322 792 ἐπήρκει.
1359 728 1530 789 Itaque
1556 724 1798 790 plurimos
1821 734 1992 771 nactus
2017 735 2085 770 est
2109 723 2467 770 contubernales

205 820 267 851 ac
299 804 581 869 desct'pulos,
611 805 697 868 qui
727 805 1036 868 undecunque
1065 804 1282 868 gentium
1313 803 1382 850 ad
1413 820 1519 849 eum
1552 802 1840 865 affluebant,
1871 801 1940 847 ad
1968 792 2289 847 haurzendum
2315 800 2471 846 anzmi

205 882 413 932 cultum,
443 898 558 944 quos
593 894 718 928 mter
745 882 936 942 dffcile
963 881 1117 942 fuerat
1148 880 1379 926 iffudzczum
1411 897 1518 943 quts
1543 878 1896 943 praecelluerit.
1934 879 1995 924 In
2022 877 2082 923 iis
2102 877 2248 939 suere
2272 879 2473 940 Sopater

204 974 347 1021 syrus
379 958 676 1020 eloquentzae
710 975 761 1004 tn
794 959 994 1005 dicendo
1027 974 1087 1005 ac
1118 958 1366 1004 scrlbendo
1388 974 1626 1009 summae,
1655 956 1993 1019 Aedesi,usque
2023 966 2068 1001 et
2093 954 2376 1002 Eustathtus
2409 971 2472 1000 ex

209 1034 538 1097 Cappadocia,
567 1052 631 1080 ex
654 1036 860 1082 Hellade
888 1034 1174 1086 Theodorus,
1203 1045 1249 1080 et
1280 1033 1607 1098 Euphrasius,
1638 1033 1810 1081 virtute
1841 1033 2124 1079 excellentes
2149 1031 2264 1082 viri,
2294 1031 2473 1094 aliique

205 1110 350 1157 multi
386 1109 524 1158 haud
554 1113 722 1159 multo
739 1111 932 1158 dtcendi
950 1112 1202 1174 facultate
1235 1109 1488 1171 inferiores
1498 1130 1513 1164 ς
1546 1122 1598 1156 ut
1632 1110 1811 1157 mirum
1845 1109 1998 1157 videri
2023 1109 2174 1173 possit
2192 1146 2204 1160 ,
2241 1109 2473 1171 quomodo

206 1204 329 1234 unus
363 1188 583 1234 omnzbus
615 1189 871 1252 suffecertsst

338 1266 475 1311 LXII.
513 1268 580 1312 De
610 1267 886 1320 Theodoro,
911 1267 994 1329 qui
1027 1274 1188 1328 postea
1224 1265 1480 1328 Gregorzus
1513 1244 1796 1327 appellatus,
1825 1263 1889 1311 ob
1921 1265 2049 1326 signa
2084 1273 2221 1326 atque
2250 1265 2473 1311 miracula

210 1341 526 1404 thaumaturgi
558 1341 647 1389 sibi
679 1359 939 1405 cognomen
974 1343 1248 1395 vindicavit,
1275 1343 1613 1389 Neocaesareae
1645 1342 1779 1388 Ponti
1813 1343 2061 1404 episcopo,
2093 1341 2208 1404 quid
2240 1342 2338 1404 ipse
2368 1333 2475 1403 post

209 1418 430 1465 Basilium
464 1434 686 1480 magnum
724 1419 809 1465 lib.
839 1420 898 1465 de
932 1419 1106 1480 Spiritu
1136 1427 1297 1465 sancto
1331 1434 1433 1480 cap.
1461 1420 1542 1466 29.
1571 1426 1616 1464 et
1647 1418 1843 1480 epistola
1873 1419 1986 1464 204.
2015 1432 2134 1480 quae
2161 1427 2231 1464 est
2264 1418 2325 1464 ad
2352 1420 2475 1464 Neo-

209 1496 544 1542 caesariensem
568 1495 806 1542 ecclesiam
823 1530 835 1548 ,
862 1494 1115 1541 Eusebium
1141 1496 1472 1542 caesariensem
1498 1494 1718 1541 historiae
1738 1494 1988 1541 ecclesiast.
2017 1494 2142 1542 libro
2167 1496 2242 1542 VI.
2266 1511 2368 1558 cap.
2391 1495 2469 1541 30.

210 1580 258 1618 et
290 1571 432 1626 alibi,
464 1572 702 1619 Ruffinum
740 1572 1066 1634 aquileiensem
1085 1607 1098 1625 ‚
1131 1573 1472 1634 Hieronymum
1503 1573 1551 1617 in
1587 1571 1799 1633 catalogo
1829 1572 2109 1634 scriptorum
2147 1572 2477 1619 ecclesiastico-
2508 1562 2513 1565 ⁶

210 1663 342 1701 rum,
369 1657 416 1694 et
437 1649 487 1694 in
510 1648 708 1710 epistola
732 1650 812 1694 70.
835 1648 894 1695 ad
918 1650 1137 1710 Magnum
1162 1657 1422 1703 oratorem,
1443 1650 1715 1710 Gregorium
1735 1663 1906 1711 papam
1930 1632 2015 1694 lil').
2038 1650 2075 1694 l.
2097 1649 2271 1710 dialog.
2294 1665 2395 1712 cap.
2416 1650 2472 1701 7,

211 1725 499 1780 Cedrenum,
527 1726 738 1778 Suidam,
765 1727 1081 1788 Nicephorum
1113 1726 1378 1779 Callistum,
1405 1726 1695 1787 menologia,
1721 1734 1769 1772 et
1801 1725 1917 1771 alios
1951 1724 2052 1788 (1)?
2085 1725 2207 1781 Quid
2241 1727 2339 1788 ipse
2372 1735 2477 1789 post

211 1818 461 1863 nyssenum
485 1804 790 1865 Gregorium‚
817 1796 897 1864 qui
931 1805 1031 1850 eius
1062 1805 1230 1858 vitam,
1258 1812 1304 1850 et
1337 1819 1413 1864 res
1446 1813 1595 1865 gestas
1629 1803 1969 1849 accuratissime
1994 1811 2040 1849 et
2074 1802 2287 1850 facundia
2319 1805 2477 1865 singu-

210 1878 300 1925 lari
324 1879 598 1942 descripsit?
624 1880 762 1926 Plane
786 1881 921 1926 nihil.
949 1882 1266 1927 Actumenim
1289 1896 1473 1943 agerem
1489 1916 1501 1935 ,
1530 1889 1576 1927 et
1599 1881 1798 1927 illustria
1822 1896 1874 1927 ac
1901 1879 2190 1926 nobilissima
2216 1880 2334 1926 facta
2358 1880 2478 1926 male

211 1965 398 2018 compta
431 1957 619 2003 dicendi
643 1957 882 2019 loquentia
908 1957 1224 2005 obscurarem.
1263 1959 1329 2004 De
1353 1959 1452 2004 eius
1484 1949 1789 2004 nihilominus
1811 1958 1993 2020 scriptis
2018 1974 2107 2020 pro
2132 1960 2347 2004 instituto
2371 1949 2478 2004 meo

214 2032 393 2094 aliquid
415 2034 463 2078 in
487 2033 697 2080 medium
721 2033 982 2096 proferam;
1009 2048 1129 2096 quae
1145 2070 1156 2089 ‚
1176 2043 1228 2081 ut
1253 2036 1430 2096 potuit,
1456 2035 1597 2081 variis
1618 2050 1647 2080 e
1669 2033 1860 2080 latebris
1882 2034 2066 2087 eduxit,
2087 2043 2134 2080 et
2157 2033 2298 2080 latine
2319 2050 2474 2087 versa,

212 2110 428 2171 notisque
448 2110 700 2164 illustrata,
729 2110 918 2173 publica
940 2110 1048 2161 fecit
1069 2113 1247 2174 primus
1269 2112 1502 2159 Gerardus
1525 2112 1712 2159 Vossius
1735 2112 2037 2173 Moguntiae
2025 2127 2074 2157 in
2099 2112 2147 2158 4.
2177 2126 2300 2157 anno
2330 2113 2476 2165 1604;

214 2187 518 2248 postmodum
552 2203 675 2237 anno
705 2189 845 2235 1622.
879 2203 986 2235 cum
1015 2190 1214 2277 Macario
1248 2189 1491 2251 aegyptio,
1518 2197 1565 2235 et
1597 2188 1768 2235 Basilio
1803 2188 2072 2235 seleuciensi
2105 2187 2229 2234 edita
2262 2197 2370 2235 sunt
2400 2190 2482 2235 Pa-

215 2264 336 2311 risiis
367 2265 416 2310 in
451 2264 536 2311 fol.
1305 2311 1308 2314 .

343 2342 471 2388 Inter
503 2341 629 2388 illius
652 2357 795 2404 opera
819 2341 1019 2390 habetur
1040 2342 1362 2407 metaphrasis
1387 2343 1438 2389 in
1462 2342 1819 2393 Ecclesiastem,
1849 2358 1969 2405 quae
1992 2343 2041 2389 in
2063 2343 2262 2405 Reginae
2295 2344 2477 2396 codice,

216 2417 385 2464 litteris
408 2418 683 2480 capitalibus
706 2421 904 2482 scripto,
930 2427 983 2466 ut
1016 2419 1178 2467 scribit
1199 2421 1385 2474 Billius,
1410 2429 1456 2467 et
1480 2422 1693 2483 Gregorii
1726 2421 2020 2467 nanzianzeni
2054 2421 2373 2482 antiquitatem
2408 2437 2483 2468 ae-

215 2502 416 2554 quante,
445 2496 567 2541 inter
597 2490 820 2558 germana
842 2498 1112 2543 Nazianzeni
1134 2512 1279 2560 opera
1304 2506 1602 2551 numeratur,
1630 2497 1760 2559 quod
1785 2498 1900 2543 tanti
1925 2498 2049 2560 apud
2073 2498 2261 2544 Billium
2290 2498 2402 2551 fuit,
2431 2508 2482 2545 ut

215 2586 501 2632 quamquam
534 2573 808 2620 reclamaret
831 2573 991 2628 stilus,
1018 2576 1099 2636 qui
1126 2590 1222 2621 non
1248 2590 1580 2637 usquequaque
1613 2575 1757 2621 refert
1789 2573 2080 2621 elaboratum
2114 2575 2261 2629 illud,
2289 2584 2335 2622 et
2370 2566 2481 2620 εἷπε-

219 2637 463 2709 ξεσμένον
498 2649 683 2695 dicendi
716 2665 886 2711 genuS,
914 2651 1239 2713 quod-passim
1262 2653 1310 2698 in
1334 2653 1606 2698 Nazianzeni
1630 2653 1813 2714 scriptis
1839 2652 2015 2705 elucet,
2041 2654 2352 2699 connexiones
2375 2669 2481 2699 sen-

218 2726 469 2771 tentiarum
493 2725 732 2786 aliquanto
755 2726 993 2780 duriores,
1022 2729 1333 2790 transitusque
1356 2728 1666 2791 abruptiores.
1695 2728 1833 2784 Quod
1858 2730 1896 2775 si
1919 2729 2151 2790 quaedam
2175 2728 2318 2775 verba
2342 2744 2483 2790 quan-

217 2801 377 2863 doque
408 2803 654 2849 intertexta
689 2802 904 2856 fuissent,
931 2803 1083 2851 multo
1115 2805 1307 2852 mollior
1341 2791 1501 2855 fuisset
1533 2814 1631 2852 tota
1663 2814 1906 2852 contextus
1939 2806 2099 2860 facies,
2134 2807 2378 2867 minusque
2410 2807 2484 2851 in-

219 2879 342 2924 vitae
375 2879 497 2926 inter
533 2894 582 2925 se
616 2879 796 2925 coirent
828 2880 1106 2926 sententiae:
1142 2882 1264 2927 inter
1298 2890 1453 2927 tamen
1488 2882 1922 2944 pseudoepigrapha
1955 2883 2224 2929 Nazianzeni
2256 2881 2376 2928 hanc
2409 2882 2484 2928 lu-

218 2954 544 3002 cubrationem
578 2971 836 3002 numerare
860 2971 957 3002 non
991 2956 1292 3003 dubitaverit.
1329 2958 1418 3004 Dat
1449 2966 1606 3004 tamen
1637 2973 1802 3004 manus
1831 2960 2148 3020 Hieronymo,
2180 2960 2262 3019 qui
2295 2974 2484 3005 omnem

220 3031 526 3078 dubitationis
548 3047 707 3078 ansam
731 3033 916 3086 eximit,
943 3041 1081 3094 atque
1105 3033 1230 3079 hunc
1258 3033 1435 3081 foetum
1457 3050 1572 3082 vero
1596 3036 1777 3096 parenti
1800 3036 1977 3081 asserit.
2015 3037 2226 3096 Namque
2250 3036 2484 3097 explicans

219 3109 341 3155 illud
372 3110 670 3156 Ecclesiastae
702 3124 804 3171 cap.
834 3111 910 3156 lV.
947 3110 1116 3156 melior
1145 3121 1213 3156 est
1241 3127 1363 3174 puer
1389 3126 1602 3174 pauper,
1631 3126 1689 3157 ex
1717 3112 1926 3172 Gregorii
1958 3112 2093 3157 Ponti
2123 3112 2351 3174 episcopi,
2379 3114 2485 3159 Ori—

220 3187 349 3246 genis
381 3186 628 3239 auditoris,
655 3186 937 3248 metaphrasi
966 3188 1014 3232 in
1047 3187 1366 3234 Ecclesiastem
1397 3189 1735 3250 expositionem
1765 3188 1977 3241 assumit,
2004 3187 2232 3235 verbatim
2257 3189 2485 3251 digestam

221 3263 271 3308 in
302 3262 440 3308 huius
471 3263 751 3325 metaphrasi
788 3279 890 3325 cap.
924 3265 1000 3310 lv..
1038 3265 1191 3318 Quare
1225 3264 1340 3310 nulli
1375 3263 1573 3310 dubium
1606 3265 1656 3311 in
1690 3273 1931 3326 posterum
1955 3263 2125 3318 fuerit,
2162 3280 2326 3312 verum
2358 3266 2484 3316 illius

224 3347 460 3386 auctorem
495 3341 913 3387 neocaesariensem
936 3356 1037 3386 esse
1060 3343 1351 3402 Gregorium.
1389 3341 1527 3396 Quod
1553 3349 1706 3387 autem
1731 3342 2015 3388 Nazianzeno
2038 3357 2228 3404 quoque
2253 3343 2484 3406 adscripta

223 3414 387 3469 fuerit,
414 3430 662 3463 commune
695 3432 868 3464 nomen
892 3418 940 3463 in
966 3432 1100 3464 causa
1134 3418 1246 3471 fuit,
1275 3418 1405 3480 quod
1430 3417 1700 3479 frequenter
1722 3419 1770 3464 in
1793 3417 1928 3464 libris
1949 3418 2266 3466 ecclesiasticis
2291 3420 2480 3471 accidit,

223 3501 272 3538 et
305 3493 505 3546 aliorum
529 3494 745 3557 exemplo
769 3492 1046 3557 probat.1n
1077 3495 1239 3542 codice
1262 3497 1374 3542 item
1396 3496 1608 3542 vaticano
1633 3497 1744 3542 479.
1773 3497 2092 3557 antiquissimo
2125 3505 2171 3543 et
2199 3499 2376 3560 optime
2398 3513 2485 3553 no-

224 3577 324 3623 tae,
348 3570 397 3615 in
430 3585 526 3631 quo
549 3586 658 3617 cum
682 3571 784 3618 aliis
806 3572 1075 3618 Nazianzeni
1108 3571 1330 3634 operibus
1355 3573 1470 3619 haec
1501 3587 1690 3633 quoque
1721 3573 2026 3636 metaphrasis
2058 3574 2214 3621 locum
2239 3574 2406 3628 habet,
2435 3576 2484 3621 in

225 3647 435 3707 margine
462 3647 709 3694 scribitur.
749 3637 957 3695 ἶσΤέον
939 3637 1015 3692 ότι
1045 3636 1176 3692 navas
1198 3661 1336 3701 τινας
1366 3639 1390 3692 ὁ
1421 3637 1571 3700 λόΓος
1600 3644 1748 3700 οὐτος
1778 3639 2191 3712 ἀμφιβάλλέῖαι
2227 3651 2480 3698 Sci-endum

311 3816 362 3859 (a)
384 3815 678 3856 Praemittuntur
701 3818 856 3858 editioni
878 3819 1077 3867 parisiacae
1101 3825 1261 3858 veterum
1287 3820 1332 3859 de
1357 3820 1535 3868 Gregorio
1560 3821 1773 3859 testimonia
1788 3849 1798 3866 ,
1826 3832 1920 3869 quae
1945 3822 2039 3860 vide.
2068 3823 2112 3859 Α..
2139 3823 2191 3858 Μ.
