2970 4420
386 223 414 252 x
583 266 586 270 .
1407 211 1613 254 ‘annolus

996 347 1334 387 Heortasticarum
1363 346 1405 387 S.
1439 343 1648 385 Athanasii
1677 354 1832 395 nupera
1861 347 2047 388 inventia.

483 461 581 506 Vll.
622 462 840 523 Superest
882 462 941 507 ad
971 471 1232 509 extremum
1268 470 1320 507 ut
1369 461 1664 505 inventarum
1709 456 1949 506 Athanasii
1985 460 2372 511 heortasticarum
2405 467 2620 514 notitiam
2642 503 2659 521 ,

385 554 494 586 cum
518 536 674 585 debita
698 538 984 600 inclytorum
1005 538 1267 599 Anglorum
1286 536 1424 583 laude
1449 548 1753 596 exponamus.
1782 536 2002 601 Namque.
2024 538 2096 586 his
2129 543 2260 588 annis
2283 543 2356 597 vir
2382 541 2550 590 doctus
2571 579 2582 597 ‚
2611 553 2659 591 et

386 617 595 680 copticae
617 617 892 678 praesertim
923 616 1109 678 linguae
1136 615 1324 662 scientia
1349 613 1501 659 clarus
1524 612 1580 657 D.
1607 613 1836 659 Henricus
1856 614 2070 669 Tatamus
2094 617 2154 664 ad
2176 620 2395 666 ‘Scetense
2419 621 2468 666 in
2502 622 2660 683 Aegy-

386 705 470 759 pto
501 696 549 741 S.
576 695 746 742 Mariae
779 693 1024 757 deiparae,
1056 692 1186 756 quod
1221 700 1288 738 est
1320 692 1369 737 in
1394 689 1582 736 deserto
1605 690 1803 744 Nitriae,
1842 695 2176 742 monasterium
2206 697 2268 759 1),
2297 697 2557 760 profectus,
2592 698 2658 745 ibi

387 772 513 836 apud
537 773 742 833 syriacae
764 772 957 833 originis
983 772 1194 832 ritusque
1219 767 1472 815 monachos
1502 767 1860 830 pretiosissimos
1890 783 2130 817 aramaeae
2161 773 2347 836 linguae
2377 775 2562 822 codices
2600 791 2656 822 ex

386 851 719 913 Mesopotamia
742 849 857 895 olim
884 848 1132 895 translatos
1157 846 1407 908 comperit,
1437 845 1682 910 pretioque
1706 844 1979 908 redemptos
2007 846 2056 892 in
2085 848 2301 912 Angliam
2328 852 2544 907 contulit.
2577 854 2657 899 Est

388 936 545 974 autem
576 926 702 973 idem
737 925 1186 987 hocfflmonasterium
1204 958 1215 976 ,
1242 921 1373 984 quod
1395 921 1518 969 Elias
1547 923 1756 985 primum
1794 923 2028 970 Simonius
2060 928 2313 983 maronita‚
2351 944 2475 975 anno
2511 931 2652 976 1707.

384 1006 535 1051 Roma
557 1005 722 1050 missus
745 1002 882 1056 adiit,
904 1018 960 1049 ex
983 1017 1133 1063 eoque
1155 1001 1266 1045 ·XL·
1286 1000 1490 1060 Syriacos
1512 999 1696 1046 codices
1720 1001 1993 1063 reportavit,
2012 1001 2094 1063 qui
2117 1002 2166 1048 in
2189 1001 2525 1052 bibliothecam
2548 1007 2657 1052 vati-

380 1096 550 1128 canam
574 1089 682 1128 sunt
705 1079 836 1127 illati.
865 1079 1041 1125 Deinde
1066 1093 1141 1124 an.
1176 1077 1315 1122 1717.
1345 1076 1523 1123 maiere
1552 1077 1768 1124 incensus
1790 1077 2043 1140 cupiditate
2066 1079 2291 1142 Iosephus
2314 1083 2548 1129 Simonius
2572 1083 2658 1128 As-

388 1171 603 1205 semanus
634 1156 698 1204 ob
723 1156 930 1219 reliquos
956 1153 1300 1216 conquirendos
1329 1153 1442 1201 illuc
1469 1169 1742 1217 progressus
1760 1190 1771 1209 ,
1802 1156 1866 1201 ita
1895 1155 1954 1202 de
1986 1170 2072 1202 suo
2096 1171 2266 1218 parum
2289 1157 2413 1206 laeto
2442 1175 2656 1207 successu

387 1237 595 1298 loquitur
620 1234 740 1281 Bibl.
777 1235 944 1280 orient.
972 1234 1022 1277 Τ.
1052 1233 1087 1277 Ι.
1121 1230 1269 1293 praef.
1304 1230 1388 1278 fol.
1427 1233 1474 1278 62
1505 1244 1712 1296 repertos
1744 1232 1927 1279 codices
1961 1233 2194 1285 recensui,
2237 1236 2429 1282 selectos
2464 1237 2658 1283 circiter

386 1324 574 1358 centum
599 1310 747 1375 petissz
777 1309 860 1355 sed
880 1308 1025 1354 nullzs
1049 1308 1289 1371 precibus,
1313 1319 1509 1372 praeter
1526 1303 2001 1372 paucos-quosdam,
2030 1311 2274 1374 persoluto
2295 1323 2470 1375 pretzo,
2500 1328 2533 1358 a
2557 1330 2661 1367 mo-

387 1388 554 1436 naclus
587 1388 795 1434 obtinere
828 1384 982 1432 lec-mc.
1021 1387 1171 1432 Porro
1200 1386 1445 1433 nitrienses
1468 1386 1556 1433 hos
1587 1387 1796 1441 codices,
1831 1389 2066 1449 quotquot
2096 1404 2122 1434 e
2152 1388 2285 1443 Nilo,
2319 1403 2416 1449 quo
2445 1388 2656 1435 devehe-

387 1452 580 1519 bantur,
609 1464 856 1525 naufragos
882 1463 1121 1525 expiscari
1132 1463 1287 1517 licuit,
1317 1462 1445 1508 idem
1469 1463 1752 1511 Assemanus
1775 1473 2018 1511 enumerat
2039 1467 2087 1511 in
2113 1466 2353 1528 praedicto
2382 1474 2514 1511 tomo
2539 1466 2660 1511 circa

386 1544 543 1589 finem.
572 1543 693 1603 Ergo
728 1541 896 1603 elapsis
930 1548 1118 1587 centum
1140 1539 1238 1586 fere
1271 1548 1318 1586 et
1340 1540 1529 1601 triginta
1557 1549 1665 1602 post
1690 1542 1999 1588 Assemanum
2024 1544 2182 1596 annis,
2212 1544 2270 1588 D.
2304 1545 2520 1589 Tatamus
2544 1543 2662 1589 resi-

386 1622 503 1667 duos
538 1619 633 1666 illic
665 1619 822 1666 invisit
855 1617 1037 1664 codices
1073 1618 1305 1681 (quorum
1338 1617 1594 1665 nonnullos
1628 1618 1810 1665 viderat
1845 1618 1989 1680 paulo
2026 1626 2132 1664 ante
2159 1619 2297 1664 etiam
2332 1617 2661 1670 nobilis‘alter

386 1697 550 1758 anglus
572 1695 803 1743 Robertus
826 1694 1085 1757 Curzonus)
1116 1694 1256 1757 hique
1280 1694 1521 1741 interdum
1550 1696 1680 1758 signa
1715 1693 1941 1757 gerebant
1964 1710 2108 1741 manu
2132 1695 2373 1753 Assemanj
2401 1694 2628 1755 impressa
2645 1729 2658 1747 ‚

385 1783 634 1837 propterea
670 1773 800 1839 quod
835 1773 942 1819 illos
976 1771 1064 1818 sibi
1098 1771 1353 1819 tradendos
1387 1771 1560 1818 frustra
1597 1780 1864 1834 speraverat
1884 1787 1909 1816 e-
1929 1780 2068 1833 atque
2091 1771 2165 1817 his
2189 1770 2396 1817 feliciore
2424 1770 2657 1832 auspicio,

386 1869 467 1900 seu
496 1853 671 1898 maiore
706 1853 855 1914 pretio
872 1886 883 1906 ,
910 1852 1197 1913 impetratiS,
1224 1851 1393 1897 merito
1421 1849 1731 1897 laetabundus
1765 1850 1990 1896 discessit.
2021 1836 2138 1896 Ecce
2173 1857 2330 1895 autem
2366 1848 2508 1910 paulo
2534 1856 2658 1911 post,

386 1930 445 1976 cl.
481 1930 654 1976 Tatami
687 1929 872 1974 exuvias
903 1927 1042 1975 valde
1069 1928 1221 1982 auxit,
1246 1927 1297 1973 id
1330 1936 1399 1974 est
1431 1920 1624 1974 cunctos
1658 1928 1865 1975 omnino·
1885 1927 2068 1974 codices
2102 1925 2163 1973 cx'
2180 1942 2238 1973 eo
2266 1926 2552 1973 monasterio
2581 1940 2658 1971 co-

384 2011 565 2068 emptos
599 2005 789 2051 deduxit
820 2006 892 2052 vir
923 2013 1143 2060 strenuus
1176 2000 1418 2067 aegyptius
1450 1994 1687 2067 Augustus
1719 2003 1886 2051 Pakus.
1925 2005 2008 2050 His
2045 2002 2264 2050 omnibus
2306 2004 2355 2049 in
2395 2001 2661 2048 britannico

383 2099 543 2130 museo
566 2083 827 2137 collocatis,
856 2084 1038 2145 primus
1067 2081 1252 2129 Eusebii
1288 2084 1592 2129 caesareensis
1626 2082 1960 2144 theophaniam
1993 2082 2224 2147 integram
2256 2081 2304 2126 in
2338 2078 2662 2142 antiquissimo

382 2162 596 2223 miroque
622 2160 874 2222 exemplari
905 2158 1172 2206 observavit
1206 2160 1278 2206 vir
1325 2159 1621 2206 doctissimus
1657 2161 1713 2205 D.
1740 2158 1924 2205 Samuel
1951 2159 2097 2213 Leus,
2137 2172 2281 2219 quam
2314 2171 2425 2202 mox
2459 2156 2661 2217 impigre

380 2253 593 2284 sermone
615 2236 807 2299 anglico
830 2223 1162 2298 interpretatus
1187 2235 1365 2289 edidit,
1404 2243 1450 2281 et
1485 2234 1657 2281 deinde
1693 2237 1836 2282 etiam
1864 2236 2059 2298 syriace.
2087 2236 2154 2280 De
2179 2234 2267 2280 hac
2295 2231 2481 2280 Eusebii
2513 2233 2660 2278 theo-

380 2316 548 2377 phania
570 2330 654 2361 nos
676 2323 845 2376 quarto
866 2314 913 2359 in
935 2313 1175 2360 volumine
1199 2313 1344 2359 locuti
1375 2327 1564 2368 sumus,
1594 2311 1676 2359 ubi
1707 2302 1811 2360 eam
1837 2314 2012 2375 graecis
2036 2312 2235 2359 inventis
2258 2311 2498 2372 reliquiiS,
2521 2309 2661 2356 lautis
2718 2332 2722 2336 -

380 2408 488 2439 sane
513 2408 564 2438 ac
587 2394 820 2454 genuinis,
850 2391 1257 2453 locupletavimus.
1286 2388 1419 2436 Alter
1448 2405 1559 2436 mox
1580 2391 1771 2436 accessit
1793 2391 1919 2453 paris
1945 2390 2098 2436 meriti
2118 2390 2313 2452 parique
2341 2403 2449 2435 cum
2476 2379 2662 2434 honore

359 2469 683 2532 appellandus
707 2471 763 2515 D.
785 2469 1062 2517 Willelmus
1088 2469 1378 2521 Curetonus,
1409 2468 1489 2529 qui
1514 2469 1562 2512 in
1584 2467 1832 2529 praedictis
1859 2466 2122 2520 codicibuS‚
2154 2474 2341 2528 praeter
2369 2465 2458 2512 alia
2479 2464 2652 2518 multa,

352 2533 758 2594 'heortasticarum
783 2546 929 2592 sancti
963 2545 1202 2592 Athanasii
1227 2545 1537 2607 epistolarum
1561 2545 1789 2607 grandem
1814 2554 1997 2607 partem
2025 2544 2228 2598 detexit,
2258 2552 2303 2588 et
2329 2543 2507 2604 syriace
2533 2556 2658 2587 auno

382 2624 518 2670 18t8.
556 2620 761 2670 venustis
794 2624 920 2685 typis
956 2622 1157 2668 Londini
1191 2622 1450 2684 evulgavit.
1481 2624 1584 2668 Hoc
1619 2623 1662 2668 ei
1697 2630 1854 2668 tamen
1889 2620 2246 2668 incommodum
2282 2618 2447 2666 accidit
2470 2637 2492 2672 ,·
2522 2617 2653 2679 quod

374 2703 467 2747 iam
492 2710 646 2748 curata
681 2701 884 2748 editione
917 2697 1195 2763 partis'eius
1213 2735 1224 2755 ‚
1252 2709 1373 2762 quae
1402 2700 1552 2762 prima
1575 2699 1635 2746 ad
1660 2699 1805 2762 ipsius
1838 2715 2003 2746 manus
2031 2698 2309 2751 devenerat,
2345 2695 2517 2744 deinde
2547 2709 2658 2756 pars

375 2779 462 2825 alia
496 2779 766 2825 earumdem
802 2778 1112 2840 epistolarum
1146 2778 1194 2824 in
1221 2776 1442 2839 Angliam
1476 2775 1793 2838 subsequente
1819 2791 1943 2822 anno
1967 2775 2121 2821 delata
2149 2781 2245 2820 est:
2272 2787 2370 2834 quo
2393 2770 2518 2818 felici
2548 2785 2657 2817 casu

372 2859 584 2920 imposita
620 2856 791 2902 editori
827 2855 1072 2902 necessitas
1107 2854 1224 2908 fuit,
1265 2862 1423 2916 partes
1461 2853 1543 2899 has
1578 2852 1822 2915 reliquae,
1861 2860 1908 2898 et
1933 2850 2126 2913 quidem
2165 2864 2306 2912 saepe
2328 2847 2658 2900 intermedias,

378 2925 423 2982 et
452 2933 687 2981 hiantibus
721 2934 898 2980 lacunis
933 2947 1163 2994 congruas
1184 2966 1196 2985 ,
1217 2945 1443 2977 *seorsum
1476 2931 1524 2975 in
1562 2929 1737 2976 eodem
1769 2926 1898 2974 libro
1940 2926 2260 2989 adiungendi.v
2281 2915 2410 2980 Quae
2447 2936 2555 2968 cum
2590 2923 2658 2968 ita

374 3029 422 3059 se
452 3012 681 3066 habeant,
718 3010 1012 3057 sedulitatem
1046 3006 1241 3070 quidem
1256 3006 1728 3058 ,benemerentissimi
1753 3006 1976 3053 Curetoni
2009 3003 2280 3055 laudamus,
2308 3009 2355 3046 et
2387 3008 2544 3045 tamen
2568 3012 2659 3044 no-

373 3105 457 3136 vae
489 3091 824 3150 continuaeque
861 3096 906 3134 et
939 3086 1180 3133 ordinatae
1216 3084 1460 3132 faciendae
1505 3084 1752 3139 editionis,
1796 3085 1902 3145 quis
1934 3079 2340 3143 tempestivitatem
2368 3090 2466 3122 non
2493 3074 2660 3122 videt?

371 3168 488 3212 Nam
518 3174 563 3212 et
593 3173 741 3211 textus
774 3166 823 3210 in
860 3166 1029 3211 seriem
1064 3162 1152 3225 (ab
1189 3164 1292 3225 ipso
1333 3162 1570 3208 Curetono
1604 3150 1881 3221 indicatam)
1924 3155 2206 3218 redigendus
2235 3159 2359 3206 erat,
2395 3160 2442 3198 et
2470 3153 2660 3199 notiore

371 3241 529 3303 aliquo
561 3256 775 3287 sermone
814 3241 873 3286 ad
909 3241 1037 3302 vulgi
1072 3241 1289 3287 notitiam
1329 3236 1630 3286 deferendus·
1676 3236 1862 3282 Etenim
1899 3232 2065 3294 anglus
2096 3230 2283 3284 editor,
2325 3227 2653 3275 festinantibus
2721 3266 2724 3269 .

369 3319 515 3381 typis,
553 3318 734 3364 nullam
768 3319 933 3377 syriaci
976 3326 1128 3364 textus
1173 3316 1533 3365 translationem
1570 3328 1723 3375 neque
1759 3310 2060 3359 vernaculam
2101 3323 2255 3370 neque
2294 3306 2486 3353 latinam
2530 3304 2658 3352 libro

370 3395 576 3447 addidit3
615 3403 803 3441 testatus
837 3396 984 3440 immo
1025 3395 1075 3440 in
1113 3395 1438 3458 praefatione,
1483 3407 1531 3438 se
1572 3390 1695 3437 hanc
1729 3382 1898 3452 sponte
1932 3385 2335 3450 praetermittere,
2368 3382 2657 3430 iucundum-

369 3488 462 3534 que
492 3471 581 3519 sibi
617 3471 718 3519 fore
741 3507 752 3525 ‚
791 3472 828 3518 si
862 3473 970 3533 quis
1008 3488 1110 3520 eam
1143 3472 1415 3536 syrophilus
1452 3467 1694 3518 communi>
1727 3465 1916 3513 utilitati
1950 3462 2228 3526 quantocius
2262 3459 2651 3523 suppeditaverit.

475 3684 508 3724 1)
531 3682 587 3718 De
608 3680 679 3717 hoe
699 3681 922 3717 monasterio
937 3681 1082 3728 'tloyses
1109 3681 1316 3718 monachus
1340 3679 1520 3719 seetensis
1542 3678 1596 3715 ita
1618 3676 1786 3725 loquitur
1811 3674 1853 3710 in
1881 3670 2119 3711 adnotatione
2139 3667 2346 3715 subscripta
2368 3665 2488 3704 codici
2509 3665 2653 3713 syriaco

382 3728 480 3786 apud
507 3740 752 3776 Assemanum
787 3740 944 3787 catalog.
964 3738 1074 3780 codd.
1093 3745 1165 3777 vat.
1188 3741 1231 3776 T.
1262 3741 1330 3776 111.
1358 3751 1393 3788 p.
1427 3743 1513 3777 440.
1544 3737 1775 3775 monasterii
1799 3734 1980 3771 dominae
2004 3732 2184 3775 nostrae,
2201 3727 2303 3776 quod
2325 3728 2366 3763 in
2390 3725 2541 3763 deserto
2564 3727 2652 3761 Sce-

383 3801 479 3838 tensi
501 3800 619 3836 situm
643 3802 717 3844 est,
742 3801 1001 3847 §florumque
1026 3799 1246 3837 coenobium
1275 3799 1517 3847 appellatur.
1546 3799 1642 3835 Item
1666 3795 1789 3834 T.11
1817 3803 1852 3841 p
1874 3794 1958 3830 22¹-
