2970 4420
1207 264 1265 294 DE
1297 262 1558 294 rnnonoms.
2423 250 2505 296 161

259 352 501 417 quispiam
535 365 652 400 uno,
682 360 728 394 et
751 347 973 414 pluribus
1009 347 1274 400 aerumnis,
1303 363 1363 394 ac
1387 346 1535 395 variis
1569 344 1931 396 tentationibus,
1960 344 2019 391 ob
2046 346 2387 395 mandatorum
2417 350 2515 396 Do-

259 427 382 475 mini
407 425 702 490 exquisitam
731 425 1106 477 observantiam‚
1135 443 1220 471 nec
1244 441 1339 472 non
1371 425 1429 471 ob
1453 439 1706 471 sacrarum
1732 421 2083 486 scripturarum
2103 422 2315 469 studium
2342 426 2517 471 tolera-

262 506 345 556 tis,
379 504 543 552 multis
571 502 876 550 monasteriis
908 503 1188 554 exstructis,
1223 502 1443 567 pluribus
1476 502 1546 548 ad
1575 499 1790 549 veritatis
1820 498 2118 563 agnitionem
2154 500 2397 552 adductis,
2435 520 2518 548 nec

259 598 352 628 non
388 582 648 627 multorum
674 591 818 644 pater
849 591 992 642 atque
1024 579 1257 643 magister
1290 580 1503 641 effectu-s,
1534 589 1578 624 et
1612 578 1710 623 Deo
1742 576 1927 623 eosdem
1962 575 2247 627 concilians,
2281 576 2330 621 in
2356 579 2519 640 perse-

259 659 473 705 ctissima
495 658 621 705 vitae
642 657 830 703 ratione
853 656 1159 707 constitutus,
1189 655 1259 702 sic
1285 670 1317 701 a
1341 655 1508 718 gratia
1531 653 1862 718 praeveniente
1888 663 2104 703 vocatus,
2133 651 2220 714 qu'i
2239 665 2351 698 ante
2375 670 2519 715 quam

258 745 571 799 generaretur
601 745 707 780 erat
733 732 1075 797 praecognitus
1102 744 1147 777 et
1171 731 1582 796 praedestinatus,
1616 729 1686 776 ad
1706 745 1943 780 summum
1973 728 2280 790 consessionis
2311 730 2520 793 gradum

260 810 502 857 ascendit:
530 810 582 856 in
606 826 751 872 eoque
785 825 947 856 amore
977 809 1137 855 divino
1159 823 1428 858 succensus,
1457 808 1646 870 zeloque
1671 805 1917 852 thesbitico
1944 805 2214 855 decertans,
2244 805 2408 851 multis
2433 821 2522 851 an-

259 887 492 938 tecelluit,
528 886 645 950 quia
677 902 799 950 prae
827 887 1009 933 cunctis
1039 886 1286 933 veritatem
1326 885 1470 931 libere
1501 884 1791 936 enunciabat
1825 895 1870 929 et
1899 882 2219 947 praedicabat
2236 919 2248 933 ,
2284 895 2329 928 et
2362 899 2442 929 ore
2477 895 2522 951 et

259 964 456 1028 scripto,
490 979 544 1013 ut
576 963 785 1010 eiusdem
819 963 1168 1010 commentaria
1184 962 1343 1025 fidem
1365 961 1594 1024 faciunt.-
1628 972 1682 1007 ut
1710 960 1822 1006 lzinc
1852 959 2001 1006 etiam
2029 959 2415 1023 persequentium
2450 977 2523 1006 ve·-

260 1041 404 1087 sania
433 1041 593 1105 magis
621 1056 680 1087 ac
709 1041 869 1104 magis
903 1040 1182 1091 accreverit,
1218 1051 1263 1085 et
1297 1038 1462 1085 multis
1492 1047 1614 1084 eum'
1631 1037 1917 1099 verberibus,
1946 1036 2112 1083 exiliis
2129 1074 2141 1088 ,
2176 1049 2222 1082 et
2254 1038 2523 1084 carceribus

261 1118 563 1166 multaverit:
597 1118 647 1164 in
679 1118 849 1181 quibus
877 1119 991 1164 dum
1019 1128 1375 1182 perseveranter
1408 1116 1636 1178 inoffenso
1664 1115 1786 1180 pede
1818 1127 2057 1165 versatur,
2087 1126 2133 1160 et
2169 1126 2222 1160 ut
2255 1114 2326 1161 ita
2363 1111 2546 1160 dicam'

262 1195 552 1260 repubescit
588 1196 753 1242 multis
787 1195 1125 1245 certaminibus
1155 1193 1478 1259 praenobiles,
1518 1204 1563 1238 et
1602 1192 1821 1239 dolorum
1856 1208 2091 1257 perquam
2127 1192 2523 1239 toleranti-ssimus

256 1284 423 1336 pater,
454 1289 582 1318 anno
614 1273 791 1319 aetatis
823 1289 940 1319 suae
970 1271 1271 1335 sexagesimo
1305 1282 1503 1334 septimo
1537 1286 1601 1315 ex
1636 1268 1728 1315 lzac
1761 1270 1859 1316 vita
1891 1285 2124 1333 egressus,
2151 1285 2524 1333 progressusque

262 1350 332 1395 ad
359 1350 645 1401 Dominum,
674 1361 919 1414 appositus
953 1349 1052 1396 suis
1082 1347 1262 1394 sanctis
1296 1359 1440 1409 atque
1474 1346 1625 1392 beans
1653 1346 1895 1410 patribus,
1927 1362 2117 1409 unaque
2149 1363 2255 1392 cum
2280 1346 2377 1392 illis
2405 1364 2522 1393 sem—

259 1427 557 1491 piternorum
591 1427 820 1473 bonorum
846 1426 1113 1491 particeps,
1143 1437 1188 1470 et
1215 1441 1361 1471 senex
1390 1435 1435 1470 et
1456 1423 1457 1426 ’
1463 1424 1637 1488 plenus
1661 1422 1863 1469 dierum.
1902 1423 1981 1469 Sic
2016 1423 2164 1469 debili
2186 1435 2239 1469 ut
2266 1423 2337 1469 ita
2362 1423 2520 1470 dicam

263 1503 443 1567 effigie,
470 1503 652 1550 stillam
684 1520 748 1548 eae
776 1504 973 1567 pelago,
1002 1514 1047 1549 et
1082 1520 1146 1548 ex
1181 1502 1402 1566 myriade
1435 1501 1693 1551 unitatem,
1729 1500 2045 1548 certaminum
2078 1516 2200 1563 quae
2232 1517 2319 1564 per
2351 1503 2524 1548 multos

263 1597 415 1626 annos
443 1580 795 1644 perdurarunt,
827 1592 898 1638 ter
923 1580 1054 1626 beati
1080 1579 1241 1644 patris
1257 1579 1524 1643 praecipua
1550 1577 1825 1642 attigimus,
1854 1589 1901 1623 et
1929 1577 2119 1641 quidem
2146 1589 2308 1641 sponte
2333 1593 2365 1623 a
2391 1594 2524 1624 mar-

265 1670 371 1721 tyre
382 1668 586 1721 peracta
598 1657 856 1719 facinora,
884 1668 931 1703 et
954 1657 1185 1704 virtutum
1207 1656 1320 1703 solis
1344 1656 1500 1702 instar
1519 1655 1753 1719 fulgores.
1786 1653 1927 1702 Cuius
1944 1653 2165 1718 precibus
2187 1653 2363 1700 lumine
2383 1654 2524 1700 scien-

264 1735 363 1781 tiae
399 1733 651 1785 irradiati,
681 1745 726 1779 et
759 1745 956 1798 gratum
982 1735 1082 1780 Deo
1114 1733 1358 1781 servitium
1393 1731 1691 1783 exhibentes,
1721 1748 1805 1778 nec
1833 1748 1926 1778 non
1961 1731 2281 1783 remissionem
2308 1744 2524 1800 pec-cato—

265 1828 371 1858 rum
405 1810 662 1862 consecuti,
691 1828 775 1857 nos
809 1810 1011 1857 humiles
1045 1811 1186 1875 regni
1217 1812 1457 1858 caelorum
1490 1821 1722 1873 compotes
1746 1809 1947 1871 fiamus.

393 1888 481 1934 Sed
515 1888 575 1934 de
608 1889 706 1934 eius
739 1889 924 1951 scriptis
956 1904 1162 1951 agamus.
1200 1889 1476 1934 Possevinus
1505 1886 1649 1934 refert
1682 1887 1779 1934 duo
1815 1887 2074 1949 fragmenta
2116 1903 2222 1933 eum
2258 1887 2520 1949 reliquisse,

265 1966 464 2013 alterum
497 1965 720 2028 epistolae
745 1966 805 2012 ad
834 1967 1133 2013 Naucratium
1164 1965 1339 2020 filium,
1366 1967 1415 2011 in
1447 1981 1540 2028 qua
1573 1965 1666 2027 agit
1698 1965 1757 2011 de
1789 1963 2056 2011 haeresibus
2082 1973 2129 2010 et
2164 1965 2434 2018 schismate3
2462 1965 2526 2010 al·

244 2051 417 2089 'terum
450 2051 605 2089 autem
637 2042 950 2104 fragmentum
983 2044 1031 2088 in
1062 2058 1159 2104 quo
1190 2044 1282 2104 agit
1313 2043 1373 2089 de
1402 2042 1584 2089 honore
1618 2038 1786 2088 sanctis
1818 2040 2097 2103 imaginibus
2130 2041 2414 2095 deserendo,
2447 2057 2527 2087 ex-

243 2130 454 2182 ¹tareque
486 2121 535 2166 in
570 2128 704 2167 tomo
735 2121 875 2166 tertio
899 2118 1220 2183 ¹bibliothecae
1256 2129 1523 2167 sanctorum
1556 2127 1741 2182 patrum
1779 2120 1989 2181 Bignaei,
2026 2119 2243 2166 editionis
2277 2118 2521 2164 secundae.

263 2197 551 2259 Opusculum
588 2212 704 2243 vero
736 2205 870 2244 antea
907 2196 1136 2260 prodiisse
1177 2198 1457 2260 Antuerpiae
1497 2197 1625 2260 apud
1665 2197 1920 2243 Iohannem
1958 2196 2172 2242 Stelsium
2213 2211 2337 2242 anno
2372 2196 2523 2248 1556,

265 2274 535 2321 adiunctum
558 2273 709 2320 tribus
744 2273 880 2320 libris
909 2274 1128 2322 Iohannis
1157 2274 1417 2321 damasceni
1451 2275 1673 2321 adversus
1697 2273 1990 2320 traducentes
2017 2260 2064 2320 et
2092 2274 2390 2320 criminantes
2422 2288 2527 2319 san-

265 2359 447 2398 ctorum
482 2352 719 2413 imagines.
757 2351 1014 2413 Epistolam
1037 2353 1148 2398 item
1182 2352 1506 2398 catecheticam
1538 2353 1774 2414 scripsisse
1801 2351 1861 2398 ad
1890 2366 1993 2405 eos,
2021 2352 2102 2414 qui
2131 2366 2266 2397 causa
2292 2366 2527 2397 sacrarum

264 2429 520 2489 imaginum
552 2427 705 2474 cult—us
740 2429 789 2474 in
821 2443 1005 2480 carcere
1041 2436 1215 2481 essent,
1250 2444 1370 2490 quos
1406 2437 1612 2491 perstare
1644 2430 1694 2475 in
1727 2428 1821 2474 fide
1854 2428 2079 2475 catholica
2112 2428 2354 2481 hortatur,
2385 2442 2526 2488 quam

265 2504 462 2566 legimus
494 2506 542 2550 in
578 2520 705 2550 nono
738 2513 868 2551 tomo
894 2504 1149 2551 'annalium
1190 2505 1435 2571 cardinalis
1465 2507 1650 2552 Baronii
1686 2505 1774 2551 sub
1815 2507 1938 2551 anno
1974 2505 2095 2558 814;
2132 2504 2528 2567 quemadmodum

266 2581 458 2628 alteram
491 2579 699 2627 eiusdem
732 2582 939 2629 Studitae
974 2582 1299 2630 catecheticam
1330 2583 1389 2630 ad
1428 2582 1594 2629 fratres
1628 2582 1717 2629 sub
1753 2598 1876 2629 anno
1909 2584 2031 2635 818,
2068 2590 2114 2628 et
2149 2582 2284 2628 aliam
2321 2581 2527 2628 eiusdem

267 2660 556 2720 argumenti,
593 2659 731 2704 aliam
763 2674 952 2721 quoque
991 2661 1051 2706 de
1091 2661 1326 2707 Eustratio
1360 2661 1543 2725 lapsum
1577 2660 1868 2714 occultante,
1904 2675 2024 2722 quae
2062 2667 2132 2705 est
2169 2661 2244 2706 16.
2281 2660 2331 2731 in
2367 2658 2527 2704 codice

267 2736 583 2787 columnensi,
611 2750 667 2780 ex
692 2750 789 2796 quo
818 2736 1059 2782 Baronius
1078 2737 1226 2798 ipsam
1260 2737 1534 2800 desumpsit.
1571 2720 1938 2799 Disputationem
1968 2751 2157 2798 quoque
2192 2736 2336 2798 ipsius
2371 2733 2527 2780 Studi-

265 2822 338 2859 tae
371 2812 594 2860 adversus
618 2813 970 2858 Constantinum
996 2813 1346 2875 Copronymum
1379 2815 1710 2876 imperatorem
1734 2827 1858 2859 anno
1883 2813 1996 2858 795.
2025 2812 2115 2858 Sed
2139 2812 2253 2858 haec
2277 2811 2526 2856 minutiora

265 2898 403 2942 sunt,
440 2896 487 2935 et
521 2888 659 2950 longe
695 2888 948 2935 illustrium
984 2890 1290 2952 scriptionum
1320 2880 1566 2955 τεμάχια.
1601 2890 1754 2944 Quare
1784 2891 1962 2936 maiora
1992 2889 2117 2935 illius
2153 2889 2324 2950 scripta
2360 2902 2526 2933 nume-

265 2965 411 3012 randa
445 2974 579 3019 sunt;
607 2981 632 3012 a
665 2981 762 3028 quo
795 2981 882 3012 nos
914 2964 1078 3013 labore
1109 2966 1243 3013 facile
1273 2965 1512 3013 liberasset
1542 2966 1840 3020 SirmonduS,
1866 2967 1903 3012 si
1937 2966 2062 3012 hunc
2093 2974 2300 3027 patrem,
2327 2979 2467 3026 quem
2500 2978 2526 3011 a

265 3052 396 3090 tanto
419 3051 633 3105 tempore
665 3044 888 3104 parturit,
915 3044 1140 3089 emisisset
1162 3044 1212 3089 in
1244 3043 1394 3089 lucem
1429 3043 1709 3104 aliquandox
1738 3042 1818 3089 sed
1843 3042 2033 3104 quando
2067 3042 2115 3087 id
2139 3042 2231 3087 huc
2258 3056 2403 3102 usque
2429 3056 2523 3088 non

265 3110 359 3181 egit
385 3120 448 3182 (1)
466 3155 477 3173 ‚
504 3120 778 3166 eorumdem
812 3135 1010 3182 operum
1044 3119 1337 3183 catalogum,
1359 3128 1412 3166 ut
1440 3119 1662 3182 colligere
1689 3121 1947 3181 potuimus,
1981 3127 2294 3165 contexamus.

392 3197 582 3258 Scripsit
614 3196 725 3242 alias
762 3205 899 3258 atque
933 3196 1045 3242 alias
1080 3197 1312 3243 orationes
1344 3196 1404 3243 de
1435 3195 1654 3253 laudibus
1685 3197 1923 3253 variorum
1956 3203 2248 3249 sanctorum,
2282 3202 2329 3240 et
2360 3193 2419 3240 de
2450 3209 2525 3240 ec-

266 3274 429 3320 clesiae
462 3273 870 3321 sollemnitatibus.
907 3275 965 3320 Et
992 3273 1168 3320 librum
1202 3274 1351 3328 hunc,
1379 3276 1429 3320 in
1462 3289 1558 3336 quo
1583 3273 1849 3320 huiusmodi
1883 3274 2116 3319 orationes
2139 3270 2521 3324 continebantur,

265 3352 450 3398 xocavit
482 3339 841 3435 πανηγυρικόν.
877 3352 1055 3398 Auctor
1083 3351 1210 3398 illius
1241 3353 1363 3398 vitae
1397 3351 1531 3417 (cap.
1560 3351 1638 3397 36.
1659 3350 1702 3413 ).·
1741 3363 1823 3394 και
1862 3360 2204 3434 πανηγυρικὴν
2241 3335 2294 3392 δὲ
2332 3343 2524 3405 βίβλον

267 3415 602 3490 συνέταξεν
577 3441 601 3470 ο
639 3415 967 3484 θεόληπτος,
1006 3415 1139 3472 ἔνθα
1171 3416 1265 3483 τοὶς
1297 3417 1586 3513 περιφανεῖς
1619 3417 1714 3478 τοῦ
1748 3413 1993 3471 δεσπότου
2030 3412 2335 3511 διέξεισιν“
2316 3414 2523 3490 εορτᾶς.

266 3491 355 3548 καὶ
389 3493 581 3567 λόγοις
618 3493 845 3567 εὖγενέσι
881 3512 1077 3567 κοσμει·
1116 3493 1172 3547 οὗ
1204 3492 1355 3565 μόνον
1393 3490 1478 3556 δὲ,
1507 3490 1657 3548 omo?
1686 3491 1771 3547 καὶ
1805 3516 1892 3554 της
1925 3490 2280 3565 Θεομήτορος,
2307 3514 2392 3546 και
2431 3514 2520 3546 του

265 3567 569 3642 Προδρόμου
605 3570 844 3634 ὡσαύτως
873 3570 957 3625 καὶ
997 3571 1307 3638 βαπὛιστ-οῦ,
1339 3566 1400 3623 οὗ
1433 3569 1517 3623 καὶ
1549 3568 1607 3624 τὸ
1644 3593 1733 3631 της
1763 3569 2021 3631 manniae
2049 3567 2392 3664 ‘oivcpmopze'vov
2427 3568 2524 3623 ἔπι-

266 3645 546 3719 χαριέντως
583 3645 874 3721 ἔξύμνῃσεν.
914 3657 1181 3722 Composuit
1216 3673 1398 3720 quoque
1425 3656 1600 3710 librum
1623 3672 1997 3720 panegyricum
2009 3672 2083 3704 vir
2110 3655 2325 3707 di',‹›1nus
2356 3655 2407 3701 in
2431 3672 2523 3718 quo

350 3761 399 3802 (1)
424 3760 651 3799 Pesthumus
675 3761 836 3811 denique
859 3763 947 3801 exiit
971 3762 1156 3800 Theodori
1180 3761 1350 3799 studitae
1372 3772 1524 3809 operum
1555 3766 1677 3798 tomus
1707 3759 2005 3807 sirmondianus‚
2031 3761 2071 3798 in
2096 3771 2170 3810 quo
2197 3770 2307 3809 supra
2330 3759 2520 3797 nominata

276 3816 322 3853 ab
347 3816 481 3855 Allatio
504 3820 640 3867 scripta
664 3820 785 3859 videre
810 3822 909 3859 licet.
936 3824 982 3859 A.
1008 3823 1059 3859 M.

2237 3893 2278 3925 21
