2970 4420
1147 295 1227 328 SUB
1259 291 1478 327 nanneno
1494 320 1496 323 ,
1511 291 1609 326 lm>-

243 368 375 408 mersit
397 378 484 408 eum
508 367 636 407 nautis
661 370 774 415 atque
793 366 956 415 scaphis.
978 367 1099 406 Aiunt
1119 369 1230 407 etiam
1255 379 1350 407 non·

240 429 363 475 nulli,
393 427 497 467 haud
528 427 693 465 hostium
728 432 831 465 metu
862 433 1008 466 nostros
1041 434 1140 466 retro
1172 429 1349 472 cessisse,

239 488 305 527 sed
339 489 533 537 Virginem
571 487 688 535 ipsam
708 514 719 529 ,
759 488 934 525 miraculi
971 489 1153 525 rationem
1192 487 1348 526 demon-

238 553 358 587 strare
388 547 575 586 volentem
591 575 602 592 ‚
636 558 823 584 recessum
860 547 998 585 nostris
1032 547 1257 596 imperasse,
1290 548 1342 585 ita

240 613 284 646 ut
320 607 467 646 barbari
508 617 622 656 prope
660 608 780 655 ipsius
817 618 965 645 sacrum
1004 607 1187 655 templum
1213 634 1225 652 ,
1263 617 1345 645 vere

239 672 411 705 nostrum
436 666 600 704 salutare
622 667 751 704 navale
770 666 1036 715 placidumque
1061 671 1209 714 portum
1235 670 1345 711 (nam

240 724 331 763 liaec
360 725 486 762 omnia
517 724 563 762 de
593 725 774 776 Deiparae
800 725 840 762 in
864 725 1080 763 Blacliernis
1106 725 1244 773 templo
1270 724 1345 762 dici

240 789 410 832 queunt)
435 784 642 822 universale
673 785 925 832 experirentur
954 784 1204 833 naufragium.
1238 785 1345 822 Erat-

241 855 316 894 que
343 844 465 882 videre
493 845 660 883 terribile
692 844 786 883 illud
814 856 858 882 ac
889 845 1090 883 maximum
1122 844 1344 882 miraculum

239 909 278 942 et
315 904 572 952 spectaculum
594 932 605 950 ,
641 910 761 942 totum
795 904 938 942 scilicet
970 903 1092 941 sinum
1135 914 1156 941 a
1197 902 1347 941 cadave-

238 963 344 1002 ribus
366 963 563 1011 vacuisque
587 964 744 1012 navigiis
769 964 942 1002 tellurem
964 963 1158 1008 effectum,
1179 967 1217 1001 et
1241 974 1347 1000 cruo-

239 1023 346 1061 ribus
370 1021 662 1067 redundantem:
691 1033 828 1070 paucos
858 1033 942 1059 vero
973 1021 1240 1066 barbarorum,
1265 1023 1347 1070 qui-

238 1081 312 1119 bus
348 1082 506 1130 contigit
546 1081 594 1119 ad
630 1082 724 1119 litus
763 1080 1072 1129 septentrionale.
1091 1081 1346 1128 propinquan-

239 1140 362 1188 tibus,
390 1141 619 1178 maritimum
647 1140 834 1178 excidium
863 1139 1017 1178 natandi
1051 1139 1178 1186 peritia
1206 1141 1345 1185 vitare,

238 1199 342 1248 ipsos
367 1209 523 1248 quoque
547 1200 698 1237 nemine
729 1204 970 1247 persequente
1002 1197 1051 1235 ad
1079 1203 1224 1236 montes
1255 1209 1347 1236 con-

240 1260 383 1308 fugere.

309 1322 370 1356 20.
396 1319 517 1356 Aiunt
548 1318 671 1366 ipsum
703 1328 852 1366 quoque
884 1318 1080 1356 scelestum
1115 1323 1344 1367 tyrannum,

241 1377 434 1417 dedecoris
464 1389 538 1426 quo
571 1388 657 1415 eum
689 1378 802 1424 Virgo
834 1373 960 1414 obruit
993 1377 1133 1415 factum
1164 1383 1346 1424 spectato-

240 1448 318 1476 rem
334 1466 346 1484 ,
377 1447 540 1485 suaeque
575 1437 695 1484 ipsius
727 1436 944 1484 perditionis
978 1436 1192 1474 ministrum
1209 1464 1220 1481 ,
1252 1447 1347 1485 equo

239 1495 465 1535 insidentem
491 1506 579 1533 cum
607 1496 760 1533 armatis
787 1495 827 1532 in
851 1495 1019 1542 tumulo,
1045 1496 1118 1532 visa
1147 1494 1252 1533 clade
1279 1506 1348 1533 sua
1383 1521 1387 1525 ι

239 1554 394 1594 rediisse
420 1566 578 1592 vacuum
608 1554 655 1592 ad
681 1555 880 1592 exercitum
911 1555 1008 1592 circa
1041 1566 1192 1600 muros,
1219 1561 1348 1603 pectus

238 1613 459 1662 vultumque
487 1613 661 1651 manibus
692 1613 927 1651 tundentem.
962 1614 1074 1651 Multi
1107 1620 1232 1651 autem
1261 1624 1348 1652 con·

239 1673 379 1721 sumpti
409 1678 500 1710 sunt
529 1672 633 1718 dies,
660 1672 751 1710 dum
779 1673 1023 1710 barbarorum
1054 1672 1100 1711 de
1128 1673 1261 1710 lacuna
1289 1683 1348 1710 ca-

241 1731 375 1771 davera
406 1733 589 1771 laboriose
623 1735 740 1771 nostri
772 1734 903 1772 tollere
940 1739 1118 1782 possent,
1154 1739 1264 1786 atque
1300 1733 1348 1770 ad

241 1791 536 1830 comburendum
565 1793 739 1842 colligere
763 1794 915 1831 illorum
944 1795 1159 1844 monoxyla:
1182 1797 1262 1841 Age
1291 1805 1348 1830 ve·-

241 1861 284 1888 ro
309 1851 376 1900 qui
396 1851 443 1889 de
464 1852 581 1890 muris
602 1863 688 1890 cum
715 1853 820 1890 hoste
849 1853 1086 1901 pugnabant,
1114 1853 1241 1891 audito
1265 1853 1348 1890 bar-

242 1909 418 1947 barorum
441 1911 481 1947 in
508 1913 603 1948 mari
628 1911 759 1957 exitio,
786 1912 946 1959 plurima
970 1911 1057 1949 item
1085 1912 1205 1959 capita
1233 1911 1348 1951 hastis

242 1969 401 2017 praefixa
433 1976 646 2015 cernentes,
667 1981 766 2018 ,quae
789 1970 1008 2017 ‚idemtidem
1035 1971 1205 2009 ferebant
1229 1971 1348 2008 nostri

242 2026 292 2065 ad
316 2029 371 2066 rei
396 2027 567 2076 publicae
594 2030 723 2078 magni
748 2030 984 2077 imperatoris
1011 2030 1113 2068 iussu
1142 2036 1345 2075 rectorem3

242 2094 334 2126 tunc
358 2087 509 2126 demum
533 2089 658 2126 divina
683 2089 818 2127 virtute
845 2088 1020 2136 fidentes,
1046 2096 1084 2127 et
1110 2090 1242 2128 robore
1261 2091 1348 2127 Vir·

242 2147 342 2195 ginis
370 2147 670 2194 circummuniti,
702 2159 895 2186 murorum
918 2155 1044 2198 portas
1072 2149 1346 2197 patefecerunt,

243 2211 283 2244 et
308 2207 472 2245 clamore
501 2218 546 2245 ac
581 2207 699 2245 iubilo
713 2234 724 2253 ,
751 2206 909 2246 fiduciae
938 2209 1188 2256 victoriaeque.
1211 2208 1350 2246 indici-

243 2266 341 2313 bus,
377 2268 562 2306 cominus·
581 2268 622 2306 in
654 2269 779 2306 hostes
811 2279 1014 2317 eorumque
1055 2270 1249 2307 machinas
1289 2269 1348 2307 di-

242 2332 475 2365 scurrerunt.
513 2329 675 2366 Tantum
711 2339 797 2366 vero
834 2329 972 2377 nostris
1005 2329 1184 2377 gaudium
1221 2341 1265 2367 ac
1295 2330 1348 2369 vis

244 2385 417 2433 insiluit,
454 2386 624 2424 barbaris
656 2393 785 2425 contra
817 2399 927 2435 pavor
958 2393 996 2425 et
1036 2388 1271 2436 desperatio,
1306 2396 1351 2426 ut

245 2445 358 2482 etiam
398 2447 504 2493 pueri
531 2457 574 2483 ac
618 2446 860 2484 mulierculae
897 2453 1026 2485 contra
1061 2448 1146 2485 illos
1175 2448 1347 2495 ruentes,

244 2503 285 2540 in
313 2504 392 2552 ipsa
420 2505 585 2542 hostium
611 2511 732 2543 castra
765 2508 1026 2553 penetrarent3
1053 2513 1204 2555 eratque
1227 2507 1350 2545 videre

245 2573 366 2600 unum
399 2570 678 2611 persequentem
712 2565 852 2610 mille,
881 2571 919 2603 et
958 2565 1034 2604 duo
1076 2566 1203 2604 decem
1245 2568 1349 2606 milia

247 2622 387 2670 impetu
414 2621 604 2669 fugantes,
630 2630 742 2671 prout
764 2625 856 2664 olim
884 2635 906 2663 a
933 2627 1060 2675 Moyse
1088 2626 1230 2663 dictum
1260 2626 1346 2664 fuit.

245 2685 388 2730 (Dent.
415 2686 584 2721 XXXII.
611 2685 706 2731 30.)

317 2807 377 2839 21.
405 2802 533 2845 Talem
564 2808 782 2853 tantamque
809 2804 959 2854 deipara
983 2808 1098 2855 Virgo
1126 2818 1169 2844 ac
1198 2807 1351 2853 domina

247 2862 320 2898 vim
353 2861 514 2899 infirmis
546 2863 729 2908 contulit,
760 2869 798 2901 et
827 2866 1030 2912 potentiam
1059 2866 1350 2914 impotentibus.

247 2922 327 2959 sola
352 2932 419 2959 sua
446 2922 663 2960 voluntate}
683 2923 821 2960 Eadem
847 2924 988 2962 scilicet
1007 2926 1164 2973 Deipara
1189 2927 1352 2966 hostium

248 2991 397 3028 quoque
415 2980 610 3018 machinas
627 2992 648 3018 a
676 2983 814 3020 nostris
831 2988 923 3020 tunc
946 2984 1116 3021 comburi
1141 2985 1350 3031 prohibuit,

250 3040 370 3078 maius
394 3040 522 3078 volens
546 3041 740 3079 ostendere
767 3053 857 3080 suae
882 3054 969 3090 erga
999 3054 1068 3080 nos
1091 3043 1268 3082 bonitatis
1297 3044 1354 3081 in·

248 3100 405 3138 dicium.
438 3101 535 3138 Nam
563 3102 618 3138 rei
647 3101 818 3150 publicae
846 3102 1036 3141 custodem
1067 3104 1194 3141 statim
1223 3115 1353 3151 super«

247 3160 477 3206 venientem,
505 3166 542 3197 et
562 3162 689 3199 omnia
714 3161 879 3199 studiose
903 3159 1145 3208 lustrantem,
1170 3163 1355 3211 sapienter

248 3219 399 3267 impulit
415 3224 458 3256 ut
483 3220 613 3258 maiori
631 3217 821 3258 securitati
839 3222 1070 3267 consuleret,
1088 3228 1234 3259 nostros
1254 3233 1354 3270 egre-⁴

248 3278 285 3316 di
312 3279 404 3316 urbe
428 3285 584 3324 vetaret3
607 3280 720 3316 immo
747 3285 785 3317 et
809 3280 966 3317 effusam
987 3275 1086 3319 extra
1113 3282 1255 3318 moenia
1279 3283 1353 3319 iam

250 3337 398 3375 turbam
425 3345 631 3384 revocaret3
656 3350 893 3387 nequaquam
921 3340 1009 3377 tuba
1035 3342 1197 3388 receptui
1221 3352 1355 3378 canen-

249 3396 321 3441 do,
346 3397 412 3435 sed
440 3409 619 3444 accursu,
646 3399 832 3443 clamore,
859 3399 1055 3444 manibus,
1084 3400 1276 3448 verbisque
1307 3399 1355 3437 ad

250 3466 459 3503 regressum
477 3456 655 3494 idoneum
673 3461 870 3505 tutumque
895 3457 1148 3496 adhortando:
1175 3459 1274 3507 quod
1299 3469 1356 3500 sar

251 3525 299 3552 ne
324 3521 480 3553 cautum
502 3515 714 3562 videbatur,
734 3522 771 3554 et
793 3517 1012 3564 strategicae
1030 3517 1248 3565 prudentiae
1275 3529 1355 3566 pro-

252 3573 390 3620 prium.
418 3575 564 3623 Quippe
580 3575 692 3622 Virgo
711 3575 859 3623 deipara
878 3575 918 3613 id
936 3575 1140 3621 efficiebat,
1161 3582 1198 3614 et
1221 3576 1354 3614 barba÷

252 3643 313 3670 ros
342 3634 488 3681 propria
519 3635 686 3682 ipsorum
719 3646 832 3672 manu
867 3635 984 3682 perire
1019 3634 1191 3681 iubebat,
1221 3635 1356 3682 quibus

253 3692 369 3729 etiam
385 3703 538 3731 suarum
559 3694 819 3732 machinarum
838 3695 995 3731 exitium
1016 3694 1100 3742 igne
1118 3693 1355 3734 efficiendum

256 3751 466 3800 comm-isit,
485 3751 523 3788 id
542 3752 644 3800 quod
664 3759 796 3790 eventu
813 3753 944 3801 patuit.
973 3753 1092 3790 Simul
1110 3764 1155 3792 ac
1175 3753 1274 3790 enim
1300 3753 1356 3798 sol

254 3809 448 3855 occubuit,
474 3819 582 3850 nocte
609 3813 827 3859 ingruente,
851 3812 1076 3858 testudines,
1099 3812 1274 3858 tribulos,
1296 3813 1357 3854 he,-

255 3868 486 3920 lepolesque,
509 3876 633 3908 turres
658 3873 820 3921 ligneas,
842 3872 1301 3920 cunctasque-machina&
1321 3878 1358 3917 et

2412 277 2506 325 433

1418 367 1529 416 λυψεν
1554 367 1674 410 αὐτοῖς
1699 367 1870 414 πλωτῆρσι
1896 365 1954 402 καί
1989 366 2144 415 σκάφεσι·
2171 369 2255 417 φασὶ
2283 369 2318 405 δέ
2346 371 2450 412 τινὲς,
2474 369 2517 410 ὦς

1421 429 1459 466 ου’
1485 429 1578 478 φόβῳ
1604 432 1667 466 τῶν
1687 421 1824 478 ἐχθρῶν
1845 427 1927 476 πρός
1947 427 2159 476 ὖποχώρησιν
2184 429 2314 465 ἔκλιναν
2340 431 2375 466 οι*
2396 430 2519 479 ἡμέτε-

1420 506 1489 540 ροι,
1509 493 1588 528 ἀλλ’
1611 492 1635 531 ἡ
1661 488 1828 540 παρθένος
1854 488 1941 528 αὕτη
1969 490 2028 529 τὴν
2054 489 2242 536 οἰκονομίαν
2269 494 2374 535 δεῖξαι
2399 491 2520 535 βουλο-

1418 553 1503 602 μένη
1530 556 1590 590 τοῦ
1610 552 1808 602 θαύματος,
1829 552 1888 593 τὴν
1911 551 2126 601 ὑποχώρησιν
2152 554 2223 592 τοῖς
2247 552 2424 601 ἡμετέροις
2449 553 2519 589 ἐκέ-

1418 620 1520 653 λευσε
1551 614 1878 664 προσποιήσασθαι,
1905 613 1991 650 ὥστε
2017 614 2096 655 τούς
2128 612 2319 661 βαρβάρους
2352 616 2439 649 και-οὶ
2465 617 2519 651 τόν

1419 676 1512 714 Siros«
1532 678 1608 713 ναόν
1629 676 1870 724 &eigai-your
1887 677 1944 713 τὸν
1965 674 2065 725 ὅρμον
2085 675 2176 722 ἡμῶν
2195 675 2251 710 τὸν
2274 676 2447 723 σωτήριον,
2461 678 2517 712 καὶ

1419 741 1474 776 τόν
1499 740 1620 788 λιμένα
1646 741 1700 776 τὸν
1727 738 1850 783 «ὅδιον,
1875 740 1986 774 ταῦτα
2009 738 2077 786 γάρ
2101 736 2240 773 ἅπαντα
2266 737 2283 772 ὃ
2309 737 2341 772 ἐν
2368 738 2521 787 Βλαχέρ-

1419 816 1492 844 ναις
1516 802 1594 844 ναὸς
1620 800 1767 850 ὑπάρχει
1791 803 1852 843 τῆς
1878 798 2103 848 θεομήτορος,
2125 799 2164 834 τό
2186 798 2349 840 παντελὲς
2375 799 2522 839 ὑποστῆ-

1420 878 1472 900 ναι
1494 863 1664 911 ναυάγιον·
1681 863 1738 898 καί
1759 860 1800 902 ἦν
1822 860 1903 898 ι’δεΐν
1922 861 1960 897 τό
1978 863 2134 909 φρικῶδες
2156 859 2262 895 ἐκεῖνο
2281 861 2338 895 καί
2354 860 2519 908 μέγιστον

1421 925 1543 974 θαῦμα
1572 925 1629 961 καὶ
1659 924 1794 973 θέαμα,
1819 923 1957 961 ἅπαντα
1983 924 2045 972 μὲν
2077 924 2133 958 τόν
2161 923 2286 959 κόλπον
2315 923 2380 959 ὖπδ
2407 926 2520 972 νεκρῶν

1422 987 1583 1036 σωμάτων
1609 987 1666 1023 καί
1688 986 1792 1031 ξύλων
1819 989 1912 1022 κενῶν
1935 984 2064 1035 χέρσον
2089 983 2264 1034 γενόμενον
2291 985 2348 1020 καὶ
2375 985 2523 1033 περιρεό-

1420 1063 1518 1097 μενον
1544 1049 1699 1097 αἵμασιν·
1725 1048 1861 1097 ὀλίγους
1888 1049 1922 1084 δι’
1949 1049 2008 1083 τῶν
2038 1046 2214 1096 βαρβάρων
2241 1045 2297 1088 οὒς
2324 1046 2523 1094 συμβέβηκε

1422 1114 1465 1160 τῇ
1484 1112 1568 1160 πρός
1588 1111 1710 1160 ἄρκτον
1730 1113 1777 1159 γῇ
1796 1109 2052 1157 πλησιάζοντας
2073 1109 2128 1144 τὸν
2149 1109 2237 1144 κατά
2253 1107 2437 1144 θάλασσαν
2456 1111 2524 1143 δια-

1423 1174 1536 1223 δράναι
1560 1172 1714 1222 ὀλέθριον
1737 1171 1898 1215 θάνατον,
1919 1171 2077 1220 ἐμπειρίᾳ
2097 1174 2157 1206 τοῦ
2176 1169 2365 1220 νήχεσθαι,
2388 1171 2446 1206 καὶ
2467 1171 2527 1205 αὐ-

1422 1236 1500 1276 τούς
1525 1237 1668 1282 μηδενός
1694 1233 1864 1275 διώκοντος
1891 1233 1924 1269 ε”ν
1950 1235 2022 1274 τοῖς
2049 1233 2140 1282 ὄρεσι
2169 1233 2365 1280 φεύγοντας.
2404 1223 2410 1229 ”

1497 1296 1533 1333 κ’.
1559 1296 1646 1331 Φασὶ
1675 1296 1708 1331 δέ
1735 1296 1792 1331 καὶ
1819 1294 1918 1331 αὐτὸν
1945 1295 2000 1330 τόν
2027 1294 2198 1342 ἀλιτήριον
2229 1294 2404 1341 τύραννον,
2427 1292 2527 1329 αᾶτό-

1423 1373 1510 1397 πτην
1535 1357 1710 1406 γενόμενον
1738 1359 1798 1398 τῆς
1824 1356 2013 1405 αἰσχύνης,
2033 1354 2076 1398 ἦς
2097 1355 2198 1391 αὕτόν
2222 1356 2244 1394 ἡ
2269 1354 2438 1404 παρθένος
2460 1354 2527 1389 ε’νέ-

1422 1424 1554 1460 πλησεν
1565 1450 1573 1464 ,
1588 1420 1695 1465 ἐαυτῷ
1709 1418 1872 1467 γενέσθαι
1892 1421 1952 1460 τῆς
1970 1418 2139 1460 ἀπωλείας
2159 1418 2323 1461 διάκονον,
2341 1417 2451 1453 ίππέα
2466 1419 2524 1452 σύν

1423 1480 1580 1522 ὁπλίταις
1595 1481 1646 1528 ἐφ’
1663 1480 1772 1526 ὕψους
1791 1480 1988 1528 ἱστάμενον,
2002 1480 2059 1515 καί
2076 1481 2135 1520 τῆς
2152 1478 2280 1521 οἰκείας
2297 1478 2422 1518 θεατήν
2435 1478 2528 1526 γενό-

1422 1558 1519 1591 μενον
1540 1542 1712 1585 πτώσεως,
1730 1541 1946 1590 ἀναστρέψαι
1965 1542 2055 1577 κενόν
2073 1542 2137 1590 πρό
2144 1556 2158 1582 ς
2180 1542 2217 1575 τὸ
2234 1542 2298 1590 πρὸ
2314 1544 2372 1576 τοῦ
2391 1539 2525 1588 τείχους

1424 1605 1669 1653 στρατόπεδον,
1693 1605 1751 1639 καὶ
1773 1605 1880 1653 χερσί
1908 1605 1945 1639 τὸ
1972 1603 2102 1644 στῆθος
2124 1603 2182 1639 καί
2208 1605 2246 1639 τό
2272 1602 2448 1651 πρόσωπον
2472 1602 2527 1638 τιν’-

1422 1676 1560 1716 πτοντα·
1576 1667 1705 1703 πολλαὶ
1722 1667 1755 1703 δὲ
1773 1666 1897 1715 ἡμέραι
1912 1666 1988 1712 λίαν
2007 1666 2260 1708 διεληλύθασιν,
2276 1665 2310 1701 ἔν
2326 1663 2383 1706 αἷς
2401 1665 2478 1706 τούς
2495 1664 2526 1699 ἐν

1423 1732 1466 1775 τῷ
1480 1729 1592 1774 λάκκῳ
1614 1729 1749 1771 νεκρούς
1772 1727 1962 1777 βαρβάρους
1982 1726 2166 1763 ἀνελέσθαι
2188 1727 2247 1762 συ“ν
2269 1727 2356 1772 κόπῳ
2372 1726 2528 1773 ἴσχυσαν.

1424 1791 1454 1826 οἱ
1479 1791 1657 1839 ἡμέτεροι,
1680 1791 1740 1825 καί
1762 1791 1969 1837 συναγαγεῖν
1997 1789 2046 1830 εἷς
2073 1792 2191 1824 καῦσιν
2213 1790 2257 1824 τά
2278 1788 2403 1824 ἐκείνων
2429 1788 2527 1836 μονό-

1424 1854 1521 1897 ξυλα·
1542 1851 1599 1888 ὅτε
1622 1853 1657 1887 δέ
1678 1852 1711 1886 οί
1728 1851 1761 1886 ἐν
1785 1853 1828 1896 τῷ
1848 1850 1954 1898 τείχει
1977 1852 2059 1898 πρός
2080 1851 2158 1892 τούς
2179 1849 2327 1899 ἐχθρούς
2348 1849 2528 1896 ἀνταγωνι-

1423 1913 1556 1962 ζόμενοι
1590 1916 1650 1948 τῶν
1682 1914 1772 1948 κατά
1797 1911 1983 1948 θάλασσαν
2017 1912 2192 1961 βαρβάρων
2222 1910 2526 1959 εὐηγγελίσθησαν

1424 1975 1578 2026 ὄλεθρον,
1597 1976 1647 2011 ἔτι
1669 1991 1708 2023 γε
1731 1976 1797 2023 μήν
1819 1976 1875 2011 καιΙ
1898 1974 2031 2016 πλῆθος
2053 1977 2202 2022 κεφαλῶν
2221 1973 2255 2008 ἐν
2277 1974 2412 2022 δόρασιν
2429 1972 2527 2008 ἐθεά-

1425 2053 1545 2082 σαντο,
1563 2036 1602 2074 ῶν
1623 2043 1698 2074 κατ’
1715 2037 1830 2085 ὀλίγον
1849 2036 2004 2085 ἐκόμιζον
2023 2035 2053 2072 οἶ
2069 2037 2223 2084 ήμέτεροι
2241 2037 2321 2083 πρὸς
2338 2037 2394 2071 τόν
2411 2035 2448 2070 ἔκ
2465 2035 2527 2078 βα-

1425 2101 1543 2141 σιλέως
1565 2102 1624 2135 τοῦ
1644 2099 1798 2147 μεγάλου
1817 2097 2047 2134 κελευσθέντα
2062 2097 2237 2134 ποιεῖσθαι
2257 2099 2315 2137 τήν
2337 2100 2396 2133 τῶν
2418 2111 2528 2146 πραγ-

1423 2162 1535 2210 μάτων
1559 2162 1738 2203 διοίκησιν,
1759 2159 1897 2199 τότεδὴ
1919 2159 1997 2195 τότε
2019 2162 2061 2208 τῇ
2082 2158 2161 2204 θεία
2182 2158 2317 2207 δυνάμει
2339 2157 2530 2207 θαῤῥήσαν-

1425 2239 1497 2269 τες,
1513 2226 1570 2259 καὶ
1587 2228 1630 2272 τῇ
1646 2222 1749 2272 ι’σχύΐ
1765 2226 1824 2264 τῆς
1842 2221 2011 2270 παρθένου
2028 2221 2326 2271 φραξάμενοι,τοὶς
2341 2222 2451 2263 πύλας
2469 2223 2528 2256 τῶν

1425 2288 1543 2334 τειχῶν
1560 2284 1791 2328 ἀνεπέτασαν,
1808 2284 1866 2319 καί
1890 2283 2028 2332 συμβοῇ
2044 2284 2100 2319 καὶ
2117 2283 2312 2330 ἀλαλαγμῷ
2333 2284 2389 2323 τήν
2406 2282 2530 2332 παρ’ῥη·

1426 2349 1503 2384 σίαν
1524 2350 1582 2383 καί
1605 2348 1663 2386 τήν
1684 2347 1774 2385 νίκην
1798 2346 1975 2393 μηνύοντι,
1998 2345 2103 2394 ὁμόσε
2125 2347 2213 2380 κατά
2235 2348 2294 2380 τῶν
2316 2344 2446 2394 ἐχθρῶν
2471 2347 2527 2380 καὶ

1425 2413 1485 2446 τῶν
1505 2413 1668 2459 μηχανῶν
1687 2409 1925 2458 ἐπεξέδραμον
1943 2407 2093 2447 τοσαύτη
2116 2409 2151 2443 δέ
2172 2409 2336 2456 περιέσχε
2353 2409 2452 2457 χαρά
2472 2409 2529 2443 καί

1425 2472 1563 2520 δυ’ναμις
1582 2474 1620 2507 τό
1637 2472 1816 2521 ἡμέτερον,
1834 2471 1911 2511 τούς
1933 2471 1966 2505 δὲ
1986 2469 2179 2518 βαρβάρους
2197 2470 2306 2505 δειλία
2321 2471 2380 2506 καί
2397 2474 2456 2512 τῆς
2475 2470 2529 2505 ε’λ·

1425 2535 1520 2575 πίδος
1542 2533 1751 2581 ἀπόγνωσις,
1773 2533 1813 2574 ῶς
1840 2533 1899 2568 καί
1924 2535 2050 2573 παῖδας
2077 2532 2134 2568 καί
2161 2532 2284 2579 γύναια
2309 2537 2382 2566 κατ’
2406 2531 2529 2571 ἐκείνων

1425 2595 1646 2644 ὁρμήσαντας
1669 2594 1717 2637 εἷς
1736 2595 1818 2630 αὐτό
1836 2594 1994 2642 γενέσθαι
2012 2596 2071 2629 τῶν
2088 2592 2221 2642 ἐχθρῶν
2239 2595 2277 2628 ‘ro'
2293 2594 2528 2642 στρατόπεδον·

1425 2658 1483 2692 καὶ
1506 2655 1543 2695 ἦν
1565 2657 1643 2704 ὁρᾷν
1662 2656 1720 2691 ἕνα
1732 2655 1870 2704 χιλίους
1889 2656 2062 2699 διώκοντα,
2077 2656 2134 2693 καὶ
2154 2654 2210 2690 δύο
2227 2656 2375 2703 μυριάδα
2392 2669 2531 2702 μετακι-

1425 2721 1560 2759 νοῦντας
1582 2717 1776 2766 ὁρμήματι,
1792 2718 1881 2753 κατά
1901 2718 1938 2755 τό
1961 2716 2068 2756 πάλαι
2091 2717 2156 2752 ύπό
2174 2717 2319 2758 Μωσέως
2339 2717 2530 2764 λεγόμενον.

1500 2780 1561 2816 κοί.
1585 2779 1750 2817 Τοιαύτην
1769 2779 1792 2818 ἡ
1811 2778 1963 2819 θεοτόκος
1980 2779 2003 2818 ἡ
2023 2778 2233 2825 παρθένος,ἡ
2251 2779 2412 2814 δέσποινα
2427 2778 2529 2825 ἶσχόν

1426 2843 1498 2882 τοῖς
1515 2841 1731 2888 οἶνισχύροις,
1749 2841 1806 2875 καὶ
1830 2838 1966 2887 δυ’ναμιν
1987 2842 2060 2880 τοῖς
2080 2839 2255 2883 ἀδυνάτοις
2277 2838 2446 2886 θελήματι
2467 2839 2530 2887 μό-

1426 2918 1465 2949 νῳ
1483 2902 1673 2950 δεδώρηται·
1691 2901 1779 2940 αὕτη
1802 2902 1836 2937 δὲ
1859 2903 1988 2941 δηλαδή
2010 2903 2048 2936 τό
2071 2901 2309 2950 ἐμπρησθῆναι
2331 2903 2392 2942 τάς
2412 2917 2531 2949 μηχα-

1424 2966 1484 3005 νάς
1507 2967 1566 2999 τῶν
1587 2962 1719 3013 ἐχθρῶν
1743 2964 1807 2999 ὑπὸ
1831 2966 1889 2999 τῶν
1911 2964 2095 3013 ἡμετέρων,
2118 2964 2192 2999 τότε
2214 2965 2236 3003 ἡ
2257 2963 2429 3012 θεομήτωρ
2453 2964 2530 2999 ε’κώ·

1426 3031 1510 3062 λυσε
1531 3026 1650 3074 μεῖζον
1672 3025 1846 3063 ἐθέλουσα
1867 3028 1972 3069 δεῖξαι
1994 3028 2054 3067 τῆς
2076 3025 2163 3067 ι’διάς
2184 3027 2258 3073 περὶ
2284 3027 2378 3074 ἡμᾶς
2398 3025 2530 3073 ἀγαθό-

1427 3103 1528 3130 τητος
1550 3088 1733 3137 γνώρισμα·
1751 3089 1807 3123 τὸν
1824 3089 1892 3135 γάρ
1910 3089 2046 3136 φύλακα
2062 3091 2122 3123 τῶν
2139 3088 2305 3137 δημοσίων
2325 3089 2529 3136 πραγμάτων

1427 3149 1528 3192 αὖθις
1550 3149 1718 3199 παρόντα,
1737 3151 1794 3186 καὶ
1813 3150 1926 3187 πάντα
1946 3152 1990 3199 τῇ
2009 3153 2140 3199 σπουδῇ
2161 3151 2390 3199 διερχόμενον,
2407 3151 2531 3199 ἐμφρό-

1427 3228 1485 3254 νως
1508 3212 1691 3261 ἐξήγειρεν,
1709 3211 1904 3258 ἀσφαλείας
1926 3211 2184 3261 προνοήσασθαι
2205 3212 2376 3261 μείζονος,
2393 3213 2452 3248 καί
2473 3227 2532 3248 κω-

1427 3273 1530 3310 λύσαι
1550 3276 1610 3308 τῶν
1632 3274 1798 3322 ἡμετέρων
1817 3275 1873 3311 τήν
1890 3271 2014 3317 ἔξοδον·
2031 3273 2318 3317 ἀνακαλέσασθαι
2337 3276 2370 3313 δὲ
2392 3276 2450 3310 καί
2471 3277 2530 3310 τῶν

1428 3335 1491 3378 ἔξω
1509 3338 1569 3371 τοῦ
1585 3334 1721 3382 τείχους
1740 3334 1967 3383 συῤῥειίσαντα
1984 3333 2111 3382 ὅμιλον·
2130 3334 2188 3370 ου’νι
2210 3335 2419 3384 ἀνακλητικῇ
2434 3339 2532 3371 τοῦτο

1428 3397 1622 3444 ποιούμενον
1650 3398 1844 3444 σάλπιγγι,
1871 3396 1965 3431 οἶλλοὶ
1990 3396 2157 3444 τρέχοντα
2182 3396 2321 3447 συμβοῇ
2346 3398 2405 3433 καί
2427 3400 2532 3447 χερσί

1428 3459 1485 3493 καὶ
1507 3458 1624 3505 λόγοις
1645 3458 1729 3507 πρός
1750 3458 1965 3505 ὑποστροφήν
1994 3456 2132 3505 εὔλογον
2154 3459 2214 3494 καί
2233 3457 2376 3506 οἶσφαλῆ
2395 3473 2534 3508 προτρε-

1428 3520 1581 3567 πόμενον·
1608 3520 1665 3555 καὶ
1693 3522 1791 3556 τοῦτο
1817 3521 1878 3567 μὲν
1905 3517 2011 3566 ε’δόκει
2038 3520 2096 3555 καὶ
2123 3518 2162 3559 ἡν
2189 3520 2345 3568 ἀσφαλὲς
2373 3519 2450 3567 ἅμα
2475 3523 2530 3556 καὶ

1429 3585 1659 3629 στρατηγικῆς
1681 3581 1894 3629 προμηθείας
1918 3582 2092 3630 ἐχόμενον
2114 3582 2136 3622 ἡ
2163 3583 2199 3618 δέ
2224 3581 2394 3632 παρθένος
2413 3584 2435 3623 ἡ
2457 3582 2533 3633 θεο-

1429 3643 1524 3684 τόκος
1543 3643 1672 3692 ἐνήργει
1691 3647 1788 3679 τοῦτο
1809 3645 1866 3679 καί
1888 3643 2068 3692 ἔπραττεν,
2084 3643 2289 3694 αὐτόχειρας
2307 3646 2384 3687 τούς
2402 3645 2534 3694 βαρβά-

1429 3719 1506 3753 ρους
1532 3705 1696 3753 γενέσθαι
1723 3706 1928 3742 κελεύσασα·
1950 3707 2010 3742 καὶ
2032 3706 2149 3749 αὐτοῖς
2175 3709 2236 3743 τῶν
2260 3708 2346 3743 ι’δίων
2371 3710 2530 3756 μηχανῶν

1429 3767 1489 3808 τόνι
1507 3767 1562 3802 διά
1582 3768 1686 3815 πυρὸς
1706 3767 1899 3815 ἀφανισμόν
1920 3766 2150 3816 ἐπιτρέψασα·
2170 3771 2269 3807 δηλοῖ
2284 3771 2318 3804 δὲ
2334 3770 2358 3809 ἡ
2377 3769 2529 3812 ἔκβασις·

1429 3829 1504 3877 ἅμα
1520 3831 1586 3877 γάρ
1603 3830 1659 3868 ἔδυ
1678 3831 1696 3865 0'
1713 3830 1807 3871 ’ἥλιος
1825 3831 1881 3865 καὶ
1901 3831 1959 3874 νύξ
1976 3830 2170 3878 ἐπεγένετο,
2187 3834 2249 3873 τοὶς
2267 3831 2435 3880 χελώνας,
2453 3832 2529 3871 τους

1432 3890 1626 3938 τριβόλους,
1649 3892 1708 3933 τοὶς
1731 3891 1925 3936 ἑλεπόλεις,
1948 3893 2026 3934 τούς
2049 3892 2198 3941 πύργους
2221 3893 2299 3933 τούς
2325 3892 2362 3928 ἐκ
2389 3895 2449 3928 τῶν
2476 3892 2531 3936 ξό-

2239 3958 2288 4000 55

2560 867 2581 898 f.
2602 871 2648 896 cf..
2667 874 2694 896 a.

2566 1612 2588 1640 f.
2609 1615 2640 1640 0⁴
2674 1609 2704 1639 b.

2568 2353 2588 2381 s.
2611 2357 2655 2381 65.
2677 2359 2704 2381 a.

2570 3100 2590 3130 ι’.
2612 3105 2655 3129 65.
2678 3100 2708 3129 b.

2572 3838 2590 3867 s.
2611 3843 2656 3866 66.
2676 3846 2703 3866 a.
