2970 4420
162 1402 175 1417 ⁴
199 1400 267 1429 cod.
289 1400 387 1429 inter-

159 1438 249 1472 μνεία
254 1437 329 1465 tum.

205 1866 219 1882 *
237 1865 308 1905 cod.
327 1873 389 1894 non

209 1908 319 1930 minus.

448 300 512 346 70
1404 311 1555 343 moms
1588 310 1768 342 ALLA'm

443 388 598 447 αὐτην
635 389 786 456 φησὶν
825 388 873 445 ἐν
908 388 1062 464 τρίτῳ
1101 388 1427 460 βασσαρικων
1463 424 1495 433 -
1530 384 1612 444 κδ’
1648 385 1830 441 ὁπόσοι
1869 387 2163 483 Κινύρειον,
2196 387 2279 449 ncl’
2318 390 2542 450 αι’πεινκν
2577 397 2711 467 Κρα-

439 466 671 522 ποίσειαν
707 504 738 513 -
760 464 909 521 ’Έστι
947 466 1030 521 καὶ
1073 487 1217 526 νκσος
1250 460 1562 536 Rapa-acia
1566 463 1699 518 κατὰ
1730 462 1875 521 ‘triv'
1849 461 2010 538 α’κραν
2041 490 2127 523 την
2159 466 2519 544 Σαρπηδονιάν.
2558 470 2711 528 Ξενα·

438 542 618 641 γέρας
645 540 707 598 δε
742 542 1030 616 Κάρπαθον
1068 541 1221 599 αὐτὴν
1256 541 1427 595 καλεῖ.
1469 539 1757 613 Δημήτριος
1795 538 1848 594 δὲ
1887 541 1912 594 0‘
1952 549 2258 617 σαλαμίνιος
2287 550 2588 620 Καρβασιάν
2622 563 2709 612 φκ-

440 644 552 685 σιν,
589 618 668 675 ότι
707 620 832 694 πρὸς
866 618 952 675 τόν
988 616 1302 689 καλούμενον
1337 614 1535 690 καρβαν
1572 614 1756 689 ἄνεμον
1792 618 2008 673 κεισθαι
2048 617 2203 681 δοκει.

566 709 758 771 Scripsit
792 708 1026 754 succincta
1059 705 1141 751 sed
1172 704 1431 750 acutissima
1455 704 1865 766 laudatissimaque
1898 709 2230 755 commentaria
2263 709 2314 755 in
2346 709 2531 756 Cantica
2564 710 2712 756 canti-

440 800 607 833 corum
642 786 702 832 ad
731 783 1024 831 Eustathium
1058 779 1388 857 presbyterum
1421 789 1468 828 et
1497 781 1750 829 Eusebium
1784 778 2486 832 (113601111111.51111135.Φίλων
2522 774 2711 850 καρποί-

437 856 560 914 &tog
592 849 823 925 ἔγραψεν
855 847 1128 921 ὑπομνκμα
1156 847 1228 909 εἷς
1256 847 1313 901 τό
1348 855 1492 921 ᾀσμα
1518 871 1617 903 των
1647 845 1902 923 ᾁσμοίτων
1940 860 2310 909 Commentarius
2342 863 2424 924 qui
2450 862 2593 909 hodie
2621 864 2711 910 cir-

437 939 694 987 cumfertur
728 938 883 984 brevis
914 935 1167 982 admodum
1206 943 1302 988 est;
1330 943 1469 997 atque
1497 935 1718 982 nonnulli
1751 936 1974 998 suspicati
2008 946 2140 992 sunt,
2169 954 2266 986 non
2295 941 2452 986 omnia
2484 955 2603 1001 quae
2632 939 2709 987 hic

435 1016 669 1064 habentur
700 1015 836 1061 unius
860 1028 957 1059 esse
986 1011 1215 1064 Philonis,
1245 1011 1327 1057 sed
1361 1011 1570 1074 plurium
1595 1004 1860 1059 auctorum.
1900 1012 2162 1076 Stephanus
2185 1015 2415 1062 Salutatus
2442 1017 2489 1062 in
2514 1016 2712 1079 epistola·

436 1093 775 1155 nuncupatoria
815 1090 875 1135 ad
910 1089 1154 1135 Nicolaum
1187 1088 1493 1150 Bargilesium
1520 1088 1862 1152 presbyterum
1898 1089 2254 1138 bononiensem.
2291 1093 2400 1138 Non
2433 1109 2555 1139 unus
2586 1091 2712 1138 mihi

435 1170 576 1218 Philo
591 1207 601 1221 ,
636 1169 721 1216 sed
742 1169 904 1231 plures
921 1165 1083 1228 fuisse
1120 1165 1360 1217 videntur,
1392 1167 1479 1229 qui
1509 1166 1647 1213 hosce
1680 1167 2047 1214 commentarios
2078 1168 2129 1214 in
2168 1169 2367 1215 Cantica
2402 1169 2703 1216 Canticorum

434 1245 740 1309 confecerint.
778 1244 907 1290 Nam
940 1242 1068 1305 quod
1099 1240 1319 1289 Philonis
1346 1243 1536 1289 nomine
1570 1243 1925 1311 circumfertur(
1949 1245 2086 1308 apud
2122 1245 2347 1297 Graecos,
2379 1245 2511 1293 breve
2543 1246 2715 1293 admo-

435 1325 548 1371 dum
583 1321 978 1386 opusculum'est:
1008 1319 1093 1365 sed
1121 1331 1256 1370 sunt,
1287 1319 1372 1383 qui
1403 1320 1547 1367 velint
1578 1320 1640 1366 ab
1669 1320 1930 1367 Eustatlzio
1965 1338 2148 1385 quoque
2177 1333 2222 1367 et
2256 1322 2481 1374 Eusebio,
2509 1312 2710 1385 quorum

435 1411 610 1464 rogatu
635 1396 775 1444 Philo
802 1397 900 1460 ipse
925 1396 1322 1443 commentarium
1346 1396 1472 1443 hunc
1497 1398 1795 1459 conjecerat,
1827 1397 2169 1463 interpolatum
2193 1397 2216 1421 ⁴‘
2239 1415 2355 1450 esse,
2385 1415 2624 1462 unumque
2647 1416 2712 1445 ea·

433 1478 587 1525 tribus
609 1492 705 1523 esse
730 1475 1060 1528 coniunctum;
1087 1475 1215 1538 quod
1238 1491 1303 1521 an
1330 1475 1402 1522 ita
1425 1475 1510 1528 sic,
1539 1475 1676 1522 haud
1699 1488 1872 1524 temere
1897 1477 2054 1523 ausim
2080 1478 2340 1539 affirmare.
2366 1475 2590 1524 Martinus
2611 1477 2712 1524 Del-

432 1557 529 1601 rius
552 1555 667 1616 isag.
696 1554 746 1599 in
772 1553 902 1598 Cant.
933 1552 1106 1598 Cantic.
1136 1567 1240 1615 cap.
1270 1553 1317 1599 5.
1355 1551 1555 1599 Plzilone
1579 1551 1858 1617 carpathio,
1891 1553 1941 1599 in
1970 1570 2063 1617 quo
2090 1553 2310 1618 plurima
2335 1552 2560 1604 inveniri,
2587 1568 2711 1617 qaae

434 1630 629 1678 totidem
658 1629 773 1692 sere
807 1628 958 1675 verbis
992 1640 1248 1675 occurrunt
1289 1629 1339 1675 in
1374 1629 1503 1675 beati
1539 1630 1761 1693 Gregorii
1791 1630 2044 1694 pontificis
2076 1629 2448 1687 commentariis.
2486 1629 2714 1694 Suspicor

430 1708 712 1775 graeculum
746 1706 957 1769 aliquem
992 1698 1299 1754 recentiorem
1332 1723 1391 1753 ea
1424 1724 1489 1752 ex
1524 1707 1632 1754 divo
1670 1707 1908 1771 Gregorio
1942 1706 2245 1772 philonianis
2284 1706 2595 1753 immiscuisse
2622 1722 2711 1772 po-

433 1787 551 1838 tius,
588 1801 734 1848 quam
766 1796 1000 1831 vetustum
1039 1784 1178 1831 illum
1216 1784 1533 1849 Carpathium
1568 1801 1626 1831 ea
1662 1785 1906 1850 scripsisse
1916 1805 1931 1839 ;
1966 1802 2083 1832 nam
2117 1802 2225 1832 eum
2259 1785 2442 1848 reliquo
2474 1800 2713 1831 commen-

433 1863 561 1911 tario
590 1862 750 1908 minus
786 1861 802 1876 *
836 1860 1107 1908 cohaerent.
1146 1864 1300 1909 Potest
1329 1862 1377 1908 id
1409 1878 1534 1917 esse,
1562 1878 1650 1925 ego
1685 1864 1799 1910 certi
1828 1863 1946 1909 nihil
1973 1871 2153 1917 statuo,
2181 1863 2394 1910 nondum
2424 1863 2550 1909 enim
2579 1876 2709 1908 com-

434 1941 715 1988 mentarium
748 1939 885 1986 illum
910 1939 1066 2002 legere
1091 1941 1312 2002 contigit;
1344 1941 1428 1986 etsi
1462 1940 1511 1986 in
1544 1939 1830 1991 bibliotheca
1860 1940 2169 1987 vallicelliana
2193 1940 2412 1987 mutilum
2435 1938 2571 1986 illum
2602 1939 2708 2001 qui-

433 2020 542 2066 dem
574 2026 621 2065 et
648 2018 880 2080 principio
915 2025 960 2063 et
993 2016 1087 2063 fine
1119 2019 1409 2071 conservari,
1437 2027 1617 2064 certum
1648 2019 1706 2064 sit
1731 2017 1813 2080 (1).
1852 2019 2005 2073 Quare
2031 2016 2265 2080 suspendo
2295 2017 2539 2063 iudicium.
2576 2016 2709 2062 Eius—

435 2097 543 2143 dem
575 2094 783 2141 Philonis
815 2094 951 2156 plura
983 2095 1030 2140 in
1056 2096 1229 2141 catenis
1251 2095 1422 2142 veteris
1447 2110 1499 2141 ac
1524 2096 1635 2141 novi
1661 2095 1925 2141 testamenti
1958 2095 2153 2141 eximiae
2176 2094 2303 2141 illius
2337 2093 2578 2140 doctrinae
2611 2107 2710 2140 non

435 2173 555 2219 levia
585 2171 755 2218 iudicia
790 2172 1063 2233 comperies.
1718 2182 1721 2184 ’
2612 2180 2616 2185 ’

565 2249 678 2295 LVI.
715 2247 848 2294 Philo
881 2249 962 2310 qui
994 2249 1043 2294 in
1078 2249 1400 2311 persecutione
1424 2264 1450 2295 a
1483 2249 1764 2297 Moechianis
1797 2249 2040 2296 haereticis
2072 2248 2294 2296 adversus
2317 2248 2557 2295 ecclesiam
2580 2255 2708 2294 mota

437 2342 530 2373 una
559 2341 665 2373 cum
691 2325 907 2388 Philippo
935 2325 1070 2372 obiit.
1100 2326 1240 2373 Illum
1265 2327 1460 2373 summis
1484 2326 1704 2373 laudibus
1728 2327 1914 2373 ornavit
1936 2325 2209 2373 Theodorus
2235 2324 2414 2372 studita
2437 2327 2486 2371 in
2510 2324 2708 2387 epistola

438 2404 498 2450 ad
528 2404 852 2457 Naucratium,
881 2418 999 2465 quae
1030 2412 1098 2449 est
1130 2403 1297 2450 ordine
1324 2405 1404 2450 49.
1434 2405 1555 2450 inter
1589 2406 1687 2451 eius
1720 2404 1960 2466 epistolas,
1989 2406 2119 2450 cuius
2153 2404 2459 2465 principium·
2499 2390 2707 2466 QSe'ysn

439 2494 521 2524 και
565 2468 843 2543 δικγκσαί
846 2492 935 2542 μοι
977 2469 1233 2525 ἑκαστοτε.
1271 2479 1439 2527 Scribit
1474 2482 1623 2527 enim:
1662 2476 1956 2541 κεκοίμηται
1992 2468 2077 2534 δὲ,
2110 2468 2259 2536 ἔφης,
2290 2472 2313 2522 ὁ
2353 2467 2584 2534 ἀδελφὸς
2618 2471 2706 2523 Φί-
2741 2496 2747 2503 ⁸

438 2555 654 2610 λιππος,
691 2570 772 2600 και
811 2551 1001 2602 Φίλων·
1038 2570 1122 2601 και
1163 2545 1314 2622 εὐγε,
1346 2545 1495 2622 εὐγε,
1528 2545 1607 2602 ὅτι
1641 2546 1921 2622 αμφότεροι
1958 2547 2101 2602 τέλει
2140 2547 2355 2644 οἷγαιὲτῷ·
2392 2547 2492 2616 οὐχ
2528 2542 2605 2599 ότι
2641 2544 2703 2599 τοὶ

438 2623 711 2699 προὙέλεια
736 2622 903 2694 ψεκτὰ
943 2625 1075 2694 (πῶς
1102 2623 1209 2698 γὰρ
1241 2625 1290 2678 οἱ
1323 2623 1653 2719 ἀπειπάμενοι
1686 2624 1886 2698 κόσμῳ,
1917 2623 2080 2696 σοι’ρκα
2114 2624 2196 2678 καὶ
2229 2628 2391 2696 αἱμα,
2424 2622 2588 2687 εὖαφκ
2618 2645 2706 2680 τὴν

436 2726 526 2763 τκς
564 2701 826 2774 ὁποταγκς
857 2699 1083 2777 ζεύγλην
1119 2703 1325 2765 ἑαυτοῖς
1362 2700 1569 2774 ὑποθέμ
1576 2724 1704 2769 ενοι;
1724 2704 1736 2767 )
1777 2701 1949 2756 αλλ’
1932 2699 2011 2755 ότι
2043 2702 2138 2756 τοί)υ
2166 2700 2453 2797 ἀκροτατου
2489 2722 2707 2771 μακαρι-

439 2780 573 2850 σμοῦ
611 2776 953 2847 τετυχήκασι,
992 2775 1079 2832 δια
1121 2777 1291 2853 κύριον
1329 2776 1701 2851 δεδιωγμένοι,
1737 2777 2056 2849 θλιβόμενοι
2096 2801 2179 2832 και
2227 2775 2704 2851 στενοχωρούμενοι·

439 2880 522 2910 και
562 2879 683 2930 προς
718 2855 883 2909 ταῦτα
919 2853 1090 2917 οὐδεις
1127 2857 1151 2909 ὁ
1191 2855 1511 2928 ἀντιλέγων,
1540 2880 1565 2913 n
1599 2856 1646 2910 οἱ
1676 2855 1733 2909 τὸ
1769 2854 2093 2929 εὐαγγέλιον
2122 2854 2456 2918 κθετηκότες,
2489 2851 2708 2908 δυσώνυ-

436 2956 581 3005 μοι1
562 2937 892 3002 Μοιχειανοί·
924 2955 1007 2986 και
1047 2933 1121 3007 τῷ
1152 2933 1245 3004 μὲν
1280 2938 1474 2988 Φίλωνι
1508 2938 1660 2999 φίλον
1695 2932 1855 3006 μέχρι
1891 2930 2044 3030 τοῦδε
2082 2931 2251 2990 στήσει
2282 2955 2369 2986 τον
2399 2930 2614 2986 ε’παινον·
2642 2929 2709 2983 τοὶ

439 3007 498 3064 δε
524 3010 617 3064 τοῦ
645 3010 815 3063 καλοῦ
847 3012 1110 3064 Φιλιππου
1146 3010 1325 3065 πολλοὶ
1360 3009 1774 3084 κατορθωματα,
1805 3008 1839 3065 οἳ
1874 3010 2030 3072 αὑτὸς
2064 3008 2493 3083 προκατελεξας·’
2504 3006 2607 3080 ἐγω
2645 3003 2708 3059 δε

437 3111 559 3162 προς
590 3110 703 3148 τοις
742 3109 1052 3160 ειρκμενοις,
1089 3086 1172 3141 καὶ
1210 3112 1265 3142 το
1307 3086 1572 3143 α’πλαστον
1608 3088 1799 3151 αὐτου,
1836 3110 1918 3142 και
1960 3086 2200 3160 ακέραιον
2236 3082 2512 3159 θαυμάζω.
2545 3102 2549 3106 ’

566 3175 700 3224 LVII.
737 3174 845 3219 Fuit
874 3182 921 3220 et
951 3174 1067 3221 alter
1095 3175 1229 3222 Philo
1262 3175 1599 3238 philosophus,
1629 3176 1760 3222 cuius
1783 3175 2027 3221 historiam
2058 3174 2411 3220 ecclesiasticam
2442 3173 2491 3217 in
2525 3171 2706 3217 annali-

438 3249 526 3295 bus
560 3252 653 3296 suis
686 3250 847 3296 laudat
880 3250 1044 3312 Glycas
1080 3251 1188 3314 (ed.
1217 3252 1359 3314 paris.
1389 3268 1437 3315 p.
1468 3251 1616 3314 282.)
1651 3252 1769 3298 etin
1794 3251 2023 3313 excerptis
2046 3249 2371 3311 manuscriptis
2402 3263 2457 3295 ex
2492 3246 2719 3310 patribus-

524 3412 572 3453 (1)
597 3411 649 3445 Ex
674 3409 798 3447 6011166
822 3411 1070 3448 vallicelliano
1095 3411 1251 3459 aliisque
1275 3411 1393 3450 edidit
1417 3423 1503 3450 cum
1527 3412 1632 3450 novis
1663 3412 1763 3449 curis
1795 3421 1924 3460 graece
1953 3411 2055 3448 1111116
2086 3409 2396 3447 commentarium
2424 3407 2594 3445 Philonis
2626 3409 2705 3455 epi·

440 3470 540 3517 scopi
558 3469 721 3516 Carpasii
739 3471 906 3517 Angelus
932 3471 1167 3509 Iacomellius
1189 3473 1330 3509 Romae
1350 3477 1462 3519 1772,
1483 3471 1601 3520 deque
1626 3482 1735 3520 opere
1760 3477 1796 3508 et
1820 3476 1970 3508 auctore
1994 3470 2100 3507 docte
2123 3469 2300 3507 disseruit
2324 3468 2364 3505 in
2388 3467 2635 3515 praefatione,
2655 3468 2706 3504 ci·

439 3535 515 3567 tata
540 3528 651 3564 etiam
676 3538 752 3565 non
776 3530 889 3566 semel
914 3530 1045 3567 Allatii
1069 3531 1186 3568 nostri
1212 3530 1370 3568 diatriba
1396 3532 1648 3579 manuscripta
1673 3530 1719 3568 de
1737 3530 1971 3568 Philonibus.
1998 3528 2169 3567 Eundem
2196 3528 2504 3565 commentarium
2524 3528 2638 3566 latine
2662 3539 2707 3566 ex

437 3588 671 3636 antiquitatis
697 3589 812 3626 mirae
836 3589 961 3627 codice
985 3591 1176 3638 vaticano,
1200 3590 1266 3628 sed
1290 3602 1377 3627 cum
1402 3590 1554 3627 nomine
1578 3590 1616 3626 S.
1644 3589 1862 3637 Epiphanii‚
1888 3588 2053 3626 ediderat
2075 3589 2216 3633 Romae
2242 3597 2302 3624 an.
2325 3591 2430 3624 1750.
2457 3587 2499 3624 P.
2517 3587 2579 3624 Fr.
2606 3588 2706 3634 Fog-

440 3648 565 3696 ginius
581 3675 591 3691 ‚
619 3650 683 3694 qui
708 3647 797 3684 item
822 3649 862 3685 in
887 3650 1111 3696 praefatione
1138 3650 1340 3698 disputavit
1363 3655 1491 3687 utrum
1508 3649 1724 3698 *Epiphanio
1749 3660 1798 3686 an
1822 3649 1970 3688 Philoni
1995 3647 2044 3684 sit
2066 3646 2300 3684 tribuendus.
2328 3647 2402 3693 Qui
2426 3646 2539 3694 igitur
2569 3647 2705 3683 horum

441 3707 723 3743 duuvarorum
745 3706 941 3757 perdoctas
965 3708 1142 3746 diatribas
1166 3709 1324 3758 legerit,
1351 3709 1447 3746 nihil
1471 3709 1546 3746 iam
1574 3709 1671 3745 circa
1700 3709 1796 3746 hanc
1824 3707 2108 3745 controversiam
2137 3704 2373 3743 desiderabit.
2398 3705 2551 3743 Utiliter
2578 3711 2704 3743 autem

441 3765 677 3804 conferentur
706 3765 771 3802 illa
800 3777 944 3813 quoque
974 3778 1174 3806 numerosa
1203 3768 1370 3807 eiusdem
1401 3769 1563 3806 auctoris
1591 3768 1798 3816 fragmenta
1825 3777 1920 3815 quae
1948 3776 2016 3803 nos
2045 3765 2230 3803 edidimus
2258 3776 2344 3802 611111
2374 3765 2543 3813 Procopii
2574 3770 2704 3802 catena

374 3867 379 3870 ,
439 3827 521 3861 ΑΑ.
549 3824 597 3861 61.
617 3826 660 3862 Τ.
680 3825 748 3861 ΙΧ.
776 3825 871 3861 Nam
897 3830 995 3862 certe
1020 3825 1067 3862 ad
1093 3827 1235 3864 Cantic.
1264 3839 1343 3875 cap.
1362 3830 1406 3865 V.
1429 3832 1464 3864 2.
1483 3828 1524 3864 111
1548 3833 1678 3865 catena
1701 3833 1828 3864 nostra
1855 3838 1891 3874 p.
1913 3829 1993 3863 364.
2022 3825 2194 3873 prolixior
2218 3825 2327 3862 Philo
2352 3830 2408 3862 est
2431 3824 2596 3863 editione
2618 3824 2705 3861 Phi·

440 3883 538 3921 lonis
563 3894 627 3931 per
651 3883 918 3922 Iacomellium
945 3884 1088 3922 Rursus
1114 3884 1161 3922 ad
1185 3897 1265 3934 cap.
1292 3889 1376 3923 VII.
1404 3898 1440 3934 p.
1468 3891 1552 3924 407.
1581 3884 1752 3924 diffusior
1777 3885 1876 3934 apud
1900 3895 1968 3922 nos
1993 3885 2101 3922 Philo
2127 3889 2194 3922 est.
2221 3887 2265 3921 A.
2293 3886 2345 3921 M.
