2970 4380
1001 275 1045 306 m
1076 273 1228 306 conica
1261 274 1686 307 manosoumuno.
2372 263 2460 311 591

229 357 366 420 δορυφς
351 373 409 418 ..ορ
393 349 574 436 mpsim,
606 367 655 400 ως
689 349 767 414 ωῧρ
804 346 964 414 φλέγων·
995 371 1060 397 κα(
1094 369 1219 413 caupo<
1255 345 1404 415 φλοξ”’
1374 369 1526 399 εωεσεν
1562 346 1633 398 ἔω(
1663 346 1729 399 τὶν
1768 347 1893 414 ιἐρεα·
1928 371 1993 397 και
2027 348 2176 416 ἐγένετο
2206 353 2226 400 ὁ
2261 351 2379 421 ἷερευς
2412 356 2469 408 εἰς

233 422 366 490 ‹ple-sot
397 413 538 483 rufos
549 414 626 466 ἀπο
659 420 726 472 τῆς
755 420 927 484 κορυφῆς
944 420 1014 474 ἕως
1045 421 1120 469 τῶν
1151 416 1302 482 ὀνύχων
1334 441 1469 471 αυτου.
1501 433 1554 473 Et
1581 444 1668 473 cum
1694 435 1832 473 cecinit
1855 433 2030 473 sacerdos
2055 435 2332 487 triumphalem.
2352 437 2468 490 Itym-

239 519 354 558 num,
379 491 462 564 fii
447 501 667 540 aecclesiae
695 505 834 542 tectum
857 503 1023 554 aperiri.
1057 503 1114 543 Et
1139 514 1215 543 non
1234 515 1317 544 stne
1337 502 1586 555 formidabili
1611 515 1747 544 rursus
1765 507 1855 556 iyne
1875 508 2058 557 conspexi
2077 507 2366 548 multitudinem
2393 521 2467 550 an-

237 566 436 630 qetondm,
466 575 506 611 et
531 584 602 612 sex
630 572 706 612 alis
733 572 1001 624 praeditorum
1028 574 1318 627 advenientem5
1339 575 1532 635 simulque
1555 575 1637 616 vidi
1663 578 1826 616 eximios
1855 577 2008 627 vultus,
2037 589 2201 628 quorum
2231 578 2481 621 venustatem

240 634 348 691 nenio
371 649 498 696 potest
524 655 734 695 enarrare,
762 648 848 685 erat
872 646 974 685 enim
995 646 1180 697 splendor
1201 647 1361 686 illorum
1388 651 1583 698 tamquam
1600 647 1767 698 flamma
1794 650 1912 699 tynis.
1946 648 2001 687 Et
2018 649 2149 699 anqeti
2170 650 2326 701 quidem
2352 655 2467 703 atque

237 705 467 767 archanqelt
494 716 567 755 alae's
593 718 674 754 suis
703 715 942 756 advolabant
968 718 1071 756 circa
1101 717 1250 767 altare;
1277 717 1340 757 illi
1369 722 1496 760 autem
1525 729 1596 758 sex
1624 718 1700 758 alis
1720 718 1900 770 praediti
1917 723 2086 770 sanctam
2106 731 2273 760 mensam
2302 724 2468 762 circum-

237 787 435 827 sistebant.
469 787 520 826 Et
541 797 648 838 puer
676 789 718 826 in
744 786 870 826 medio
901 789 1098 839 ipsorum,
1125 789 1250 828 instar
1277 790 1379 839 tynis
1404 787 1564 839 servem
1591 789 1918 840 conspiciebatur,
1946 789 2011 829 cui
2037 790 2105 830 itta·
2131 790 2379 842 obsequenter
2397 791 2471 842 sa-

239 856 502 897 mulabantur.
536 857 590 895 Et
618 856 795 896 sacerdos
823 859 934 908 quasi
959 857 1126 908 flamma
1155 856 1292 908 sactus
1324 861 1514 910 apparuit
1548 871 1574 899 a
1604 871 1750 899 summo
1780 862 1920 900 vertice
1955 860 2011 899 ad
2044 871 2209 912 unques.
2243 859 2471 915 Ceteroqui·

241 938 337 967 cave
365 924 496 979 dicas,
522 926 731 968 Christum
755 925 820 968 vel
841 926 889 969 in
909 926 989 969 hac
1009 926 1186 979 tabella,
1211 927 1262 969 de
1285 927 1399 970 caelo
1431 928 1677 971 descendere
1708 929 2035 973 consecrandum
2065 943 2191 986 super
2219 931 2370 984 altare;
2399 932 2467 974 vel

242 997 283 1037 in
307 1000 541 1050 postrema,
567 996 620 1038 de
642 995 761 1039 altari
781 1001 877 1052 post
898 998 1143 1040 sacramenti
1174 999 1533 1053 consumptionem
1555 1000 1596 1041 in
1624 1000 1782 1042 caelum
1813 998 1971 1043 rediret
1998 1001 2188 1044 doctrina
2209 1002 2317 1043 enim
2347 1002 2484 1044 timo·-
2513 996 2526 1006 ⁸

236 1067 372 1120 logica
399 1067 556 1121 tradit,
586 1067 737 1110 Christi
767 1079 922 1123 corpus
950 1067 1035 1110 illic
1063 1069 1106 1110 in
1135 1069 1228 1123 ipso
1259 1069 1377 1111 altari
1409 1082 1458 1111 ex
1488 1071 1762 1113 conversione
1792 1072 1912 1126 panis
1941 1076 1983 1114 et
2011 1073 2096 1115 vini
2128 1073 2316 1115 existere.

1193 1139 1368 1182 IMAGO
1397 1141 1511 1182 VIII.

350 1210 497 1251 Missae
528 1221 624 1264 pars
651 1209 746 1261 illa,
778 1210 822 1251 in
852 1218 936 1265 qua
964 1209 1013 1252 fit
1043 1214 1330 1252 sacrosanctae
1365 1211 1649 1253 Eucharistiae
1685 1212 1821 1268 dignis
1855 1213 2177 1268 volentibusque
2209 1213 2462 1256 distributio.

234 1281 416 1322 Bematis
445 1279 679 1322 tabulatum
709 1291 827 1322 more
851 1281 978 1322 solito
1007 1282 1188 1336 pictum,
1213 1293 1364 1336 nempe
1387 1281 1601 1337 sepultura
1633 1283 1810 1336 Christi,
1836 1285 1883 1326 B.
1909 1285 2039 1327 Maria
2065 1297 2160 1327 cum
2187 1296 2319 1340 puero
2345 1286 2463 1339 lesu,

234 1355 276 1392 et
306 1351 550 1418 episcopus,
578 1363 702 1405 quem
734 1363 820 1393 esse
844 1351 1136 1398 nazianzenum
1169 1351 1317 1394 suadet
1345 1351 1456 1394 idem
1486 1353 1608 1407 plane
1639 1359 1809 1405 ornatus
1835 1367 1881 1396 ac
1910 1360 2074 1409 gestuS,
2100 1368 2232 1418 quem
2261 1356 2303 1398 in
2333 1356 2468 1410 prima

235 1423 414 1476 imagine
444 1423 704 1476 aspeximu83
727 1434 981 1477 quamquam
1012 1427 1053 1464 et
1076 1422 1128 1465 de
1150 1423 1309 1478 Cyriilo
1335 1423 1730 1479 hierosolymitano,
1753 1425 1818 1467 vel
1847 1425 1928 1467 alio
1953 1427 2102 1481 quovis
2122 1425 2319 1480 pontifice
2348 1427 2466 1481 cogi-

235 1498 323 1534 taie
345 1493 460 1535 lieet.
494 1493 726 1547 Episcopus
752 1497 870 1534 extra
897 1497 1063 1547 portam
1093 1494 1277 1547 regiam,
1306 1494 1372 1535 xel
1392 1495 1534 1549 potius
1554 1496 1597 1536 in
1619 1496 1706 1537 eius
1726 1497 1889 1548 limine,
1912 1497 2140 1539 consistens
2171 1499 2331 1551 (neque
2357 1497 2468 1539 enim

236 1575 332 1618 111⁰!
334 1564 399 1606 edi
421 1565 530 1606 intra
549 1563 671 1606 bema
691 1562 810 1606 laicis
837 1564 959 1617 licet)
992 1564 1170 1607 divinam
1203 1565 1493 1607 eucharistiam
1519 1566 1571 1608 de
1600 1568 1726 1608 calice
1753 1580 1833 1621 ope
1862 1568 2088 1610 cochlearis
2117 1573 2324 1623 sumptam
2349 1580 2466 1610 acce-

238 1634 423 1676 dentium
448 1635 510 1676 ori
534 1635 709 1688 ingerit,
735 1634 809 1689 qui
833 1634 1000 1689 quidem
1022 1638 1195 1690 stantes,
1217 1648 1334 1678 more
1357 1647 1531 1690 graeco,
1556 1638 1884 1690 communicant,
1908 1638 2104 1680 uniformi
2135 1638 2317 1702 quodam
2349 1632 2466 1677 πολυ-

237 1691 411 1759 σταυρίῳ
439 1705 668 1758 humerali,
693 1705 817 1747 huius
847 1705 1123 1748 caerimoniae
1145 1668 1195 1748 ut²
1220 1705 1387 1749 videtur
1417 1707 1618 1762 proprie,
1642 1707 1710 1749 vel
1737 1708 1855 1750 birro
1877 1707 2028 1750 induti.
2061 1709 2110 1750 In
2140 1708 2309 1750 sinistro
2339 1709 2467 1751 latere

233 1776 432 1819 diaconus
463 1788 559 1818 cum
589 1775 729 1827 orario
762 1766 1017 1829 σταυροειδως
1049 1775 1127 1817 sibi
1157 1776 1422 1818 circumiecto
1454 1781 1495 1818 et
1531 1777 1804 1832 complicato,
1838 1778 2071 1820 cuiusmodi
2102 1779 2325 1851 imaginem
2355 1780 2467 1822 Goa-

232 1847 319 1889 rius
349 1846 518 1888 exhibet
544 1857 590 1899 p.
623 1845 719 1886 126
753 1845 960 1886 Nimirum
990 1845 1143 1887 diserte
1172 1850 1312 1888 narrat
1341 1847 1714 1890 Thessalonicensis
1743 1861 1788 1903 p.
1826 1850 1921 1890 183.
1957 1832 2059 1884 ὂιᾶκε
2044 1857 2122 1884 νῦν
2154 1839 2193 1894 ,ἓν
2225 1841 2279 1900 τῷ
2308 1835 2467 1900 μέλλειν

232 1925 420 1951 κοινωνειν
452 1900 778 1967 περιζώννυσθαι·
811 1914 930 1957 Idem
960 1915 1160 1958 diaconus
1189 1929 1265 1971 per
1293 1901 1336 1959 id
1365 1923 1560 1973 tempus,
1597 1919 1659 1961 vel
1689 1921 1809 1961 etiam
1841 1920 2061 1971 sacerdos,
2094 1922 2151 1962 ait
2179 1920 2232 1962 ad
2264 1921 2468 1975 populum

229 1999 282 2028 ex
309 1985 484 2026 adverso
515 1988 718 2025 stantem:
752 1971 855 2034 μετὰ
887 1971 984 2039 φόβο
988 1996 1033 2032 υ,
1067 1977 1246 2029 πίστεως
1303 1998 1367 2024 και
1401 1975 1570 2041 α’γοῖωης
1603 1975 1882 2043 ωροσέὶὲετετ
1914 2003 2002 2031 eum
2031 1995 2186 2043 timore,
2211 1993 2318 2044 fide,
2353 1997 2468 2045 atque

230 2068 362 2097 amore
390 2056 572 2095 accedite.
607 2055 730 2095 Senes
760 2053 846 2096 duo
878 2055 1068 2110 pontifici
1097 2058 1309 2112 utrimque
1339 2059 1690 2114 circumstantes,
1709 2060 1905 2102 monachi
1935 2064 2056 2114 sunt,
2090 2062 2187 2116 quia
2217 2061 2467 2104 camelaucio

233 2126 427 2180 dempto,
455 2124 680 2180 mandyam
710 2129 758 2166 ut
787 2127 831 2167 in
857 2127 993 2180 prima
1014 2128 1179 2182 pictura
1203 2130 1396 2171 retinent.
1430 2131 1620 2184 Denique
1645 2131 1764 2185 pueri
1796 2131 1881 2172 duo
1902 2131 1967 2172 xcl
1995 2133 2178 2173 minores
2208 2133 2370 2186 clerici,
2395 2134 2467 2188 qui

233 2195 401 2238 brevius
428 2196 614 2236 camisati
642 2195 862 2249 videntur,
886 2196 1040 2240 funalia
1067 2203 1254 2261 gestant,
1277 2204 1431 2242 stantes
1455 2200 1622 2254 quidem
1647 2200 1718 2242 sed
1739 2204 1878 2242 tamen
1900 2201 2103 2243 inclinati.
2137 2201 2309 2244 Adiecta
2331 2207 2468 2244 autem

235 2263 450 2319 inscriptio
480 2267 615 2340 (quae
645 2265 698 2307 de
732 2266 958 2308 incruento
992 2267 1196 2310 sacrificio
1235 2269 1354 2340 quasi
1392 2268 1444 2310 de
1469 2275 1659 2319 cruento
1691 2283 1766 2324 per
1795 2270 2055 2325 phantasiam
2091 2271 2308 2325 loquitur)
2339 2273 2398 2314 ita
2426 2284 2469 2314 se

230 2338 373 2380 habet.
407 2322 492 2371 Και
506 2324 567 2378 ὦς
587 2319 717 2371 ἦλθεν
747 2322 791 2371 re
822 2322 1008 2389 μακάριον
1039 2331 1107 2374 καὶ
1139 2329 1270 2390 ἅγιον,
1297 2325 1417 2392 πάτερ
1445 2349 1554 2390 ημων
1586 2327 1603 2375 ὃ
1636 2330 1677 2376 ἐν
1711 2332 1793 2383 τοῖς
1827 2350 1999 2394 ουρανοις
2023 2332 2160 2394 (1),’
2142 2351 2277 2380 ηκουον
2303 2331 2469 2394 ἀγγέλου

233 2392 380 2444 εἰπόντε
385 2414 402 2445 ς
427 2414 529 2456 προς
563 2415 649 2447 τους
681 2393 876 2448 ἓστωτας·
908 2392 1083 2461 σατὲρες
1114 2419 1180 2444 και
1214 2394 1418 2482 ἀδελφοι’
1408 2395 1556 2461 ἀγαθον(
1587 2421 1653 2445 και
1687 2395 1837 2448 ota-cri
1872 2398 1906 2445 εἴ
1939 2421 1994 2452 τις
2027 2399 2116 2453 ἑξ“
2098 2421 2199 2461 υμων
2230 2398 2336 2447 κατά
2366 2422 2469 2454 τινος

234 2465 343 2525 ἔχει,
374 2480 400 2512 η
429 2460 530 2521 μετὰ
560 2484 736 2524 γυναικος
769 2462 914 2523 ἐὲὶῖβη
949 2467 986 2511 ἐν
1019 2469 1072 2526 τῷ
1100 2463 1363 2528 σαββάτω,
1341 2490 1365 2517 η
1393 2466 1466 2514 {dte
1451 2489 1488 2513 v
1521 2470 1559 2514 ἐν
1584 2466 1735 2533 ὄρσμζατ
1741 2490 1775 2525 ι,
1800 2490 1864 2514 ουκ
1895 2489 2003 2515 εστιν
2037 2467 2143 2522 ἄξιος
2173 2472 2240 2516 τοῦ
2271 2467 2441 2533 ἀχράντε
2447 2493 2469 2517 υ

232 2531 407 2593 σώματος
440 2534 508 2579 τοῧ
535 2529 660 2595 κυρίου
689 2552 796 2591 ημιιν
826 2533 956 2581 Ἰησσῧ
986 2538 1161 2596 Χριστοῦ
1190 2538 1274 2599 (2)·
1307 2533 1374 2582 καὶ
1398 2540 1473 2585 ὅτε
1505 2529 1662 2585 εἶπεν
1643 2558 1662 2582 ο
1698 2557 1837 2600 (ερευς,
1873 2556 1924 2584 τα
1955 2539 2049 2600 ἅγια
2084 2559 2162 2589 τοις
2193 2535 2340 2601 ἅγιοις,
2377 2537 2467 2587 τότε

234 2598 336 2649 εἰόον
370 2621 422 2648 τα
452 2596 637 2666 πρόσωπα
663 2602 792 2647 ἐκεῖνα
825 2599 875 2654 ὦς
907 2599 1030 2666 ἱερεῖα
1059 2599 1273 2666 γενόμενα,
1299 2626 1362 2650 και
1396 2626 1486 2657 τους
1518 2603 1704 2668 ἀγγέλους
1729 2603 1922 2669 κατ-ἔχοντ
1926 2628 1975 2652 a:
1999 2606 2226 2672 μαχαίρας,
2251 2630 2315 2657 και
2343 2629 2466 2658 κατα-

231 2668 354 2738 σφάζο
357 2692 455 2723 ντας
481 2688 546 2717 τον
569 2672 721 2729 παῖδα,
754 2691 819 2718 και
854 2667 1060 2732 ἐκχέοντας
1094 2692 1137 2719 το
1167 2695 1275 2734 αιμα
1302 2675 1394 2722 αὐτο
1397 2678 1420 2722 ὖ
1451 2675 1488 2722 ἓν
1514 2679 1566 2737 τῷ
1597 2673 1696 2738 ἇγῖῳ
1719 2674 1903 2752 ποτηριῳ·
1930 2697 1973 2725 το
1999 2673 2041 2723 δὲ
2069 2698 2185 2738 σωμα
2215 2676 2468 2740 κατακοψαν-

236 2763 298 2795 τες
322 2740 518 2790 ἕπε’ἓηκαν
550 2737 677 2790 ἐπάνω
710 2761 776 2788 του
807 2738 944 2804 ἄρτου,
970 2762 1033 2788 και
1068 2740 1235 2806 ἐγένετο
1244 2742 1263 2790 ὃ
1287 2742 1398 2808 ἄρτος
1423 2748 1559 2807 σῶμα,
1585 2767 1652 2792 και
1679 2745 1698 2792 ὅ
1723 2740 1819 2798 οἶνος
1844 2750 1948 2806 αἱμα
1981 2768 2019 2794 τι
2023 2768 2046 2792 υ
2068 2743 2192 2812 κυρίου
2214 2747 2318 2809 ἧμων
2339 2750 2467 2798 Ἰησου

234 2813 406 2876 Χριστε
385 2831 421 2858 υ·
455 2832 496 2857 κς
509 2833 520 2857 ι
553 2806 816 2864 συνελθᾶντες
849 2831 994 2864 παντες
1018 2813 1051 2859 οἳ
1077 2810 1350 2876 παριστάμενοι
1381 2810 1653 2877 μετελάμβανε
1658 2835 1693 2862 ν·
1721 2818 1753 2862 οἳ
1786 2812 1831 2862 δε)
1853 2812 1895 2863 τὲ
1921 2813 2023 2877 ἀμην
2046 2839 2101 2877 μη
2126 2814 2326 2880 λέγοντες,
2353 2816 2467 2865 ἄλλο’-

233 2901 327 2946 τριοι
362 2879 463 2930 εἰσιν
495 2901 564 2929 του
592 2881 673 2928 υἷου
706 2901 774 2929 του
801 2883 900 2929 ,θεοῦ
929 2883 1013 2945 (3)-
1046 2896 1102 2935 Et
1132 2908 1218 2935 cum
1252 2902 1409 2937 ventum
1444 2903 1501 2938 est
1531 2898 1586 2938 ad
1620 2899 1767 2938 beatam
1804 2900 1916 2940 illam
1949 2904 2195 2952 sanctamque
2228 2905 2460 2955 orationem,

224 2970 347 3017 pater
372 2970 500 3006 noster
525 2969 595 3017 qui
621 2978 661 3004 es
683 2968 723 3006 in
752 2966 889 3016 caelis,
917 2966 1053 3006 audivi
1084 2968 1266 3018 anqelum
1293 2969 1480 3009 dicentem
1511 2970 1616 3023 (pro
1647 2968 1848 3020 diacono)
1874 2971 2168 3021 praesentibus:
2197 2977 2330 3024 patres
2350 2978 2465 3026 atque

324 3089 370 3130 (ι)
392 3090 516 3120 Graeca
538 3085 715 3118 catechesis
735 3095 767 3128 p.
794 3091 866 3127 158,
890 3087 945 3119 ubi
965 3096 1070 3120 sermo
1090 3090 1138 3120 est
1159 3088 1200 3120 de
1223 3089 1367 3121 oratione
1386 3091 1490 3130 pater
1514 3091 1644 3129 noster,
1669 3091 1714 3122 sic
1735 3090 1901 3123 admonet:
1927 3082 2100 3131 πλησιάζε
2105 3098 2113 3117 ι
2143 3083 2162 3122 o‘
2187 3083 2254 3129 ὥρα
2280 3086 2339 3125 τῆς
2365 3083 2462 3126 θείας

234 3145 424 3173 mim-1125:
448 3140 703 3181 appropinquat
729 3139 870 3172 divinae
892 3141 1140 3173 communionis
1162 3141 1260 3174 liora.
1642 3161 1652 3166 ν

322 3193 367 3233 (2)
389 3192 528 3224 Additur
551 3188 636 3233 apud
661 3193 744 3224 Ben-
748 3193 850 3225 Assali
874 3202 908 3234 p.
932 3196 988 3226 79:
1013 3194 1069 3226 mc
1089 3203 1157 3228 non
1183 3195 1342 3234 accedat,
1367 3204 1408 3228 ne
1432 3195 1628 3228 divinitatis
1655 3198 1730 3236 igme
1752 3196 2030 3229 amburatur.1s
2052 3199 2159 3229 autem
2184 3196 2266 3237 ignis
2286 3197 2318 3228 in
2339 3204 2463 3238 praece-

230 3246 325 3278 dente
347 3248 458 3278 nostra
482 3245 601 3277 tabella
625 3254 735 3286 reapse
760 3245 952 3278 exardescit.

325 3300 369 3338 (3)
390 3301 472 3331 Cum
500 3307 558 3339 ego
579 3298 635 3330 diu
661 3298 779 3330 frustra
801 3297 841 3330 de
865 3298 988 3338 origine
1016 3298 1129 3343 harum
1153 3300 1311 3342 visionum
1338 3301 1664 3342 quaesisscn1,quae
1691 3301 1722 3333 in
1749 3304 1913 3343 praesente
1935 3302 2050 3335 missae
2073 3302 2273 3343 expositione
2297 3303 2462 3344 leguntur,

231 3352 372 3393 comperi
394 3351 523 3384 demum
546 3352 579 3383 in
602 3359 714 3391 graeca
733 3350 891 3383 catechesi
913 3350 1067 3383 indicium
1086 3340 1201 3393 partini
1227 3353 1339 3385 saltem
1362 3354 1458 3385 huius
1480 3354 1524 3386 rei
1552 3354 1756 3386 manifestum
1779 3355 1811 3386 in
1834 3354 1938 3395 inagni
1958 3355 2081 3389 Arsenii
2107 3355 2185 3387 wita.
2215 3355 2339 3387 Etenim
2364 3364 2466 3396 quum

234 3414 331 3437 senex
353 3404 528 3436 monachus
545 3403 676 3444 quidam
694 3402 735 3435 de
754 3402 873 3434 Christi
895 3402 928 3433 iu
952 3403 1144 3436 eucharistia
1163 3405 1340 3445 praesentia
1364 3406 1569 3446 pertinaciter
1592 3406 1812 3445 addubitaret,
1832 3406 2015 3447 prodigiosa
2039 3407 2168 3439 demum
2191 3407 2315 3441 visione
2331 3407 2466 3442 edoctus

231 3459 294 3490 suit
322 3461 419 3499 atque
445 3457 621 3490 convictus.
645 3459 691 3488 Ea
713 3464 790 3488 vero
820 3455 867 3487 sic
891 3455 1008 3497 legitur
1031 3456 1130 3489 latine
1156 3457 1243 3498 apud
1269 3460 1414 3490 nostrum
1441 3459 1569 3491 Surium
1596 3459 1648 3491 die
1671 3464 1718 3492 19.
1741 3459 1829 3500 iulii,
1854 3469 1891 3491 ex
1921 3468 2035 3500 graeco
2055 3461 2287 3501 metaphraste,
2311 3461 2367 3494 ubi
2393 3464 2466 3503 post

233 3514 395 3545 narratam
418 3510 564 3543 monachi
584 3509 858 3549 incredulitatem,
877 3508 924 3541 sic
942 3509 1044 3550 pergit
1060 3510 1183 3542 Arsenii
1201 3510 1406 3551 biographus.
1432 3512 1518 3547 Cum
1532 3519 1633 3544 sacra
1649 3514 1875 3552 peraqeretur
1893 3514 2123 3554 mystaqoqia,
2140 3513 2348 3556 divinusque
2361 3516 2464 3556 panis

232 3565 318 3595 esset
331 3561 550 3605 propositus,
572 3561 690 3602 infans
712 3563 807 3594 visus
825 3562 874 3593 cst
892 3560 1006 3593 eodem
1027 3562 1175 3602 tempore
1193 3562 1305 3595 tribus
1321 3563 1459 3596 senibus
1477 3565 1506 3595 is
1523 3566 1638 3605 panis.
1660 3564 1789 3597 Deinde
1806 3573 1886 3597 cum
1904 3565 2062 3598 sacerdos
2081 3565 2128 3599 ad
2146 3566 2208 3600 hoc
2226 3569 2268 3600 ut
2283 3575 2408 3609 panem
2425 3569 2464 3600 in

228 3607 352 3648 sne-ta
375 3615 564 3655 divideret,
584 3617 656 3648 iam
679 3621 822 3647 manum
845 3612 1068 3652 extendisset,
1092 3615 1187 3647 visus
1207 3616 1257 3646 est
1282 3617 1313 3647 ei
1340 3614 1502 3656 anqetus,
1524 3618 1585 3657 qui
1606 3624 1752 3657 superne
1780 3615 2020 3657 denotaverat,
2047 3619 2080 3650 et
2104 3617 2263 3660 cladium
2293 3621 2329 3652 in
2354 3625 2463 3652 manu

233 3661 397 3700 habebat.-
419 3671 480 3709 qui
503 3677 582 3701 cum
604 3669 817 3710 propositum
845 3665 1017 3706 infantem
1042 3666 1288 3707 sacrificasset,
1310 3667 1432 3700 deinde
1459 3670 1532 3701 eius
1554 3671 1756 3710 sanquinem
1776 3669 1985 3709 infundebat
2005 3673 2039 3703 in
2060 3664 2220 3713 calicem
2243 3674 2276 3704 et
2297 3671 2464 3713 quamdiu

232 3715 392 3748 sacerdos
411 3728 538 3758 panem
562 3723 599 3754 in
620 3729 738 3763 parva
761 3719 883 3760 frusta
903 3718 1112 3759 sranyebat,
1133 3719 1267 3752 tanidiu
1296 3728 1430 3762 quoque
1447 3723 1610 3762 poterant
1631 3721 1747 3754 videre
1773 3722 1935 3764 anyelum
1959 3726 2130 3757 secantem
2146 3727 2266 3766 partes
2293 3733 2338 3757 ea·
2360 3733 2464 3757 carne

230 3767 344 3805 pueri.
370 3769 455 3802 Cum
473 3774 591 3806 autem
611 3775 803 3807 accessisset
822 3775 866 3812 is,
887 3774 946 3813 qui
964 3771 1104 3804 errabat
1122 3780 1245 3813 senex,
1262 3774 1301 3805 ut
1321 3774 1407 3804 esset
1418 3775 1595 3815 particeps
1612 3774 1794 3815 sacrificii,
1812 3778 1927 3808 carnis
1945 3776 2096 3810 mundae
2114 3779 2147 3810 et
2167 3779 2330 3811 cruentae
2349 3780 2465 3819 aperte

226 3816 306 3855 sm!
326 3821 513 3862 particeps.
535 3827 610 3858 Hoc
633 3828 746 3859 visum
766 3825 810 3859 ab
832 3825 894 3858 illo
916 3833 1009 3863 sene,
1034 3832 1099 3856 non
1122 3832 1247 3857 sanum
1273 3826 1424 3858 correxit
1448 3825 1627 3859 iudicium.
