2970 4420
1241 252 1298 283 mi
1330 251 1512 284 means.
1531 248 1533 253 ·
1710 223 1716 232 “
2477 242 2507 286 5

258 347 349 386 est,
378 333 621 398 longisque
637 346 915 399 ,temporum
943 334 1206 383 intervallis
1230 349 1482 389 remotum,
1513 334 1605 382 etsi
1621 335 1771 396 fidem
1792 347 1991 400 propter
2020 337 2267 385 scribentis
2298 342 2510 387 auctori-

260 423 409 457 tatem
445 423 709 462 mereatur,
743 411 1022 475 desperatur
1062 425 1223 460 tamen
1256 430 1289 460 a
1326 413 1560 478 plerisque
1596 412 1808 460 studium
1849 413 2102 466 imitandi,
2143 427 2197 460 ut
2229 416 2313 478 qui
2340 430 2511 480 putent

261 486 358 534 illis
376 487 615 534 maiorum
642 492 912 535 nostrorum
939 490 1140 536 saeculis
1160 491 1310 537 multo
1335 490 1604 555 promptius
1627 489 1804 552 fuisse,
1835 505 1980 553 quam
2002 490 2175 537 nostris
2202 508 2310 537 cum
2340 494 2511 540 virtute

259 562 424 611 vivere.
464 565 597 619 Quae
621 580 727 611 vero
756 577 920 611 nostra
948 566 1178 614 memoria
1206 579 1327 613 recte
1347 567 1498 631 sacta
1525 566 1814 624 creduntur3
1843 567 1929 612 illa
1957 567 2107 627 multo
2133 567 2294 613 acrius
2317 569 2505 631 opinor,

250 639 446 704 piorum
478 653 654 687 mentes
684 642 753 687 ad
784 642 973 689 virtutis
1000 643 1140 690 decus
1172 644 1514 690 aemulandum
1549 644 1878 706 inflammant.
1918 644 2217 708 Quapropter
2249 644 2415 708 ingens
2438 662 2510 692 me

257 716 546 763 desiderium
580 717 738 765 animi
768 718 961 782 impulit
991 719 1059 766 ad
1086 735 1284 766 causam
1317 719 1443 766 hanc
1475 721 1570 768 sive
1603 733 1841 768 certamen
1872 720 2088 767 oratione
2110 721 2506 785 persequendum,

258 793 466 857 duceque
499 806 545 840 et
578 794 802 842 adiutore
823 797 923 842 Deo
956 796 1128 860 spiritu
1153 797 1390 848 veritatis,
1418 798 1756 845 ostendendum
1785 797 2122 848 nescientibus,
2150 797 2236 860 qui
2267 798 2339 844 vir
2364 800 2512 861 Igna-

258 869 355 917 tius
390 871 638 935 qualisque
661 883 706 918 et
729 861 936 936 quantus
957 873 1036 919 liic
1058 873 1280 924 antistes,
1310 885 1355 919 et
1378 875 1541 938 regiae
1555 887 1727 939 pastor
1759 873 1912 926 urbis,
1951 874 2001 919 in
2026 874 2152 921 vitae
2185 890 2302 920 suae
2327 874 2514 920 ratione

252 947 425 1008 suerit.
463 948 736 1012 Ignatium,
768 950 986 1013 inquam,
1016 967 1135 1002 esse,
1166 950 1252 1014 qui
1282 967 1395 998 aevo
1420 951 1611 1015 quidem
1641 951 1903 1016 posterior,
1931 963 1977 997 et
2000 963 2112 997 ante
2141 949 2265 997 banc
2299 964 2514 997 nostram

256 1025 611 1088 generationem
634 1027 839 1087 floruit,
859 1027 1107 1092 prioribus
1131 1039 1290 1091 tamen
1315 1027 1412 1075 illis
1437 1029 1716 1076 venerandis
1732 1028 2044 1094 pontificibus
2069 1027 2196 1075 nihil
2217 1029 2290 1076 vel
2309 1029 2366 1074 de
2382 1028 2508 1088 fide,

185 1116 189 1123 ·
256 1103 329 1149 vel
358 1103 650 1162 confessione
681 1105 924 1151 concessit.
962 1105 1084 1160 Quid
1119 1106 1178 1151 sit
1210 1094 1392 1168 γενεαὶ,
1427 1106 1501 1152 vel
1527 1115 1673 1161 aetas,
1701 1115 1809 1154 ante
1840 1121 1981 1169 quam
2008 1107 2174 1153 vixisse
2207 1106 2355 1152 fertur
2380 1108 2514 1168 Igna-

255 1181 373 1234 tius‚
400 1179 571 1227 docent
603 1181 907 1229 laudatissimi
931 1183 1105 1243 quique
1129 1182 1431 1244 grammatici.
1470 1183 1622 1237 Quare
1655 1183 1772 1230 nulli
1797 1183 1995 1230 dubium
2018 1183 2182 1238 fuerit,
2209 1182 2297 1229 sub
2325 1184 2417 1229 iam
2441 1182 2514 1228 di-

219 1287 224 1295 ·
256 1257 341 1303 ctis
375 1245 738 1318 imperatoribus
770 1259 978 1305 Nicetam
1009 1259 1135 1304 hunc
1168 1258 1396 1305 floruisse.
1479 1322 1482 1323 ⁷
1790 1295 1793 1298 .

383 1335 571 1396 Scripsit
604 1333 879 1386 historiam,
910 1343 959 1381 ut
995 1334 1213 1396 Scylitza‚
1243 1343 1380 1397 atque
1413 1335 1648 1382 Cedrenus
1682 1337 1897 1391 tradunt,
1923 1345 1967 1384 et
1990 1337 2279 1399 Nicephorus
2301 1336 2516 1383 Callistus

254 1408 363 1456 loco
386 1409 513 1456 dicto
527 1445 539 1465 ‚
560 1411 690 1473 quod
705 1412 841 1458 divus
858 1412 1061 1472 Cyrillus
1088 1427 1170 1474 per
1192 1412 1417 1459 visionem
1444 1412 1648 1459 divinam
1667 1428 1840 1460 nomen
1861 1414 2080 1461 Iohannis
2103 1415 2353 1475 susceperit
2368 1448 2380 1467 ‚
2403 1428 2516 1459 con-

254 1495 534 1549 ceptumque
557 1497 691 1534 antea
715 1489 914 1535 odium
902 1505 950 1534 m
967 1482 1374 1550 Chrysostomum,
1394 1489 1476 1535 Dei
1501 1491 1732 1551 genitricis
1756 1490 1945 1537 hortatu
1970 1490 2252 1553 deposuerit.
2285 1480 2370 1534 Ἔν
2396 1479 2514 1532 ἀπο-

254 1563 430 1638 κρύφῳ
458 1566 653 1640 ἱσΤορίᾳ
683 1565 834 1640 εὸρων
864 1565 1063 1624 Νικνῖτα
1093 1565 1388 1633 φιλοσόφου
1416 1567 1511 1621 τοῦ
1537 1590 1621 1622 και
1657 1567 1859 1633 Δαυιδ,
1889 1569 1972 1623 καὶ
2008 1568 2217 1632 σίλλων,
2244 1591 2326 1622 και
2359 1567 2514 1629 αὐτὸς

255 1639 363 1695 δεῖν
394 1640 586 1697 {vav’
567 1665 614 1697 εν
642 1643 706 1712 τῇ
729 1642 956 1716 παροόση
989 1645 1189 1738 ἱστορίᾳ
1219 1642 1459 1716 ἐντάξαι,
1489 1645 1555 1706 ὥς
1584 1642 1643 1698 ἀν
1671 1643 1742 1715 μή
1768 1668 1865 1701 τινι
1898 1644 2261 1717 ἅμφιβεὶλλειν
2288 1644 2514 1713 γένοιὛο,

251 1741 356 1779 πως
386 1718 434 1771 οἱ
464 1740 703 1772 τοσουτοι
734 1735 988 1794 φωστηρες
1019 1719 1082 1773 δι’
1115 1718 1317 1814 ἔχθρας
1347 1719 1612 1783 ἀλλήλοις
1643 1743 1804 1784 ιοντες
1833 1721 2112 1795 ἁγιωσύνης
2140 1745 2223 1776 και
2257 1721 2410 1794 α’μφω
2442 1723 2514 1782 εἷς

253 1791 406 1868 ἄκρον
434 1790 578 1858 ἧκον,
606 1819 687 1849 και
719 1819 808 1857 της
840 1797 1110 1859 ἐκκλησίας
1138 1795 1386 1869 θεμέλιοι
1421 1796 1802 1870 ἐχρημάτισαν,
1830 1797 2079 1870 μηδαμως
2107 1797 2163 1851 ‘rei
2193 1822 2279 1860 της
2312 1796 2515 1871 ἔχθρας

250 1870 397 1943 μέγα
427 1895 514 1928 την
542 1873 826 1943 κρατοῦσαν
855 1871 1018 1946 δόξαν
1048 1872 1386 1944 λυμήνασθαι
1418 1871 1736 1936 δυνηθείσης
1770 1885 1831 1930 In
1863 1898 2049 1929 arcana
2081 1882 2276 1927 Nicetae
2305 1881 2516 1945 pbiloso-

246 1956 357 2021 phi,
393 1958 479 2020 qui
511 1970 556 2004 et
590 1959 753 2006 David
781 1960 936 2006 dictus
968 1973 1060 2013 est,
1099 1960 1330 2012 historia,
1371 1973 1416 2007 et
1450 1962 1587 2025 apud
1620 1962 1743 2008 alios
1777 1962 1891 2007 item
1926 1976 2035 2006 cum
2071 1959 2353 2009 issnvenertm
2383 1960 2518 2022 operi

251 2033 364 2080 huic
396 2052 498 2104 meo
533 2035 832 2082 inserendum
866 2054 962 2083 esse
993 2055 1176 2101 quoque
1209 2037 1355 2089 duxi,
1394 2055 1453 2084 ne
1484 2039 1566 2085 cui
1597 2038 1824 2102 ambigue
1857 2038 1908 2083 in
1948 2048 2150 2083 mentem
2185 2035 2365 2085 veniat,
2401 2050 2517 2097 quo-

250 2111 391 2158 modo
422 2123 564 2158 tanta
597 2113 885 2165 luminaria,
921 2115 1206 2167 inimicitias
1233 2127 1428 2162 mutuas
1458 2115 1755 2167 exercentia,
1791 2114 1932 2161 ambo
1967 2114 2036 2160 ad
2066 2127 2303 2160 summam
2337 2111 2517 2158 sancti-

251 2200 401 2235 tatem
419 2191 743 2252 pervenerint,
772 2203 818 2236 et
845 2191 1068 2238 ecclesiae
1083 2192 1410 2254 fundamenta
1435 2193 1708 2244 extiterint,
1742 2191 2011 2238 inimicitiis
2032 2189 2308 2236 huiusmodi
2327 2189 2513 2235 nullum

210 2293 215 2294 ν
252 2265 444 2312 illorum
473 2266 660 2330 gloriae
693 2264 1029 2331 detrimentum
1067 2269 1392 2332 afferentibus.

387 2342 544 2388 Vitam
583 2333 739 2390 sancti
775 2346 988 2409 Ignatii,
1025 2347 1262 2393 Michaelis
1297 2347 1437 2395 trauli
1469 2346 1664 2410 (balbi)
1698 2347 1994 2410 imperatoris
2025 2342 2514 2406 constantinopolitani
2556 2386 2561 2388 ,

246 2425 302 2470 F.
333 2434 379 2479 et
405 2425 696 2487 patriarchae
719 2424 1234 2486 constantinopolitani,
1262 2439 1359 2486 quo
1393 2433 1554 2471 exacto
1585 2425 1779 2471 Photius
1813 2439 1870 2471 ex
1904 2432 2115 2485 senatore
2149 2431 2195 2468 et
2220 2422 2338 2468 laico
2368 2421 2514 2466 factus

251 2511 320 2548 est
352 2502 628 2564 patriarcha.
665 2503 778 2547 Eam
810 2504 857 2548 in
884 2501 1078 2548 latinum
1115 2517 1140 2548 a
1165 2517 1212 2548 se
1237 2517 1419 2548 versam
1442 2502 1588 2548 edidit
1612 2518 1773 2564 graece
1796 2511 1842 2548 et
1866 2503 2006 2548 latine
2032 2501 2286 2548 Matthaeus
2308 2499 2514 2545 Raderus

253 2587 359 2623 ante
391 2579 640 2625 concilium
668 2587 884 2629 octayum
915 2578 1153 2640 generale,
1181 2580 1230 2624 in
1257 2580 1304 2625 4.
1335 2579 1623 2641 Ingolstadii.
1662 2579 1964 2625 Postmodum
1986 2579 2034 2623 in
2057 2593 2179 2623 nova
2208 2576 2513 2622 conciliorum

253 2655 573 2715 generalium,
610 2663 662 2708 et*
691 2655 1042 2717 particularium
1080 2656 1284 2702 editione
1323 2658 1529 2710 Romae,
1566 2656 1818 2708 Coloniae,
1855 2663 1898 2701 et
1938 2655 2120 2701 Parisiis
2154 2652 2388 2715 publicata
2424 2659 2507 2696 est.

252 2731 365 2776 Eam
389 2738 594 2792 'quoque
633 2746 660 2776 e
698 2746 864 2792 graeco
903 2732 1096 2778 vertisse
1130 2732 1404 2778 Federicum
1445 2733 1635 2779 Metium
1671 2732 1829 2778 scribit
1868 2733 2141 2778 Possevinus
2182 2732 2230 2775 in
2266 2735 2507 2791 apparatu.

251 2808 439 2868 Legitur
472 2808 610 2853 etiam
643 2823 768 2853 nunc
800 2810 1113 2870 manuscripta
1144 2809 1192 2854 in
1228 2807 1512 2856 bibliotheca
1536 2810 1746 2856 vaticana
1782 2809 1888 2855 cod.
1923 2809 2069 2862 1452,
2098 2807 2280 2868 collegii
2315 2807 2512 2850 Graeco-

254 2899 385 2939 rum,
413 2885 541 2946 regia
574 2885 718 2930 sancti
749 2885 1009 2937 Laurentii,
1035 2893 1082 2930 et
1115 2883 1244 2930 alibi.

311 2963 327 3003 ⁹.
384 2960 637 3006 Orationes
671 2960 835 3006 varias
872 2960 922 3005 in
957 2938 1123 3006 laudes
1155 2971 1446 3006 sanctorum.
1485 2963 1608 3016 Quas
1640 2962 1740 3023 ipse
1771 2961 1862 3023 legi
1891 2969 2015 3006 sunt.

387 3039 430 3083 1.
472 3038 530 3082 In
563 3048 782 3083 sanctum
808 3035 1073 3083 Iohannem
1106 3036 1466 3100 evangelistam
1505 3031 1560 3079 P.
1589 3027 1654 3079 ‘O
1682 3027 1768 3081 τὸν
1796 3026 1964 3099 μέγαν
1993 3049 2082 3087 της
2114 3025 2326 3097 βροντης
2355 3021 2505 3095 γόνον

253 3102 651 3177 προτρεπόμενος
688 3104 918 3159 ἐπαινεῖν.
956 3113 1051 3160 Sub
1085 3115 1268 3161 Nicetae
1301 3113 1502 3160 rhetoris
1535 3121 1582 3160 et
1615 3116 1757 3161 sancti
1781 3116 1869 3160 viri
1901 3122 2111 3160 servatur
2143 3113 2191 3158 in
2226 3110 2510 3158 bibliotheca

253 3188 521 3237 barberina.

320 3283 324 3288 ·
383 3270 430 3313 2.
468 3269 529 3313 In
559 3280 748 3315 sanctos
782 3280 1019 3332 martyres
1048 3270 1272 3331 Cerycum
1308 3267 1432 3329 (sic)
1467 3279 1512 3313 et
1537 3267 1777 3314 lulittam.
1815 3261 1869 3309 P.
1896 3253 2089 3329 ‘'sto-nep
2129 3255 2219 3309 οὐκ
2257 3253 2363 3309 ἔστι
2402 3277 2509 3308 συν-

258 3331 497 3405 εχόμενον
530 3335 604 3408 τῷ
636 3341 788 3410 κυρίῳ
827 3334 1076 3390 ἷουὸαιον.

384 3422 431 3468 3.
469 3423 531 3467 In
561 3434 780 3469 sanctum
812 3423 1244 3469 Pantaleemonem.
1282 3415 1337 3463 P.
1370 3410 1676 3482 ΘαυμασἾός
1705 3433 1730 3464 ο
1765 3407 1925 3472 θεος’
1906 3430 1957 3465 εν
1981 3409 2092 3471 τοῖς
2121 3409 2284 3472 οἱΓιόις
2316 3407 2479 3463 αὐτου
2496 3449 2507 3468 ,

259 3486 408 3552 Φησιν
444 3487 469 3541 ὁ
505 3486 695 3563 μέγας.

277 3583 280 3586 ’
386 3575 433 3620 4.
471 3576 532 3620 In
559 3587 779 3622 sanctum
810 3574 1234 3622 Bartholomaeum
1268 3574 1553 3638 apostolum.
1591 3568 1645 3616 Ρ.
1678 3562 1878 3636 Θερμός
1915 3563 1941 3616 ὁ
1974 3561 2171 3626 πόθος,
2194 3563 2321 3618 ἀλλ”
2355 3559 2508 3635 ἁδρα-

257 3663 337 3701 νης
373 3640 397 3694 ὁ
434 3641 578 3704 νὀὖς,
615 3640 739 3714 ζέων
815 3642 826 3662 ’
868 3640 1004 3715 ἔρως.

385 3727 432 3774 5.
468 3729 530 3773 In
561 3739 782 3774 sanctum
812 3730 1028 3775 Marcum
1064 3725 1426 3791 evangelistam.
1464 3721 1519 3770 P.
1544 3713 1751 3790 ‘'stowep
1786 3716 1888 3788 οὐχ
1919 3740 2093 3790 ομοιαι
2125 3739 2222 3774 των
2261 3713 2506 3786 σωμάτων

255 3790 449 3850 πάντων
484 3795 539 3847 αἱ
575 3799 787 3867 μορφαί.
