2970 4420
1179 253 1236 286 nn
1268 252 1530 286 rmzonoius.
2422 242 2484 288 97

229 357 316 406 pos
339 354 589 389 excurrens
613 346 814 401 nugatur
841 348 888 386 et
911 338 1056 387 ludit:
1086 341 1217 402 quasi
1247 356 1302 387 ex
1326 340 1582 403 improviso
1604 336 1802 391 diceret,
1828 353 1910 385 sua
1939 340 2152 386 enunciat
2173 340 2485 409 homoeopto-

228 421 314 473 tis,
339 425 385 464 et
419 417 832 470 homoeoteleutis,
861 426 908 463 et
941 417 1160 465 omnibus
1195 418 1318 472 aliis,
1344 417 1516 480 quibus
1540 416 1725 463 dicendi
1749 431 1895 478 genus
1927 418 2279 478 panegyricum,
2306 420 2488 466 Graecis

227 494 480 542 admodum
518 493 744 540 familiare
775 495 823 539 in
859 493 1000 541 rebus
1028 495 1320 547 huiusmodi,
1349 502 1507 541 scatet.
1546 493 1740 547 Confer,
1770 493 1939 545 lector,
1965 507 2106 539 unam
2135 494 2350 555 paginam
2383 511 2488 557 gre-

227 571 405 633 goriani
430 570 855 632 prosphonematici
891 587 997 617 cum
1024 571 1185 624 dictis,
1213 579 1258 617 et
1284 571 1422 633 plane
1451 570 1699 616 discrimen
1727 584 1972 631 agnosces,
2002 570 2050 614 ni
2081 583 2242 615 caecus
2275 585 2371 616 esse
2406 587 2488 618 vo-

226 647 386 694 lueris.
426 649 480 693 Et
515 662 624 694 sane
660 647 1019 709 prosphonetica
1050 648 1131 694 illa
1166 647 1224 704 ad
1256 635 1504 709 Origenem
1539 647 1688 700 dicta,
1717 661 1824 692 cum
1853 653 2116 691 versaretur
2146 646 2194 690 in
2226 646 2489 693 laudatorio

227 735 419 786 genere,
454 723 652 769 floribus
690 723 958 770 huiusmodi
991 724 1194 786 inspergi
1229 723 1511 785 quandoque
1541 722 1790 775 debuerat;
1824 721 1883 768 ad
1916 722 2164 783 Origenem
2199 723 2490 784 potissimum

225 799 408 852 habita,
438 801 592 861 quiin
617 799 846 846 similibus
881 807 1115 852 versatus,
1148 815 1173 845 a
1209 798 1406 853 talibus,
1441 815 1546 845 cum
1581 814 1631 846 se
1663 799 1853 846 offerret
1885 799 2088 851 occasio,
2121 813 2218 844 non
2251 797 2487 846 abstinuit.

227 877 317 924 Sed
348 878 523 939 respuit
550 877 665 924 haec
691 893 904 924 severum
933 877 1261 938 Thaumaturgi
1290 877 1554 938 ingenium,
1586 885 1634 922 et
1654 876 1805 923 voluit
1826 875 1972 937 magis
1997 890 2118 928 esse,
2144 890 2286 936 quam
2316 875 2488 928 videri.

226 955 412 1000 virtutis
444 962 491 999 et
520 954 826 1016 simplicitatis
862 963 1058 1000 amator.
1097 953 1242 1014 ldque
1271 952 1389 1000 adeo
1424 968 1589 999 verum
1618 961 1711 1005 est,
1743 960 1795 999 ut
1825 952 2092 999 Vincentius
2122 952 2393 1005 Riccardus,
2421 954 2493 999 vir

150 1062 154 1069 -
225 1030 368 1078 rebus
391 1031 463 1078 his
496 1032 814 1096 examinandis
849 1032 1060 1078 assiduus
1082 1039 1127 1076 et
1154 1031 1418 1092 perspicax,
1445 1031 1493 1076 in
1519 1031 1853 1077 commentario
1881 1029 1939 1075 ad
1965 1037 2138 1075 sextam
2171 1030 2314 1075 sancti
2342 1031 2493 1076 Procli

227 1110 516 1163 orationem,
545 1110 863 1156 testimonium
887 1124 942 1154 ex
965 1107 1190 1160 secunda,
1217 1122 1337 1168 quae
1356 1107 1544 1169 incipit:
1585 1097 1752 1171 ἑορΤάς
1776 1094 2095 1168 μὲνχὰποίσας
2120 1092 2208 1149 καὶ
2239 1093 2492 1170 ὑμνῳδίαις

228 1185 493 1238 adducens,
533 1186 805 1232 asseruerit:
843 1183 1060 1248 quamvis
1094 1199 1391 1247 summopere
1428 1183 1624 1246 ambigo
1661 1195 1706 1229 et
1740 1182 1937 1234 haereo,
1977 1198 2042 1228 an
2080 1198 2241 1229 revera
2277 1184 2496 1246 Gregorii

227 1261 570 1325 thaumaturgi
600 1262 663 1308 sit
698 1262 786 1308 illa
823 1261 998 1308 oratio.
1037 1260 1198 1306 Dictio
1230 1259 1355 1305 enim
1389 1259 1495 1322 ipsa
1524 1260 1710 1307 videtur
1727 1259 1891 1324 potius
1920 1259 2078 1306 saneti
2101 1259 2282 1311 Procli,
2312 1272 2359 1306 et
2390 1278 2495 1307 sen-

228 1338 407 1384 tentiae
434 1338 483 1384 in
511 1354 570 1384 ea
593 1339 837 1402 plurimae
863 1338 1049 1388 insunt,
1079 1346 1203 1399 quae
1226 1336 1461 1399 conceptis
1485 1336 1635 1383 verbis
1658 1349 1767 1385 sunt
1796 1336 1845 1382 in
1877 1336 2094 1382 oratione
2116 1336 2282 1400 prima
2310 1338 2490 1390 Procli,

227 1426 272 1461 et
308 1400 560 1461 innumera
596 1415 725 1467 alia,
761 1432 884 1477 quae
921 1415 971 1459 in
1005 1413 1118 1459 aliis
1153 1413 1314 1459 Procli
1345 1413 1644 1459 orationibus
1678 1414 2009 1476 offenduntur;
2043 1425 2087 1458 et
2110 1413 2344 1476 frequens
2376 1415 2495 1461 adeo

231 1492 424 1538 iteratio
465 1491 589 1539 vocis
623 1481 906 1543 θεοτόκου,
941 1489 1129 1536 videtur
1165 1490 1438 1536 Nestorium
1483 1490 1722 1554 impetere.
1760 1493 1815 1537 Et
1855 1488 2006 1538 infra:
2048 1490 2267 1536 imitatus
2302 1504 2497 1539 sanctus

228 1571 426 1616 Proclus
449 1580 669 1616 sanctum
699 1569 982 1633 Gregorium
1005 1568 1410 1632 thaumaturgum
1437 1569 1486 1614 in
1511 1570 1727 1615 oratione
1752 1570 1959 1615 secunda
1994 1570 2051 1615 de
2084 1571 2490 1623 Annunciatione‚

229 1646 275 1692 si
305 1646 445 1693 modo
477 1646 580 1692 eius
609 1658 679 1692 est
713 1646 800 1692 illa
830 1646 1004 1693 oratio.
1041 1648 1137 1693 Nos
1170 1648 1219 1692 in
1253 1647 1449 1709 epistola
1485 1647 1544 1692 ad
1578 1647 1823 1693 Nihusium
1857 1647 1917 1693 de
1944 1647 2131 1709 liturgia
2166 1650 2308 1694 sancti
2341 1648 2497 1695 Iacobi

231 1723 456 1786 apostoli,
483 1723 544 1770 de
567 1724 695 1769 vocis
726 1710 956 1767 θεοἻόκου
992 1739 1080 1770 usu
1105 1725 1243 1772 etiam
1270 1731 1375 1770 ante
1398 1725 1664 1770 Nestorium
1681 1759 1692 1775 ‚
1722 1725 1949 1770 nonnulla
1974 1725 2226 1771 attulimus.
2257 1726 2496 1788 Quidquid

233 1808 387 1847 tamen
420 1802 504 1854 sit,
533 1801 716 1846 tertiam
741 1816 863 1846 unus
890 1808 1070 1854 tantum
1100 1800 1247 1857 codex
1270 1816 1358 1847 ms.
1386 1800 1495 1847 licet
1521 1802 1866 1862 antiquissimus
1890 1802 2235 1863 Thaumaturgo
2258 1802 2491 1857 attribuit,

231 1887 278 1925 at
299 1877 633 1939 Chrysostomo
665 1885 850 1924 centum
866 1912 877 1931 ,
904 1893 991 1923 nec
1017 1877 1170 1923 minus
1195 1878 1396 1940 antiqui;
1421 1878 1624 1939 ideoque
1658 1877 1746 1924 sub
1772 1876 2089 1939 Chrysostomi
2113 1881 2302 1926 nomine
2324 1890 2370 1927 et
2399 1883 2496 1928 Au-

230 1963 390 2016 gustae
416 1953 477 2000 ab
500 1954 778 2001 Hoeschelio
804 1969 989 2015 graece,
1017 1962 1062 2001 et
1088 1953 1147 2000 ab
1174 1955 1277 2000 aliis
1305 1955 1429 2001 edita
1453 1963 1540 2001 est.
1563 1956 1637 2001 De
1659 1955 1955 2001 sermonibus
1979 1956 2024 2001 in
2051 1957 2493 2012 Annunciationem,

231 2020 283 2078 et*
311 2031 659 2093 Theophaniam
693 2031 999 2082 dominicam,
1028 2039 1079 2077 ut
1112 2032 1252 2078 etiam
1284 2031 1344 2077 de
1378 2030 1546 2078 libello
1579 2032 1639 2078 de
1663 2033 1818 2078 anima
1851 2032 1910 2078 ad
1942 2033 2208 2086 Tatianum,
2237 2035 2350 2080 nihil
2385 2037 2497 2082 certi

231 2125 281 2156 se
303 2108 479 2156 hahere
502 2107 663 2155 scribit
684 2109 1018 2155 Bellarminus:
1047 2097 1157 2155 cum>
1179 2124 1270 2154 nec·
1289 2119 1460 2156 veteres
1479 2107 1654 2177 ‚horum
1678 2125 1874 2173 operum
1897 2109 2223 2163 meminerint,·
2248 2128 2395 2174 neque
2419 2125 2496 2159 ta-

230 2202 338 2232 men
370 2185 586 2232 convinci
611 2185 786 2249 possit,
814 2202 892 2232 eos
924 2201 1020 2232 esse
1051 2185 1400 2249 supposititios:
1427 2194 1473 2232 et
1507 2186 1598 2233 hoc
1623 2202 1712 2248 pro
1736 2187 1809 2232 his
1840 2186 2017 2241 tribus,
2045 2188 2119 2234 vel
2154 2196 2356 2249 quatuor
2389 2205 2496 2235 ora-

231 2262 465 2317 tionibus,
503 2263 809 2310 coniectando
845 2264 1002 2325 potius
1039 2278 1180 2324 quam
1213 2263 1528 2310 decernendo.
1567 2266 1778 2325 Namque
1814 2280 1911 2311 non
1953 2263 2126 2311 absone
2162 2266 2491 2328 quisdixerit;

231 2348 557 2402 argumentum
583 2356 640 2386 ex
671 2339 959 2393 charactere,
986 2348 1032 2385 et
1065 2339 1566 2401 dictionum-formulis
1597 2341 1922 2405 desumptum,
1951 2341 2053 2388 leve
2085 2342 2342 2389 admodum
2368 2359 2490 2389 esse:

232 2414 554 2463 affectionibus
587 2417 769 2480 saepius
803 2417 942 2463 animi
977 2415 1205 2462 calamum
1243 2418 1315 2478 agi
1350 2417 1568 2478 regique:
1602 2425 1749 2464 aetate
1784 2419 1922 2464 etiam
1957 2419 2210 2465 immutari.
2248 2421 2367 2466 Hinc
2400 2435 2496 2467 non

232 2508 331 2539 csse
363 2509 548 2540 necesse
583 2495 740 2540 omnia
771 2494 1102 2556 Thaumaturgi
1133 2495 1303 2557 scripta
1339 2495 1507 2541 eodem
1541 2510 1722 2557 semper
1758 2503 1896 2557 atque
1930 2511 2026 2543 uno
2060 2505 2222 2543 tenore
2252 2499 2427 2559 peragi.

362 2569 452 2616 Sed
477 2570 694 2616 Andreae
719 2572 864 2617 Riveti
891 2570 954 2633 (1)
979 2572 1027 2622 in
1062 2572 1207 2617 critici
1232 2572 1348 2617 sacri
1380 2570 1504 2617 libro
1529 2573 1590 2617 11.
1618 2587 1719 2634 cap.
1752 2574 1826 2619 16.
1859 2573 1919 2618 de
1954 2572 2024 2619 his
2060 2574 2351 2620 orationibus
2374 2575 2496 2621 dicta

232 2645 594 2693 consideremus.
626 2646 752 2693 Guil.
782 2647 1058 2702 Perkinsius
1077 2647 1294 2694 meminit
1318 2646 1629 2694 homiliarum
1652 2649 1709 2694 de
1727 2650 2111 2696 Annunciatione
2132 2659 2220 2697 etc.
2246 2650 2358 2697 huic
2382 2653 2495 2697 Gre-

231 2723 370 2788 gorio
393 2722 773 2786 adscripturum,
803 2740 924 2786 quas
947 2724 1102 2781 videre
1123 2724 1247 2770 mihi
1265 2742 1359 2771 non
1381 2725 1651 2789 contigerat
1674 2738 1774 2772 tum
1798 2744 1906 2773 cum
1924 2727 2137 2791 primum
2159 2727 2276 2774 haec
2298 2728 2491 2791 scripsi,-

234 2817 382 2864 neque
415 2815 501 2846 eae
535 2815 568 2868 ᾳ
601 2800 850 2847 Possevino
875 2800 926 2846 in
957 2812 1228 2864 apparatu,
1264 2813 1352 2847 aut
1384 2817 1417 2847 a
1445 2802 1585 2848 Sixto
1611 2815 1954 2850 memorantur.
1990 2806 2111 2851 Ante
2134 2820 2275 2867 quam
2310 2820 2494 2851 causam

231 2878 503 2941 perspiciat,
530 2879 804 2924 sententiam
828 2877 934 2924 fert.
970 2879 1081 2924 Esto
1105 2894 1201 2925 non
1226 2879 1344 2924 vidit
1367 2879 1578 2931 Rivetus,
1609 2895 1716 2926 cum
1741 2880 1978 2927 scriberet.
2012 2882 2134 2936 Quid
2161 2897 2274 2943 ergo
2294 2882 2402 2928 inde
2425 2898 2493 2929 se-

231 2955 424 3018 quitur‘x‘
452 2955 535 3001 Vel
565 2955 754 3001 Rivetus
782 2955 1055 3001 temerarius
1088 2963 1180 3007 est,
1216 2955 1287 3001 ve'l
1325 2970 1491 3017 parum
1526 2956 1740 3018 diligens.
1777 2959 1844 3004 De
1874 2959 2081 3019 Gregorii
2115 2960 2296 3020 scriptis
2328 2974 2489 3020 agens,

230 3040 286 3079 ut
311 3047 421 3079 vera
447 3032 739 3085 enunciaret,
766 3031 933 3078 sedulo
952 3031 1234 3093 inquirenda
1257 3041 1390 3078 erant
1412 3033 1556 3094 ipsius
1581 3034 1790 3095 Gregorii
1814 3035 1979 3096 scripta
1994 3069 2006 3088 ,
2034 3034 2309 3081 consulendi
2331 3037 2488 3100 amici,

231 3108 409 3155 indices
441 3108 714 3162 evolvendi,
744 3108 956 3155 auctores
987 3110 1074 3171 ipsi
1108 3103 1439 3171 conquirendi;
1466 3119 1517 3155 ut
1549 3109 1786 3171 diligentia
1819 3126 1915 3157 non
1945 3111 2084 3164 desit,
2113 3127 2198 3158 nec
2227 3120 2401 3158 temere
2434 3113 2493 3159 de

230 3186 309 3238 iis,
327 3200 448 3247 quae
471 3200 568 3232 non
585 3185 811 3239 vidimus,
840 3187 1218 3248 pronunciemus.
1246 3187 1407 3248 Neque
1430 3202 1463 3231 α
1486 3186 1734 3233 Possevino
1759 3186 1810 3232 in
1831 3199 2096 3250 apparatu,
2125 3205 2273 3251 neque
2296 3183 2328 3235 a
2351 3189 2493 3236 Sixto

232 3273 577 3308 memorantur.
616 3263 786 3308 Demus
818 3264 1009 3317 Riveto,
1043 3278 1137 3310 non
1171 3264 1543 3309 commemorari.
1580 3265 1705 3325 Ergo
1737 3279 1831 3310 non
1862 3271 1986 3311 sunt.
2023 3265 2199 3311 Stolida
2231 3267 2316 3326 ista
2354 3282 2492 3329 argu-

232 3340 456 3385 mentatio
494 3347 580 3384 est.
618 3340 756 3394 Quasi
792 3355 907 3387 vero
940 3355 1059 3402 quae
1098 3355 1195 3387 non
1229 3341 1695 3387 commemoraverint
1729 3342 1898 3403 scripta
1929 3342 2202 3389 Possevinus
2234 3351 2279 3391 et
2312 3345 2488 3398 Sixtus,

233 3429 463 3478 nusquam
496 3415 743 3470 'alibi,-aut
776 3417 905 3463 nulla
938 3418 1046 3464 sint.
1083 3417 1179 3463 Sed
1199 3429 1368 3480 postea
1401 3417 1560 3463 editae
1586 3417 1790 3479 suerunt
1825 3434 1996 3481 graece
2027 3431 2071 3465 et
2103 3420 2252 3466 latine
2285 3421 2493 3468 Parisiis

234 3508 342 3538 cum
366 3491 492 3538 notis
524 3492 674 3539 Vossii
695 3493 990 3558 tungrensis,
1018 3494 1104 3556 qui
1129 3510 1304 3540 merces
1334 3494 1446 3540 illas
1478 3506 1713 3557 quantum
1728 3507 1883 3558 potest
1906 3497 2221 3544 commendat.
2258 3499 2382 3545 Bene
2404 3508 2487 3546 est.

233 3569 357 3630 Ergo
380 3577 488 3616 sunt
512 3569 600 3616 alia
626 3570 814 3618 tandem
839 3573 1009 3633 scripta
1037 3579 1222 3634 patrum
1247 3587 1342 3618 non
1369 3580 1731 3618 commemorata
1765 3588 1790 3618 a
1823 3574 2072 3620 Possevino
2097 3584 2142 3621 et
2167 3576 2317 3628 Sixto,
2347 3592 2492 3638 quan-

235 3643 300 3690 do
337 3645 428 3698 iam
465 3646 796 3708 parisiensibus
833 3647 1116 3712 editionibus
1151 3648 1455 3695 adornantur.
1492 3650 1586 3695 Nec
1625 3649 1834 3696 exhausti
1871 3659 1979 3697 sunt
2018 3667 2173 3699 sacrae
2211 3654 2490 3714 antiquitatis

321 3755 370 3797 (1)
394 3753 580 3793 Andream
611 3757 809 3804 Enetum,
841 3764 968 3796 contra
1000 3768 1110 3805 quem
1142 3757 1206 3794 diu
1242 3763 1473 3805 pugnaturus
1504 3763 1561 3797 est
1595 3759 1780 3806 Allatius,
1808 3760 1957 3799 doctum
1992 3761 2203 3808 hominem,
2230 3762 2294 3801 sed
2328 3761 2489 3811 rigidum

236 3811 481 3861 acerbumque
504 3815 644 3853 calvini
670 3816 881 3863 adseclam,
906 3817 1021 3855 fuisse
1045 3818 1197 3855 scimus.
1226 3820 1269 3853 A.
1296 3819 1348 3854 Μ.

2212 3896 2257 3928 13
