2970 4420
462 296 506 327 vi
868 290 870 301 ²
1404 298 1554 328 rsoms
1590 298 1764 327 ΑιιΑΤιι

458 384 705 425 germanum
736 371 824 415 eius
854 372 1041 415 familiae
1076 374 1313 416 Bistarehae
1341 385 1495 415 nomen
1525 377 1608 424 est,
1639 375 1846 426 vetusque
1877 374 1919 413 et
1948 372 2106 429 inclyta
2139 374 2183 416 in
2214 374 2387 429 civitate
2413 375 2610 418 nobilitas
2643 378 2714 429 (1).

456 445 543 485 Nec
577 444 687 485 enim
727 443 926 486 inusitata
964 448 1026 486 cst
1065 444 1179 499 apud
1218 444 1344 486 Chios
1381 442 1620 485 huiusmodi
1657 442 1959 495 cognominum
1991 443 2167 486 fortuita
2207 446 2410 498 mutati03
2443 458 2529 501 quo
2563 447 2632 499 fit,
2666 452 2715 489 ut

456 525 609 568 magna
643 513 740 556 inde
784 514 958 568 originis
997 514 1179 567 civium,
1217 526 1370 567 magna
1406 513 1669 567 antiquitatis
1702 513 1913 566 ignoratio
1949 513 2004 556 sit
2041 520 2320 570 consequuta.
2361 517 2486 558 Matri
2520 517 2713 559 Sebastae

455 598 612 627 nomen
644 573 725 627 fuit
759 598 781 627 e
807 590 933 639 gente
958 585 1264 637 Neuridarum,
1298 596 1484 625 summae
1514 584 1615 624 item
1645 582 1876 625 nobilitatis
1908 586 2232 640 vetustatisque;
2265 587 2423 641 quippe
2451 588 2574 629 etiam
2604 589 2711 642 Hip—

453 659 668 710 pocratem
702 655 819 697 illum
851 657 986 698 Coum
1018 656 1119 697 artis
1149 654 1378 697 medicinae
1405 653 1668 708 principem,
1694 653 1918 695 Neuridam
1949 659 2146 697 vocatum
2179 661 2327 699 auctor
2350 662 2413 699 est
2441 659 2604 700 Tzetzes
2635 659 2703 711 (2).

451 727 648 768 Vicinitas
678 730 816 768 autem
843 727 1067 778 Chiorum,
1091 727 1361 778 Coorumque
1379 758 1389 778 ,
1419 728 1460 765 et
1491 723 1638 765 eadem
1667 736 1689 765 a
1721 724 1898 766 coloniis
1927 715 2079 767 Ionum
2110 725 2286 769 demissa
2316 739 2538 782 propago,
2564 732 2707 769 vetus-

453 810 538 852 que
570 801 611 839 et
641 810 872 851 numquam
897 797 1131 838 intermissa
1159 796 1340 838 duorum
1369 794 1630 849 populorum
1654 796 1854 846 societas,
1883 807 1968 836 non
1998 796 2172 838 alienam
2201 799 2482 841 coniecturam
2507 798 2708 853 praebent

451 868 690 910 referendae
718 867 771 909 ad
802 867 977 909 eandem
1008 869 1181 921 stirpem
1210 866 1400 919 originis·
1435 865 1610 907 Accedit
1641 866 1758 920 quod
1788 866 1907 919 Chii,
1933 866 2098 909 diverso
2124 880 2300 923 prorsus
2324 882 2349 911 a
2368 870 2517 911 ceteris
2538 870 2707 912 Graecis

451 939 515 980 usi
540 939 625 980 fato
640 970 651 988 ‚
676 939 819 981 intacti
844 951 1011 980 evasere
1041 951 1064 980 a
1088 937 1276 980 cladibus
1304 936 1570 990 Gothorum,
1599 935 1950 992 Scl'avorumque,
1976 951 2025 979 ac
2049 939 2378 994 Saracenorum,
2403 940 2558 995 quibus
2585 953 2706 982 ever-

450 1021 543 1052 sum
565 1022 700 1064 prope
723 1011 962 1052 universum
994 1010 1249 1051 Graecorum
1272 1012 1334 1049 est
1362 1016 1540 1050 nomen:
1567 1015 1597 1050 a
1616 1008 1761 1050 Turcis
1788 1021 1889 1050 vero
1923 1007 2139 1065 (quorum
2166 1010 2313 1064 iugum
2333 1003 2431 1052 non'
2447 1001 2490 1053 vi
2513 1003 2719 1064 subacti,¹

448 1080 522 1122 sed
547 1079 654 1122 ›dolo
679 1081 952 1122 circumventi
982 1081 1190 1134 patienter
1220 1081 1446 1133 accepere)
1480 1078 1927 1132 clementissdmodum
1951 1083 1993 1120 et
2023 1078 2109 1120 leni
2138 1091 2304 1134 semper
2331 1081 2508 1135 imperio
2542 1081 2701 1123 haben-

448 1154 539 1204 tur,
563 1156 611 1193 ut
642 1151 803 1216 civibus
832 1151 946 1192 nulla
975 1150 1131 1192 vexatis
1161 1150 1336 1202 iniuria,
1362 1149 1567 1204 nulloque
1591 1151 1787 1204 graviore
1807 1149 1969 1192 tributo
1997 1151 2179 1205 pressis,
2201 1152 2332 1193 avitas
2354 1152 2534 1194 retinere
2559 1151 2700 1206 sedes,

446 1218 722 1277 sobolemque
755 1234 1017 1276 propagare,
1056 1225 1096 1262 et
1124 1221 1299 1276 antiqua
1327 1222 1440 1263 tueri
1469 1222 1640 1263 nomina
1669 1234 1845 1276 prorsus
1875 1222 2022 1273 liceat,
2044 1226 2085 1263 et
2118 1221 2300 1268 liberum
2324 1222 2595 1277 solutumque
2629 1225 2697 1265 sit.

445 1293 559 1334 Haec
587 1297 724 1334 tamen
760 1297 1005 1346 argumenta
1036 1304 1164 1346 quam
1198 1291 1339 1345 gravis
1370 1291 1455 1334 sint
1485 1293 1689 1334 momenti
1718 1293 1764 1334 in
1793 1297 1912 1334 tanta
1937 1293 2200 1348 antiquitatis
2229 1295 2432 1349 caligine,
2455 1295 2702 1337 indubitan-

443 1367 508 1404 ter
538 1364 745 1405 affirmarc
775 1377 858 1405 non
889 1363 1039 1405 ausim.
1073 1364 1225 1418 Itaque
1255 1367 1393 1405 tantae
1420 1364 1704 1418 persuasionis
1731 1364 1893 1405 veniam
1918 1365 2062 1406 virtuti
2093 1364 2382 1420 doctrinisque
2403 1366 2546 1408 Allatii
2570 1379 2593 1408 a
2619 1378 2702 1421 po·
2760 1361 2763 1364 ’

442 1435 561 1475 steris
595 1434 901 1488 impetrandam
932 1433 1144 1489 relinquo.
1181 1434 1376 1476 Ceterum
1406 1446 1492 1476 non
1529 1433 1682 1475 desunt
1714 1438 1879 1476 vetusta
1915 1435 2017 1476 item
2048 1440 2345 1490 monumenta,
2379 1435 2454 1478 scd
2490 1437 2701 1480 vicinioris

440 1505 592 1546 nostris
621 1504 886 1559 temporibus
918 1506 1036 1558 aevi,
1072 1517 1180 1560 quae
1210 1506 1431 1559 utriusque
1460 1505 1603 1560 stirpis
1633 1505 1923 1547 claritudinem
1949 1506 2111 1560 prolixe
2144 1511 2371 1560 testantur,
2406 1511 2448 1549 et
2473 1508 2699 1562 praecipue

441 1575 584 1629 (quod
610 1587 807 1629 magnum
833 1589 920 1618 non
947 1576 1078 1618 modo
1105 1576 1361 1630 nobilitatis,
1388 1588 1536 1618 verum
1565 1576 1691 1618 etiam
1722 1577 1886 1631 pietatis
1915 1582 2209 1631 argumentum
2236 1582 2320 1630 est)
2346 1577 2522 1620 fundata
2547 1591 2695 1621 eorum

435 1645 710 1699 liberalitate,
745 1659 897 1701 magna
928 1660 977 1689 ex
1009 1652 1156 1703 parte,
1190 1648 1387 1701 religiosa
1427 1647 1735 1689 monachorum
1771 1647 1949 1700 domus,
1982 1649 2051 1690 cui
2084 1635 2154 1685 νέα
2187 1635 2282 1699 μον-ὸ
2312 1648 2568 1704 vocabulum
2605 1655 2697 1702 est,

436 1717 606 1771 ingenio
638 1719 748 1772 loci,
783 1724 824 1761 et
851 1719 1006 1761 edificii
1035 1709 1347 1773 elegantia,'ad
1376 1718 1478 1760 haec
1503 1718 1727 1773 splendore
1757 1719 1996 1774 opibusque
2023 1721 2066 1762 in
2093 1720 2165 1762 illa
2195 1721 2390 1763 Graeciae
2416 1725 2533 1776 parte
2560 1721 2697 1763 multo

437 1789 678 1831 clarissima.
713 1781 890 1832 Accedit
924 1790 1128 1845 splendor
1157 1803 1182 1832 a
1211 1790 1307 1832 Nilo
1345 1790 1527 1833 Neurida
1561 1791 1796 1834 Colossensi
1830 1792 2046 1846 praesule,
2080 1793 2199 1834 cuius
2236 1793 2292 1835 ob
2332 1793 2548 1848 religionis
2577 1793 2695 1835 cbri-

434 1862 588 1903 stianae
619 1862 896 1904 constantiam
929 1874 953 1903 a
977 1862 1122 1903 Turcis
1154 1861 1361 1903 interfecti
1391 1874 1554 1904 summa
1583 1866 1645 1904 est
1674 1861 1789 1916 apud
1817 1862 1999 1904 Graecos
2031 1864 2260 1905 veneratio.
2297 1865 2396 1906 Eius
2422 1865 2547 1906 etiam
2571 1865 2693 1918 inge·
2756 1879 2758 1881 ·

433 1932 492 1974 nii
517 1945 604 1974 non
633 1933 824 1987 vulgaria
854 1938 1127 1975 monumenta
1159 1946 1184 1975 a
1214 1932 1350 1975 doctis
1382 1933 1544 1988 piisque
1574 1932 1675 1974 viris
1698 1932 1947 1987 laudantur,
1977 1933 2172 1988 interque
2203 1940 2342 1977 cetera
2368 1936 2548 1990 scriptae
2571 1935 2693 1977 lucu-

430 2003 565 2045 lenter
595 2004 648 2046 ab
682 2010 733 2046 eo
766 2018 830 2047 res
864 2010 1002 2059 gestae
1035 2009 1252 2046 matronae
1281 2004 1400 2046 chiae
1434 2003 1490 2046 oh
1523 2007 1703 2046 mortem
1736 2016 1813 2059 pro
1845 2003 2000 2046 Christi
2032 2004 2116 2047 fide
2149 2010 2388 2049 constanter
2419 2006 2578 2049 obitam
2611 2014 2694 2049 1ιό-

431 2073 529 2116 bilis
559 2075 739 2117 feminae
775 2078 846 2128 (3).

550 2147 593 2188 3.
627 2148 720 2189 Hoc
750 2147 927 2189 maxime
956 2159 1110 2202 genere
1142 2151 1371 2203 prognatus
1404 2147 1604 2200 Allatius‚
1630 2146 1705 2192 ubi
1734 2148 1918 2202 primum
1951 2152 2130 2190 aetatem
2157 2149 2444 2202 institutionis,
2462 2150 2691 2204 patientem

390 2227 392 2229 ’
430 2217 600 2271 habuit,
626 2231 779 2273 magno
812 2220 974 2274 impetu
1006 2218 1061 2261 ad
1089 2219 1227 2261 studia
1260 2219 1494 2261 litterarum
1523 2218 1708 2271 effusus,
1741 2212 1902 2260 nullum
1931 2219 2099 2273 legendi
2122 2209 2439 2275 meditandique
2469 2219 2598 2262 finem
2627 2220 2694 2262 fa-

431 2289 594 2342 ciebat,
629 2291 895 2346 plurimaque
927 2291 1154 2334 illustrium
1188 2292 1442 2345 scriptorum
1481 2290 1595 2333 dicta
1614 2294 1668 2332 >et
1701 2292 1922 2344 poetarum
1956 2290 2142 2332 carmina
2173 2291 2415 2332 memoriter
2445 2290 2684 2333 ediscebat:

428 2360 471 2402 id
510 2365 652 2403 autem
686 2362 804 2417 quod
842 2375 940 2417 prae
978 2363 1128 2404 ceteris
1165 2363 1322 2417 optime
1356 2362 1538 2416 faceret,
1573 2373 1733 2403 summa
1767 2360 1819 2402 de
1855 2370 1906 2402 eo
1940 2361 2081 2403 omnia
2121 2360 2472 2415 prudentissimus
2493 2362 2689 2416 *quisque

428 2433 737 2486 augurabatur,
771 2434 994 2488 virumque
1034 2435 1264 2489 sapientem
1302 2439 1342 2476 et
1384 2434 1552 2488 egregie
1595 2432 1768 2474 doctum
1804 2422 1994 2474 futurum
2028 2431 2297 2474 affirmabat:
2331 2433 2488 2488 quippe
2522 2433 2701 2490 nulluiq

427 2504 583 2545 certius
616 2505 659 2545 in
694 2517 828 2559 puero
867 2505 1106 2547 excellentis
1143 2506 1297 2559 ingenii
1332 2508 1628 2559 argumentum
1663 2507 1750 2557 est,
1785 2515 1914 2558 quam
1950 2504 2178 2546 memoriae
2219 2503 2411 2545 felicitas.
2448 2505 2604 2546 Verum
2634 2508 2707 2546 ·ut>

425 2575 560 2617 vitalis
591 2581 718 2630 esset,
753 2589 875 2618 nemo
909 2589 995 2618 non
1028 2588 1286 2631 magnopere
1318 2565 1570 2627 dubitabat,
1605 2573 1660 2615 ob
1692 2574 1949 2616 valetudinis
1981 2575 2293 2626 infirmitatem,
2327 2575 2612 2630 graeilemque
2644 2580 2688 2617 et

423 2658 548 2700 supra
578 2645 753 2688 modum
782 2651 951 2689 tenuem
980 2649 1175 2702 corporis
1203 2647 1418 2700 habitum,
1452 2645 1563 2688 unde
1593 2644 1723 2687 fiebat
1751 2650 1799 2687 ut
1827 2657 2052 2700 asparagus
2079 2645 2132 2688 ab
2163 2647 2407 2702 aequalibus
2439 2659 2515 2702 per
2541 2648 2682 2688 iocum

421 2716 720 2772 appellaretur.
756 2719 941 2761 Accessit
972 2719 1168 2761 avunculi
1202 2718 1424 2773 disciplina
1452 2716 1581 2774 paulo
1617 2728 1742 2771 quam
1774 2729 1840 2758 res
1871 2716 2074 2771 poscebat
2106 2718 2318 2771 severior,
2353 2718 2426 2772 qui
2456 2717 2684 2760 delectatus

420 2788 563 2833 indole
593 2791 738 2844 pueri,
772 2803 1023 2846 summoque
1058 2791 1148 2833 eius
1183 2790 1239 2832 ob
1275 2789 1490 2843 sanguinis
1525 2786 1872 2830 necessitudinem
1905 2801 2049 2833 amore
2081 2792 2252 2843 captus,
2286 2789 2384 2844 plus
2419 2788 2482 2830 illi
2513 2789 2681 2841 oneris,

420 2873 547 2916 quam
568 2866 719 2904 ,tenera
750 2862 890 2905 adhuc
918 2867 1032 2905 aetas
1059 2863 1169 2905 ferre
1197 2866 1342 2917 posset
1372 2860 1660 2916 imponendo,
1684 2871 1944 2915 pensumque
1971 2858 2023 2900 ab
2057 2871 2107 2901 eo
2137 2857 2436 2914 quotidianum
2466 2859 2570 2901 dure
2598 2858 2680 2901 ad-

416 2931 592 2975 modum
624 2933 855 2989 exigendo,
888 2934 1113 2976 confusum
1143 2933 1262 2975 illum
1301 2932 1442 2974 animo
1476 2931 1641 2986 sibique
1678 2929 1939 2972 diffidentem
1973 2934 2014 2971 et
2050 2942 2186 2984 prope
2219 2929 2416 2972 hebetem
2452 2929 2675 2971 effecerat:

417 3004 485 3044 cui
517 3007 655 3045 tamen
688 3003 962 3046 incommodo
994 3005 1094 3046 satis
1128 3008 1293 3046 mature
1328 3002 1499 3045 obviam
1535 3003 1642 3044 itum
1677 3006 1764 3053 cst,
1797 3002 2007 3056 praesenti
2042 3002 2186 3043 matris
2225 3000 2577 3055 prudentissimae
2611 3001 2678 3043 fe-

417 3074 554 3116 minae
595 3075 787 3117 consilio,
823 3077 963 3129 Haec,
999 3075 1074 3117 ubi
1109 3075 1293 3130 quadam
1331 3074 1399 3116 die
1430 3075 1702 3130 languentem
1726 3070 1912 3128 'puerum
1949 3072 2152 3125 offendit,
2187 3077 2366 3127 propter
2400 3076 2591 3127 acceptas
2625 3072 2677 3114 ab

416 3146 624 3187 avunculo
654 3147 790 3188 levem
822 3147 878 3189 ob
915 3160 1082 3189 causam
1110 3159 1258 3201 graves
1288 3146 1458 3202 plagaS,
1492 3144 1759 3200 lividamque
1788 3148 1830 3186 et
1858 3149 2079 3186 cruentum
2106 3143 2184 3185 hac
2218 3143 2270 3185 de
2301 3156 2427 3188 causa
2460 3144 2547 3184 eius
2576 3155 2675 3184 cor-

415 3227 494 3269 pus
526 3216 824 3259 animadvertit
838 3229 857 3272 ‚·
882 3223 1103 3260 evocatum
1134 3218 1336 3269 fratrem,
1371 3221 1412 3258 et
1444 3217 1629 3270 graviter
1659 3228 1746 3257 nou
1782 3215 1926 3271 lingua
1957 3213 2113 3266 modo,
2147 3213 2221 3255 sed
2255 3225 2390 3268 prope
2430 3213 2556 3254 etiam
2590 3225 2677 3270 mag-

415 3284 539 3327 nibus
570 3286 822 3341 increpitum
857 3289 1102 3342 castigavit,
1134 3288 1392 3342 edocuitque
1424 3291 1471 3329 ut
1503 3288 1545 3328 in
1576 3291 1799 3341 posterum
1828 3287 1966 3328 minus
1998 3284 2133 3339 rigida
2164 3297 2264 3340 erga
2295 3297 2472 3339 puerum
2504 3285 2678 3339 eiusque

419 3356 540 3398 aetati
571 3361 696 3411 atque
724 3359 893 3412 ingenio
931 3360 1095 3414 aptiore
1128 3358 1350 3402 erudiendi
1381 3360 1545 3401 ratione
1581 3362 1786 3400 uteretur.

507 3488 553 3529 (1)
575 3489 729 3521 Allatium
758 3490 907 3523 fortunae
934 3491 1026 3524 bonis
1054 3501 1118 3524 non
1143 3493 1306 3534 caruisse,
1328 3501 1488 3534 cognosco
1514 3501 1553 3525 ex
1582 3492 1653 3525 eius
1679 3492 1863 3533 syngrapha
1890 3501 1951 3524 ms.
1975 3500 2040 3533 qua
2066 3499 2152 3523 anno
2179 3495 2274 3529 1656,
2297 3489 2380 3522 idest
2410 3488 2538 3522 decimo
2568 3490 2675 3522 tertio

412 3543 486 3575 ante
510 3541 635 3574 obitum
661 3551 762 3583 anno,
787 3544 1016 3584 patrimonium
1042 3555 1137 3578 suum
1157 3547 1285 3579 chiense
1309 3546 1411 3579 donat
1428 3546 1551 3588 patriae
1579 3546 1669 3586 urbi;
1694 3548 1843 3587 paternos
1867 3545 1998 3586 quidem
2014 3545 2124 3584 lares,
2150 3545 2187 3576 ut
2205 3543 2251 3575 ibi
2275 3543 2366 3575 fieret
2386 3542 2573 3578 erudiendis
2596 3552 2673 3584 pue·

412 3595 456 3627 ris
479 3596 700 3637 gymnasium3
724 3596 855 3638 praedia
877 3600 1004 3639 autem,
1022 3601 1114 3640 quasi
1133 3601 1241 3634 dotale
1258 3600 1403 3633 eiusdem
1430 3600 1589 3642 gymnasii
1613 3599 1807 3633 subsidium.
1833 3602 1874 3632 At
1893 3608 1970 3631 vero
1994 3597 2154 3640 quicquid
2179 3597 2338 3630 bonorum
2362 3597 2412 3629 vel
2437 3597 2592 3638 pecuniae
2611 3600 2672 3630 Ro-

421 3657 493 3681 mae
516 3648 652 3689 adeptus
675 3651 742 3688 est,
765 3649 899 3689 collegio
925 3651 1133 3685 athanasiano
1157 3656 1354 3691 Graecorum
1381 3654 1416 3686 in
1442 3653 1530 3686 Urbe
1555 3653 1692 3694 legavit,
1716 3655 1753 3684 ut
1778 3653 1986 3685 alumnorum
2012 3660 2049 3684 ex
2075 3651 2180 3693 patria
2209 3659 2269 3683 sua
2294 3650 2538 3691 deligendorum
2566 3653 2675 3683 certus

414 3710 571 3734 numerus
595 3702 640 3734 ibi
665 3702 816 3734 aleretur.
841 3706 877 3734 A.
902 3705 944 3734 M.
1219 3694 1221 3696 ¹
1627 3727 1629 3730 -

511 3756 555 3797 (2)
577 3757 675 3789 Deest
700 3757 732 3788 in
758 3757 874 3789 scheda
899 3757 960 3789 hoc
986 3766 1122 3799 nomen,
1146 3760 1234 3800 quod
1259 3761 1427 3802 supplevi,
1450 3761 1598 3801 spectans
1623 3760 1768 3793 Tzetzem
1795 3759 1871 3791 chil.
1894 3760 1967 3790 vn.
1991 3757 2067 3789 hist.
2096 3762 2163 3790 155.

963 3813 1015 3849 03
1041 3813 1194 3861 Νέβρος,
1222 3815 1262 3851 οὖ
1288 3818 1509 3858 Γνωσίδικος,
1536 3817 1574 3860 ἐξ
1600 3814 1704 3862 οὗπερ
1729 3815 1970 3863 Ἱπποκράτης.
1999 3815 2043 3849 Α.
2069 3813 2120 3849 Μ.

510 3870 553 3911 (3)
577 3871 729 3912 Superest
756 3872 833 3904 haec
858 3872 922 3903 Nili
948 3872 987 3905 de
1013 3873 1073 3904 hac
1098 3873 1173 3905 forti
1196 3876 1343 3907 matrona
1367 3875 1489 3908 chiensi
1515 3875 1699 3907 lucubratio
1725 3874 1757 3906 in
1780 3874 1892 3907 codice
1915 3873 2071 3906 allatiano
2098 3875 2148 3905 74.
2173 3875 2210 3904 A.
2235 3874 2278 3905 M.
