2970 4420
459 259 514 303 19
528 259 549 302 ἰ
1403 268 1553 299 mosis
1586 268 1764 308 ALLATH

583 357 654 402 De
687 354 923 402 mensibus
959 354 1119 401 atticis
1153 353 1272 401 iiber
1305 367 1496 414 graecus
1534 354 1783 415 impressus
1824 353 2025 401 Basilea'e
2066 355 2188 418 apud
2230 355 2485 402 Robertum
2527 357 2714 407 VVinter

455 447 561 482 cum
594 432 737 479 latina
764 433 976 479 versione
1009 431 1224 477 Iohannis
1247 428 1436 479 Perelli.
1465 437 1510 474 et
1544 445 1669 475 nunc
1705 429 1862 476 denuo
1894 431 1943 476 in
1966 431 2250 495 Uranologio
2276 434 2481 494 Dionysii
2512 434 2708 487 Pelavii‚

453 510 659 556 Lutetiae
693 508 819 571 apud
854 508 1169 554 Sebastianum
1203 506 1556 566 Cramoysinum
1590 507 1730 553 1630.
1760 507 1808 552 in
1837 506 1921 552 fol.

570 574 964 650 Ἀντιρῥητικόν.
1002 571 1215 645 Εἴρηται
1252 576 1559 646 Βησσαρίωνι
1597 573 1670 625 τῶ
1702 571 2010 646 ωατριοίρχῃ
2051 573 2102 630 ἐν
2131 597 2242 635 τοις
2281 575 2397 649 ὑπὲρ
2430 574 2707 638 Πλατωνος

455 635 658 715 λοΎοις,
694 653 758 713 ὠς
797 651 1015 704 ἐλπίσειε
1052 647 1139 719 μὲν
1176 647 1327 701 ἄλλα
1359 670 1411 702 τε
1447 649 1544 702 τῶν
1581 647 1978 721 σπουδαισΤέρων
2006 651 2350 722 θεωρημάτων
2390 652 2516 707 {fiseo
2507 650 2708 726 ’ξεσθαι

460 729 506 783 ἐν
541 730 614 801 τῷ
647 752 734 782 του
775 725 1115 786 ανὟιλέΓοντος
1148 723 1387 779 Πλοῖτωνι
1427 723 1640 798 βιβλίῳ·
1670 725 1752 779 καὶ
1787 747 1895 797 περι
1937 722 2112 787 eidam,
2144 727 2186 779 εἷ
2227 725 2334 781 ἔνια
2368 751 2628 823 χωριστα,
2667 730 2709 782 εἷ

454 804 620 860 πάντα
655 803 938 876 ἀχώριστοι·
977 825 1060 854 και
1102 801 1144 854 εἷ
1181 824 1446 875 χωριστα,
1476 800 1683 873 πότερον
1720 801 1838 854 καθ’
1872 800 2003 855 αὐτοὶ
2041 799 2354 867 ὑφεσἽωτα,
2361 827 2385 861 n
2425 811 2627 873 κείμενα
2663 806 2711 860 ’ἐν

459 882 716 941 ἐπινοίαις
754 889 1031 936 Orationem
1061 887 1446 933 anttwtrlzeticam
1482 888 1628 933 Dicta
1647 888 1757 949 suit
1783 887 2060 951 Bessarioni
2081 889 2395 953 patriarchae
2427 907 2477 936 ιη
2501 891 2562 938 iis
2593 908 2716 954 quae

457 968 536 1013 ille
561 968 692 1013 dixit
722 967 770 1013 in
792 966 926 1012 libris
952 982 1041 1028 pro
1067 966 1288 1015 Platone,
1319 965 1448 1028 quod
1474 977 1748 1029 speraverat
1778 948 1970 1028 quidem
1999 965 2104 1012 alia
2133 966 2334 1013 maioris
2361 968 2512 1015 studii
2534 968 2717 1014 theore-

456 1057 594 1090 mata
632 1043 837 1090 invenire
874 1043 936 1091 in
957 1042 1078 1087 libro
1113 1042 1266 1093 illius,
1302 1042 1388 1104 qui
1418 1042 1615 1088 Platoni
1651 1032 2025 1089 contradicebat.
2062 1044 2126 1088 Et
2163 1042 2222 1088 de
2257 1043 2534 1107 speciebus‚.
2554 1056 2715 1097 utrum

457 1122 650 1184 aliquae
681 1120 970 1180 separabiles
1004 1118 1125 1170 sint,
1161 1135 1227 1165 an
1261 1136 1419 1166 omnes
1453 1119 1817 1183 inseparabiles:
1849 1131 1895 1165 et
1927 1119 1972 1165 si
2001 1119 2315 1182 separabiles,
2352 1131 2513 1166 utrum
2544 1136 2630 1184 per
2670 1137 2718 1167 se

456 1198 737 1247 subsistant
767 1213 831 1242 an
859 1213 962 1243 vero
995 1197 1097 1253 sola
1128 1208 1420 1260 cogitatione
1454 1196 1802 1242 discernantur.
1841 1197 1893 1242 ln
1925 1195 2096 1258 quibus
2129 1193 2266 1244 eliam
2298 1196 2441 1244 habes
2470 1187 2720 1259 ¹argumen-

456 1283 558 1320 tum
583 1275 823 1321 orationis.
863 1268 917 1316 P.
947 1264 1040 1325 ‘sse
1078 1263 1298 1318 ἐλπίσειε
1334 1262 1423 1334 μὲν
1460 1261 1639 1318 ἄλλων
1675 1285 1726 1317 τε
1763 1287 1874 1319 των.

543 1340 696 1414 ’Περὶ
729 1343 969 1395 ἀκουσίου
1000 1363 1082 1393 και
1119 1340 1365 1394 ἑκουσί.ου
1401 1351 1472 1397 De
1499 1350 1767 1397 voluntario
1798 1362 1843 1396 et
1868 1349 2206 1398 ι”.ηνοῖιιηιανιο
2245 1345 2299 1393 Ρ.
2329 1340 2449 1415 Περι
2487 1338 2542 1395 δὲ
2571 1342 2723 1396 οἷκου·

460 1422 568 1471 σίου
606 1440 685 1471 και
731 1417 961 1471 ἑκουσίου
1000 1416 1291 1490 ἀπορήσειεν
1328 1415 1389 1472 ἄν
1425 1442 1502 1479 τις
1540 1418 1611 1478 εἷς
1646 1417 1710 1470 τοὶ
1742 1415 2056 1471 καθέκαστα

566 1491 751 1550 (Ότίῆ
727 1513 940 1559 ”Quom
978 1516 1032 1546 00
1072 1493 1401 1559 βουλὲυέται-
1440 1505 1577 1561 Quod
1608 1517 1789 1551 natura
1822 1504 2018 1551 consi'lio
2055 1522 2127 1552 res
2161 1522 2255 1552 non
2291 1506 2416 1570 gerit
2454 1506 2536 1569 (ί).

576 1571 696 1643 Περι
738 1572 1126 1645 ἀρχαιολογίας
1161 1595 1257 1626 των
1295 1577 1565 1666 Τουρκίων.
1604 1582 1675 1629 De
1708 1581 1895 1646 origine
1930 1593 1974 1627 et
2009 1582 2300 1646 antiquitate
2338 1584 2622 1634 Turcarum,
2663 1582 2722 1628 ad

457 1660 751 1705 Franciscum
784 1659 1096 1722 Philelphum.
1137 1654 1190 1702 Ρ.
1226 1645 1353 1721 Περι
1382 1649 1618 1724 Τοόρκων
1645 1654 1772 1711 τίνες
1801 1649 1904 1704 ποτ’
1937 1672 1995 1703 αν
2026 1657 2151 1712 εἷεν,
2181 1649 2262 1703 καὶ
2288 1647 2408 1704 ὅθεν
2441 1647 2527 1706 ‘miv
2561 1648 2724 1724 ἀρχὴν

460 1724 768 1800 ὁρμηθέντες
808 1729 892 1796 (2).

586 1814 816 1875 Epistolas
848 1816 1015 1862 varias.
1054 1816 1090 1861 Ι.
1129 1813 1369 1861 Fralribus
1403 1816 1641 1861 Demetrio
1672 1823 1717 1861 et
1747 1815 1964 1876 Georgio.
2002 1807 2057 1856 P
2097 1802 2448 1875 Διανοουμενω
2481 1827 2577 1875 μοι
2608 1803 2724 1858 ἔπι.-

461 1881 666 1935 στειλαι
707 1882 841 1951 ὗμιν.
878 1893 935 1937 11.
974 1893 1212 1939 Demetrio
1245 1892 1527 1954 Sguropulo.
1565 1886 1621 1934 P.
1661 1878 1816 1935 Δεινα
1848 1880 2007 1936 ποίλιν
2041 1878 2353 1955 οἷγΓέλλεις,
2387 1878 2523 1951 είπερ
2562 1871 2730 1936 οὐδέν

459 1969 584 2014 Haec
621 1969 818 2030 epistola
852 1970 1022 2031 legitur
1059 1986 1248 2032 quoque
1285 1971 1333 2016 in
1373 1968 1658 2016 bibliotheca
1693 1969 1819 2030 regia
1854 1969 2052 2015 Parisiis.
2091 1969 2171 2014 ΙΙΙ.
2209 1966 2477 2014 Andronico
2519 1967 2721 2015 Callisti

463 2038 517 2086 P.
537 2031 657 2089 “Ora
691 2059 747 2088 ου
780 2035 1223 2107 συναποδημήσαις
1247 2060 1359 2099 τοις
1385 2034 1580 2097 οῗλλοις
1611 2034 1673 2090 ου’
1701 2058 1778 2108 γε.
1810 2047 1882 2092 IV.
1911 2045 2099 2092 Eidem
2132 2039 2186 2094 P
2210 2032 2576 2107 Ἀπεκρινοίμκν
2602 2057 2726 2108 προς

461 2111 545 2166 τὸν
580 2109 822 2170 δεσποτῆν
855 2136 962 2187 περι
1002 2119 1066 2170 ὠν
1077 2114 1367 2200 γεΤραφας.
1403 2125 1459 2170 V.
1498 2123 1775 2170 Bessarioni
1807 2122 2067 2169 cardinali.
2105 2117 2161 2165 P.
2187 2108 2321 2168 ’Ήὸκ
2347 2134 2429 2167 την
2462 2109 2601 2182 ἱεροίν
2635 2134 2724 2165 σου

463 2188 737 2253 κεφαλὴν
720 2212 766 2243 εν
801 2191 1022 2252 Κελτοῖς
1054 2198 1199 2258 εἶναι.
1236 2203 1312 2248 VI.
1353 2200 1539 2246 Eidem.
1579 2195 1633 2243 P.
1661 2191 1749 2243 Ex
1777 2214 1874 2245 των
1903 2214 2024 2263 προς
2051 2187 2170 2251 τούς
2201 2185 2447 2248 δεσπότας
2483 2188 2728 2243 απεσΤαλ-

463 2264 635 2334 μένων
672 2279 769 2323 VII.
810 2277 995 2323 Eidem
1036 2273 1089 2322 P.
1127 2266 1367 2361 Ἐῑῦχομαι
1407 2264 1587 2340 ἀγαθοὶ
1619 2265 1876 2321 πυθέσθαι
1907 2272 2022 2340 περί
2046 2288 2159 2361 xxm
2194 2276 2314 2322 VIII.
2351 2263 2539 2321 Alexio.
2579 2270 2633 2317 P.
2665 2266 2728 2318 H

465 2366 531 2414 τῳ
574 2340 790 2401 ὃεσποτπ
830 2347 1075 2415 συμβασα
1112 2344 1269 2406 νόσος.
1299 2357 1385 2439 IX.
1424 2354 1612 2401 Eidem.
1653 2348 1707 2396 P.
1746 2342 1893 2405 Χθες
1930 2367 2060 2397 κατα
2088 2340 2266 2412 τύχην
2281 2338 2416 2396 ειὸον
2448 2363 2534 2395 τον
2571 2351 2730 2397 λικεν·

466 2417 658 2473 τιοίτον.
695 2433 752 2476 X.
782 2430 1071 2494 Plzilelplzo.·
1068 2426 1139 2474 -Ρ
1173 2421 1248 2474 Οὐ
1278 2421 1415 2476 πάντ’
1450 2444 1607 2475 εοικεν
1639 2419 1841 2475 ασθενει
1867 2444 1924 2474 το
1955 2443 2136 2493 γῆρας.
2173 2429 2251 2473 ΧΙ.
2281 2417 2470 2474 Alexio.
2510 2423 2564 2471 P.
2588 2419 2732 2483 Ἀφι-
2759 2451 2761 2454 f

469 2494 664 2566 κόμεθοι
696 2498 766 2558 εἷς
798 2496 1087 2571 Βίῖέρβιον,
1114 2522 1196 2552 και
1230 2523 1295 2552 τα
1322 2499 1556 2562 αὐτοφυῆ
1584 2495 1742 2570 Θερμὰ
1771 2495 1942 2551 Sciam.
1977 2507 2079 2553 XII.
2108 2505 2295 2551 Eidem.
2334 2492 2387 2546 Ρ.
2410 2493 2732 2550 ἜπέσὙαλκα

471 2595 546 2624 σοι
578 2574 736 2645 μηνὸς
763 2581 1100 2648 φευρουαρίου
1132 2574 1375 2637 mro-frog.
1411 2586 1534 2631 XIII.
1565 2584 1752 2630 Eidem.
1794 2579 1847 2627 P.
1881 2574 1975 2634 Δις
2005 2571 2309 2635 ἁπέσὙειλα,
2333 2595 2396 2624 τα
2427 2594 2516 2643 μεν
2545 2594 2731 2646 πρωτα.

470 2661 587 2707 XIV.
631 2661 815 2707 Eidem
855 2656 909 2704 P.
941 2653 1227 2724 Ικομίσθκ
1263 2676 1351 2724 μοι
1390 2653 1415 2709 ri
1457 2649 1729 2715 ἐπιστολῇ,
1766 2647 1817 2709 ἣν
1857 2648 2273 2719 ἑπτακαιδεκάτη.

600 2738 744 2785 Index
784 2740 937 2801 tegius
977 2741 1119 2786 sancti
1155 2741 1389 2785 Laurentii
1426 2748 1572 2786 notat.
1614 2737 1845 2785 Theodori
1885 2739 2044 2783 Gazae
2083 2734 2410 2784 Temmacliia:
2449 2736 2505 2781 de
2537 2735 2732 2788 anima,

473 2813 530 2857 de
558 2815 827 2860 voluntario
857 2827 902 2860 et
937 2815 1284 2867 involuntario,
1315 2816 1615 2877 definitiones
1646 2827 1690 2861 et
1722 2813 2017 2876 defensiones
2053 2824 2221 2859 contra
2259 2811 2544 2859 Plethonem.

602 2894 793 2954 Scripsit
827 2901 1065 2955 praeterea
1091 2893 1337 2944 carmina,
1367 2894 1568 2956 ideoque
1592 2895 1713 2939 inter
1741 2897 1903 2954 poetas
1934 2892 2003 2937 sui
2030 2891 2253 2952 temporis
2279 2897 2484 2936 recenset
2510 2905 2617 2935 eum
2647 2890 2741 2950 Gy-

474 2968 635 3014 raldus
670 2965 859 3032 dialogo
894 2971 930 3016 1.
969 2971 1211 3017 Audienda
1246 2979 1376 3023 sunt,
1405 2986 1524 3031 quae
1550 2970 1812 3016 Ludovicus
1836 2967 1987 3014 Carbo
2010 2968 2058 3012 in
2086 2966 2293 3029 quadam,
2322 2965 2381 3011 de
2412 2965 2589 3011 artibus
2621 2964 2741 3011 Iibe-
2779 2998 2783 3002 ,

477 3045 653 3092 ralibus
689 3049 902 3094 oratione
943 3048 1001 3094 ad
1041 3046 1316 3095 Leonellum
1353 3049 1591 3094 Estensem
1632 3046 1869 3093 Ferrariae
1915 3046 2173 3106 principem
2198 3042 2368 3089 scribit
2407 3043 2530 3088 inter
2567 3049 2735 3087 cetera.

477 3122 652 3168 Dicam
685 3124 901 3185 equidem
929 3136 1109 3186 quanto
1145 3124 1320 3187 dignus
1361 3123 1624 3170 Theodorus
1655 3122 1853 3172 honora
1885 3138 2022 3183 quem
2048 3121 2306 3184 plusquam
2342 3117 2599 3164 dimidium
2632 3117 2741 3161 ani-

479 3215 587 3244 mae
611 3216 744 3245 meae
775 3217 958 3285 semper
990 3201 1116 3264 dilig
1088 3217 1217 3252 ⁰,am
1248 3200 1383 3246 cuius
1418 3200 1687 3250 versiculos,
1718 3215 1832 3261 quos
1866 3198 1924 3243 de
1954 3197 2103 3244 musis
2137 3196 2232 3242 tuis
2261 3194 2609 3259 elegantissime
2638 3193 2741 3252 edi—

482 3275 577 3326 dit,
610 3276 659 3321 in
693 3278 910 3325 sacrario
937 3278 1019 3324 illo
1047 3277 1371 3342 pulcherrimo
1394 3277 1547 3323 incidi
1579 3276 1766 3327 iubeas,
1794 3275 1944 3322 etiam
1975 3282 2117 3338 atque
2140 3273 2287 3320 etiam
2318 3288 2434 3335 rogo
2459 3283 2504 3316 et
2534 3270 2738 3317 obsecro·

485 3352 613 3405 Ouid
644 3355 769 3400 enim
801 3356 999 3418 gravius
1025 3354 1376 3402 Callimachus?
1406 3354 1525 3417 quid
1556 3354 1748 3401 suavius
1784 3353 2086 3416 Propertius?
2116 3350 2235 3414 quid
2261 3347 2509 3414 pulchrius
2537 3347 2745 3394 Tibullus

487 3428 642 3474 dicere
667 3448 879 3493 unquam
904 3432 1177 3496 potuisset?
1191 3433 1320 3477 Nam
1345 3443 1390 3476 et
1423 3447 1592 3477 nomen
1625 3442 1669 3475 et
1692 3429 1899 3491 officium
1922 3443 2170 3475 musarum
2193 3441 2418 3472 concinne
2439 3436 2741 3487 exprimunt,

487 3516 531 3550 et
563 3521 729 3552 earum
765 3509 954 3554 laudem
992 3509 1060 3555 ad
1083 3508 1331 3572 picturam
1367 3508 1630 3554 alludentes
1660 3506 1844 3554 brevius
1879 3505 2149 3553 eonci.nunt
2186 3501 2354 3549 Nobile
2379 3491 2584 3547 bominis
2614 3501 2750 3564 inge-

489 3581 650 3631 nium,
680 3594 869 3629 tantum
896 3584 1230 3649 philosophum
1264 3601 1315 3630 ιη
1348 3582 1624 3630 huiusmodi
1654 3583 1837 3631 deliciis
1863 3585 2150 3645 praestare!

577 3710 750 3753 (1)Hinc
774 3711 945 3748 videntur
969 3714 1184 3761 corrigenda
1209 3724 1304 3763 quae
1328 3713 1503 3761 ambigue
1522 3713 1568 3751 de
1586 3713 1656 3751 hoc
1674 3714 1797 3750 Gazae
1822 3712 2000 3760 opusculo
2025 3709 2200 3746 dicuntur
2225 3706 2324 3754 apud
2345 3707 2555 3745 Fabricium
2584 3709 2641 3746 ed
2664 3720 2747 3747 nov.

495 3770 537 3804 T
566 3770 615 3804 Χ.
643 3774 796 3816 ρ.394,
822 3769 964 3808 et395.
992 3775 1037 3807 A.
1063 3775 1116 3809 M.

581 3832 630 3873 (2)
652 3828 780 3867 Edidit
804 3829 881 3878 ipse
904 3830 1064 3869 Allatius
1090 3842 1144 3879 gr.
1171 3838 1208 3870 et
1231 3833 1296 3870 lat.
1323 3832 1365 3870 in
1388 3833 1601 3881 Symmictis
1625 3832 1720 3870 libro
1747 3830 1955 3880 posteriore
1978 3839 2016 3877 p.
2043 3832 2125 3866 382.
2152 3837 2253 3875 seqq.
2280 3828 2325 3863 A.
2351 3827 2403 3863 M.
