2970 4420
1080 291 1136 322 DE
1169 290 1450 322 utnunamo
1482 291 1714 323 ructuant
1723 309 1732 321 ·
2393 302 2542 336 xxnx

283 368 404 406 ctum
435 361 685 406 sacerdotali
714 361 863 405 ordine
893 363 1102 407 initiatum
1135 365 1207 408 alii
1232 365 1411 408 fortasse
1441 365 1663 420 colligent,
1697 365 1854 420 quibus
1882 365 1935 408 ad
1964 366 2007 409 id
2036 369 2232 421 graviora
2262 384 2349 414 non
2379 387 2542 431 suppe-

283 439 383 477 tunt
409 437 679 488 argumenta,
702 433 909 477 levissima
931 436 1044 477 enim
1069 440 1168 478 sunt
1198 449 1305 491 quae
1333 436 1387 479 ad
1413 436 1523 479 hanc
1549 447 1637 480 rem
1663 449 1690 480 a
1711 437 1811 479 viris
1840 437 1977 480 doctis
2006 439 2051 481 in
2076 441 2261 484 medium
2285 444 2540 495 afferuntur.

286 495 527 548 Locus'ille
561 504 744 546 concilii·
765 506 953 559 romani,
985 518 1110 561 quem
1143 508 1268 563 primi
1298 507 1637 562 observavimus,
1667 512 1755 553 tam
1786 508 1959 550 illustris
1991 513 2079 563 est,
2112 515 2160 553 ut
2188 515 2226 553 ei
2254 519 2402 556 contra
2434 517 2545 559 nihil

278 575 367 619 dici
396 576 547 630 possit.
579 575 823 618 Bonis-acius
850 577 910 618 ΙΙ.
944 578 1075 620 sancti
1105 579 1319 622 Benedicti
1346 579 1532 635 aequalis
1559 577 1664 621 illud
1697 578 1922 621 concilium
1955 580 2114 622 Romae
2146 583 2308 637 coegit:
2340 585 2546 629 interfue-

282 652 384 690 runt
416 647 633 702 episcopi,
666 646 929 702 presbyteri,
962 648 1145 698 diaconi.
1179 651 1344 691 Horum
1373 650 1559 692 omnium
1591 650 1763 692 nomina
1790 650 1911 692 initio
1940 651 2080 692 statim
2113 638 2317 707 euiusque
2347 656 2544 698 sessionis

282 732 364 774 pro
395 719 774 761 ecclesiasticorum
802 719 1000 762 ordinum
1033 720 1167 774 gradu
1196 721 1275 762 rite
1302 725 1589 762 recensentur:
1621 720 1871 764 Benedictus
1898 721 2157 777 presbyteris
2184 722 2536 781 connumeratum

279 865 329 904 ut
355 861 590 903 monachus
618 861 709 916 ipse
734 874 759 903 a
787 861 960 916 reliquis
983 862 1240 917 presbyteris
1259 861 1431 903 minime
1452 862 1534 904 illis
1556 861 1724 917 quidem
1745 863 1964 906 monachis
1986 863 2336 919 distingueretur:
2370 870 2539 910 Benedi-

273 938 366 974 -otus
397 945 533 974 servus
571 933 661 972 Dei.
696 933 786 974 Hac
822 933 1139 975 nomenclatura
1169 932 1401 975 monachos
1432 932 1535 974 olim
1570 933 1836 988 designatos,
1871 938 1955 977 tam
1988 935 2146 978 clarum
2185 941 2248 978 est
2277 941 2326 979 ut
2354 938 2538 992 probare

279 1015 389 1059 opus
419 1015 510 1045 non·
536 1003 607 1045 sit.
640 1004 717 1045 Ille
744 1003 866 1046 locus
895 1004 1027 1050 modo
1056 1005 1109 1046 sit
1136 1005 1258 1045 satis:
1292 1005 1430 1045 sixtus
1451 1008 1653 1056 episeopus
1681 1007 1935 1058 conqreqam‘t
1955 1008 2206 1060 presbyteros
2232 1010 2344 1048 urbis
2363 1012 2530 1062 Romae,

269 1080 320 1116 et
345 1077 516 1126 clerum,
549 1074 621 1116 viee
642 1088 719 1116 non
748 1080 790 1116 et
815 1077 1057 1117 monasteria
1076 1087 1276 1115 servorum
1298 1076 1373 1115 Dei
1403 1074 1476 1126 (in
1506 1075 1687 1117 concilio
1707 1076 1810 1117 Sixti
1829 1077 1939 1129 III.)
1972 1075 2021 1119 In
2050 1077 2140 1119 aliis
2168 1078 2350 1133 antiquis
2380 1079 2536 1122 tabulis

278 1145 532 1199 Benedictus
564 1145 735 1187 dextera
772 1146 974 1188 scuticam
1005 1147 1066 1197 (Ι).
1089 1145 1220 1198 gerit,
1252 1145 1373 1198 quasi
1405 1144 1612 1198 virgulam
1646 1147 1904 1198 censoriam,
1937 1159 2034 1190 cum
2066 1147 2156 1203 ipse
2191 1150 2447 1191 monasticae
2483 1151 2536 1192 sit

273 1229 430 1260 censor
459 1216 732 1271 disciplinae,
761 1215 877 1258 unde
910 1215 1136 1270 disciplina
1165 1214 1279 1256 dicta
1308 1227 1334 1256 a
1363 1216 1579 1258 monachis
1606 1216 1807 1272 fuit·ipsa
1841 1219 2013 1276 scutica.
2034 1229 2045 1236 ·

1242 1287 1380 1338 Imayo
1409 1290 1562 1338 quinta.

396 1359 547 1401 Tribus
576 1359 693 1400 hisce
717 1357 971 1411 imaginibus
999 1357 1169 1399 unicam
1196 1356 1320 1398 nobis
1348 1357 1507 1398 incisor
1533 1358 1858 1401 sollemnitatem
1886 1365 2193 1415 repraesentat,
2220 1374 2304 1416 qua
2331 1363 2534 1413 incarnati

279 1430 397 1482 verbi
427 1431 676 1485 mysterium
702 1428 770 1470 die
797 1429 997 1486 vigesima
1025 1429 1172 1482 quinta
1200 1428 1341 1470 martii
1371 1440 1632 1470 veneramur.
1665 1430 1771 1471 Nam
1803 1444 1920 1473 more
1953 1445 2030 1474 suo
2054 1434 2207 1475 Mariae
2234 1434 2408 1487 virginis
2427 1434 2534 1476 festa

272 1501 447 1544 duobus
477 1501 582 1552 illis,
601 1497 653 1542 'ut
676 1499 823 1541 monui
853 1499 999 1553 sponsi
1022 1511 1288 1553 sponsaeque
1318 1498 1448 1551 signis
1472 1498 1657 1541 exhibet.
1689 1502 1830 1548 Tertio
1850 1490 1957 1543 loeo
1974 1503 2209 1545 Gabrielem
2235 1504 2532 1559 archangelum

274 1573 527 1622 collocavit,
552 1583 679 1624 quem
702 1571 923 1612 hominum
949 1571 1033 1612 ritu
1057 1570 1176 1612 vides
1199 1569 1422 1623 indutum,
1446 1569 1522 1611 sed
1549 1570 1626 1611 alis
1650 1570 1748 1612 hinc
1775 1571 1873 1613 inde
1900 1573 1952 1614 ab
1977 1573 2164 1616 humeris
2189 1576 2452 1626 extantibus,
2477 1575 2534 1618 ad

277 1656 405 1699 quem
433 1642 640 1685 Gabrielis
667 1641 862 1683 habitum
892 1641 1044 1683 alludit
1075 1642 1405 1696 chrysostomus
1433 1645 1541 1682 orat.
1575 1643 1618 1682 3.
1648 1641 1700 1682 de
1733 1643 1942 1697 incompr.
1972 1645 2049 1686 Dei
2082 1649 2257 1687 natura.
2291 1636 2312 1681 ὃ
2344 1640 2379 1682 Γ
2382 1632 2528 1698 αβριηλ

275 1700 465 1762 πετόμενς
470 1724 488 1755 ς
518 1698 738 1766 γράφεται,
771 1702 837 1748 οὐκ
869 1698 1006 1750 ἐωειδη
1010 1697 1167 1785 Νιιιτερδι
1198 1720 1283 1763 περι
1316 1719 1383 1748 τον
1416 1698 1605 1763 ἄγγελον,
1638 1701 1726 1747 ἀλλ’
1759 1722 1822 1748 ινα
1853 1700 1995 1768 μαθῃς
2027 1703 2075 1758 ὦς
2107 1707 2149 1751 ἐκ
2180 1723 2256 1753 των
2284 1702 2528 1769 ὑψηλοτέρων

270 1770 429 1838 χωρίων
459 1793 556 1838 προς
582 1790 651 1822 την
674 1766 932 1837 ἀνθρωπινην
962 1771 1124 1836 ἀφικται
1157 1790 1288 1835 φυσιν.
1321 1782 1486 1822 Gabriel
1508 1783 1646 1833 volans
1668 1784 1917 1836 depinqitur,
1945 1799 2022 1826 non
2050 1790 2144 1838 quia
2170 1789 2300 1828 alatus
2328 1790 2383 1828 sit
2406 1801 2530 1840 anye-

274 1857 356 1906 lus,
391 1855 462 1895 sed
489 1859 535 1894 ut
562 1854 765 1905 intelltqas
798 1866 820 1893 e
851 1856 1033 1905 supernis
1056 1854 1242 1905 partibus
1273 1853 1328 1893 ad
1360 1853 1534 1893 homines
1565 1851 1654 1894 eum
1682 1855 1936 1895 descendisse.
1968 1857 2084 1898 Duae
2112 1857 2309 1910 lineolae,
2342 1869 2450 1912 quae
2476 1857 2528 1899 ab

273 1925 471 1967 extremis
498 1922 753 1978 imaginibus
780 1924 825 1964 in
857 1935 986 1964 unam
1018 1922 1291 1976 eamdemque
1321 1927 1470 1964 notam
1503 1918 1720 1978 utrimque
1750 1925 1966 1979 incidunt,
1999 1926 2054 1968 ad
2084 1927 2195 1969 diem
2227 1914 2554 1982 pertinerefess

272 2000 385 2039 stum
413 2001 499 2038 tres
529 2007 599 2039 eas
618 1987 843 2048 'imagines'
859 1993 1048 2036 denotat.
1080 1994 1291 2046 Quoniam
1312 2002 1416 2036 vero
1445 1995 1636 2037 Christus
1666 1995 1889 2048 dominus,
1911 1998 2145 2051 Augustino
2173 2003 2279 2041 teste
2301 1999 2377 2041 lib.
2405 2003 2448 2040 4.
2475 1999 2527 2041 de

273 2067 425 2109 Trinit.
455 2079 554 2121 cap.
582 2066 635 2108 5.*
654 2067 762 2107 sicut
794 2078 819 2107 a
851 2065 1088 2107 maioribus
1118 2064 1348 2119 traditum,
1381 2066 1612 2120 suscipiens
1644 2066 1841 2109 ecclesiae
1874 2068 2060 2110 custodit
2089 2071 2342 2124 auctoritas,
2375 2076 2526 2116 octavo

273 2137 478 2180 kalendas
507 2137 653 2192 aprilis
681 2140 913 2191 conceptus
943 2136 1152 2189 creditur,
1183 2148 1270 2191 quo
1300 2141 1343 2178 et
1373 2149 1544 2191 passus3
1567 2136 1666 2180 ideo
1693 2138 1737 2180 in
1766 2138 1943 2180 vetustis
1971 2137 2218 2181 kalendariis
2248 2140 2332 2182 hoc
2356 2141 2409 2183 de
2440 2154 2526 2196 quo

272 2209 434 2263 agimus
462 2209 614 2251 festum
644 2209 705 2251 ita
730 2212 926 2250 notatum
949 2199 1154 2250 habetur:
1183 2210 1423 2251 Annunoiat
1450 2215 1623 2262 concept.
1654 2216 1693 2251 et
1712 2214 1844 2263 passio
1871 2213 2053 2261 Domini,
2081 2212 2178 2291 cod.
2205 2206 2293 2254 vat.
2320 2214 2451 2254 3806.
2484 2217 2526 2255 et

271 2280 388 2323 Beda
416 2282 503 2324 sive
532 2280 858 2323 wandelbertus
889 2280 934 2322 in
968 2279 1254 2335 ephemeride.

854 2353 1032 2404 Anqelus
1063 2341 1199 2392 octava
1232 2356 1442 2392 venturum
1473 2353 1636 2393 nunciat
1664 2365 1832 2405 aqnum,
1900 2366 1902 2368 ·

858 2424 996 2475 Aqnus
1025 2427 1063 2462 et
1091 2424 1175 2475 ipse
1203 2436 1319 2463 cruce
1345 2424 1484 2464 mundi
1506 2437 1586 2476 pro
1616 2429 1740 2464 morte
1770 2426 1939 2465 levatur.

271 2491 554 2546 Quamobrem
588 2494 632 2535 in
668 2492 820 2535 eodem
853 2492 1100 2535 kalendario
1133 2495 1329 2536 vaticano
1361 2495 1567 2548 postridie
1603 2496 1875 2550 consignatur
1908 2497 2156 2538 resurrectio
2194 2496 2355 2538 domini
2390 2497 2525 2539 nostri

273 2566 368 2607 Iesu
397 2565 573 2617 Christi,
602 2564 678 2606 ubi
709 2564 879 2606 illarum
908 2563 1016 2606 ordo
1041 2564 1315 2607 festivitatum
1348 2564 1624 2618 describitur,
1657 2578 1746 2607 non
1773 2570 1941 2620 tempus
1970 2566 2225 2626 praefigitur-
2245 2566 2519 2609 celebritatis:

272 2647 507 2690 numquam
534 2635 647 2677 enim
681 2634 814 2676 fixum
843 2634 1076 2677 maioribus
1106 2635 1262 2690 pascha
1288 2635 1392 2688 fuit,
1425 2640 1474 2677 ut
1502 2635 1601 2678 inde
1633 2647 1856 2691 perperam
1889 2637 2062 2691 quidam
2093 2642 2191 2679 sunt
2217 2637 2423 2680 arbitrati.
2456 2637 2524 2679 Ad

271 2718 401 2760 quam
430 2707 593 2748 numeri
616 2706 832 2748 rationem
857 2707 902 2747 in
928 2706 1143 2749 veteribus
1165 2706 1418 2750 kalendariis
1443 2708 1571 2749 tertio
1598 2719 1733 2750 nonas
1756 2708 1884 2750 maias
1910 2712 2079 2750 notatur
2106 2709 2290 2750 ascensio
2322 2708 2518 2762 Domini,

269 2776 412 2818 idibus
428 2787 543 2836 *vero
574 2766 832 2830 pentecoste;
932 2771 935 2773 ’
2500 2765 2502 2768 ’

609 2895 784 2925 ALTERA
814 2894 1038 2926 SECUNDAE
1066 2897 1291 2926 TABELLAE
1321 2896 1470 2926 FACIES
1498 2897 1720 2928 CONTINET
1751 2898 1930 2928 MENSEM
1960 2898 2173 2947 AIJRILEM.

1231 2992 1368 3043 Imaqo
1396 2996 1548 3044 prima.

348 3063 436 3103 ,Ιιι
467 3062 641 3104 vetustis
677 3062 863 3103 romanis
890 3060 1136 3103 kalendariis
1164 3062 1321 3104 nullius
1347 3064 1523 3116 ponitur
1553 3063 1688 3105 sancti
1721 3064 1851 3106 festus
1877 3062 1965 3105 dies
1993 3024 2182 3105 kalendis
2210 3062 2369 3117 aprilis.
2402 3062 2517 3104 Beda

268 3134 311 3175 in
341 3096 611 3188 ephemeride
639 3115 914 3184 Quintianum
945 3132 1093 3186 habet,
1122 3132 1446 3175 Wandelbertus
1473 3134 1518 3174 in
1541 3132 1782 3175 kalendario
1810 3134 1987 3175 metrico
2015 3135 2204 3187 Agapem
2229 3137 2271 3174 et
2297 3130 2537 3175 Chioniam*

268 3200 478 3257 virgines;
499 3202 575 3245 sed
597 3203 701 3244 nihil
732 3215 831 3244 eum
856 3203 940 3244 illis
961 3203 1066 3245 haec
1087 3204 1252 3256 imago,
1276 3214 1385 3256 quae
1407 3203 1637 3252 antistitem
1661 3207 1958 3257 repraesentat.
1984 3203 2198 3257 Belginum
2223 3202 2515 3245 kalendarium

266 3287 304 3316 a
322 3274 524 3317 Iohanne.
534 3274 701 3316 Molano
727 3274 912 3327 editum,
935 3278 978 3316 et
1008 3273 1369 3333 quod-Gilbertus
1387 3273 1679 3316 Genebrardus
1702 3286 1923 3316 romanum
1955 3273 2095 3325 (haud
2123 3275 2212 3316 scio
2231 3287 2359 3328 quam
2380 3274 2511 3327 bene)

268 3349 512 3399 nuncupat,
537 3344 729 3387 kalendis
752 3345 894 3400 aprilis
918 3349 1167 3400 proponunt
1194 3349 1386 3387 sanctum
1410 3346 1601 3395 Ugonem
1631 3344 1876 3399 episcopum
1906 3345 2360 3399 gratianopolitanum,
2387 3358 2513 3400 quem

265 3416 540 3458 Innocentius
576 3416 634 3458 ΙΙ.
676 3421 772 3459 ante
812 3417 1067 3472 quingentos
1107 3428 1239 3458 annos
1280 3415 1426 3457 retulit
1461 3410 1572 3456 iuter
1611 3418 1792 3455 sanctos.
1834 3415 1883 3455 In
1921 3415 2236 3470 martyrologiis
2272 3420 2512 3458 recensetur

266 3488 345 3530 hac
374 3487 442 3530 die
474 3489 705 3531 venantius
741 3490 967 3544 episcopus
996 3494 1039 3531 et
1066 3492 1256 3544 martyr,
1288 3490 1407 3531 cuius
1435 3489 1479 3529 in
1507 3485 1758 3541 baptisterio
1787 3487 2120 3529 constantiniano
2153 3488 2354 3530 memoria
2383 3492 2508 3530 extat.

266 3558 356 3600 Nisi
385 3558 594 3601 malumus
625 3558 739 3602 hunc
769 3572 858 3602 esse
886 3559 1142 3603 Walericum
1175 3559 1392 3613 abbatem,
1424 3558 1560 3599 sancti
1587 3556 1836 3600 Columbani
1864 3557 2141 3613 discipulum,
2173 3561 2248 3614 qui
2273 3564 2368 3602 ante
2398 3558 2510 3601 mille

270 3696 365 3729 nobis
386 3697 420 3729 in
438 3699 554 3739 quinto
574 3698 740 3733 volumine
760 3698 874 3731 editas.
898 3698 1066 3731 Eiusmodi
1088 3698 1194 3738 ligneo
1215 3691 1432 3737 σημαντηρίῳ
1446 3717 1455 3731 ,
1476 3704 1516 3727 ex
1539 3695 1769 3737 crepitantibus
1785 3695 1912 3730 tabellis
1928 3684 2112 3738 constante,
2132 3697 2239 3730 adhuc
2258 3700 2394 3732 utuntur
2411 3698 2507 3731 etiam

264 3749 354 3790 apud
378 3759 438 3782 nos
460 3752 610 3797 Fratrum
635 3742 831 3784 monasteria
855 3752 997 3793 aliquot,
1020 3750 1211 3783 nominatim
1232 3750 1511 3791 capuccinorum,
1533 3752 1570 3780 A.
1594 3751 1640 3780 Μ.

379 3803 425 3842 (1)
445 3803 592 3836 Fortasse
619 3804 707 3837 idem
733 3805 783 3837 est
803 3800 1013 3845 σημαντίριον
1035 3811 1203 3845 perperam
1230 3802 1440 3834 intellectum.
1465 3802 1637 3843 ceteroqui
1657 3801 1785 3835 obstare
1805 3802 1953 3843 videtur,
1976 3804 2065 3845 quod
2086 3803 2282 3846 quibusdam
2308 3805 2341 3837 iu
2365 3804 2506 3837 nummis

263 3854 398 3887 memini
418 3863 472 3888 me
496 3857 608 3890 videre
631 3859 665 3891 S.
690 3857 896 3890 Ambrosium
922 3858 1110 3900 episcopum
1137 3855 1407 3889 mediolanensem
1430 3854 1586 3888 scuticam
1611 3863 1730 3896 gerere.
1755 3859 1799 3913 A‘.
1817 3857 1862 3889 Μ.
