2970 4420
159 1687 169 1702 ·
182 1685 249 1714 cod.
263 1678 412 1719 πλείους·

448 277 508 323 56
900 305 904 307 >
1395 287 1547 321 motus
1579 287 1758 320 Attus-m

399 375 607 461 δοίτκς
647 375 671 428 ὁ
711 375 993 441 βασιλεὺς,
1031 374 1405 436 Καλλισθένης
1438 397 1523 438 τε,
1560 373 1643 429 καὶ
1681 377 1888 439 Φίλων,
1920 374 2131 439 Ἷόλαός
2171 399 2222 432 τε
2266 377 2290 430 0‘
2334 376 2586 444 βιθυνός,
2623 378 2706 432 καὶ

399 438 784 528 Ηρακλείδκς
823 453 846 506 ὁ
885 453 1209 527 ταραντινός,
1247 449 1511 546 Κρατεύας
1548 450 1573 504 ὁ
1612 449 1924 525 ῥιζοτόμος,
1952 451 2200 527 Ἀνδρέας
2235 477 2287 508 τε
2325 454 2409 507 καὶ
2450 455 2649 516 Βασσος
2685 456 2709 508 ὁ

451 529 732 592 Τόλιος,ι
711 529 1028 603 Νικήρατος,
1063 553 1144 583 και
1182 526 1465 602 Πετρώνιος
1500 525 1700 602 Νίγερ,
1733 549 1816 582 και
1860 478 2137 593 Διόδοτος,
2170 529 2254 584 καὶ
2295 528 2460 584 ἄλλοι
2495 529 2642 593 τινές.

580 607 711 651 XLV.
748 605 883 650 Philo
918 603 1159 666 byzantius
1194 618 1389 665 genere,
1426 601 1566 649 rebus
1601 603 1779 664 optime
1811 605 1950 664 gestis
1986 604 2335 652 Atheniensium
2371 605 2711 660 munificentia,

451 683 728 729 atheniensis
762 682 1061 735 architectus,
1090 696 1198 728 suae
1227 681 1337 726 artis
1360 688 1406 726 et
1430 689 1560 727 actor
1587 688 1634 726 et
1658 680 1922 743 disputator
1945 682 2150 742 optimus
2172 684 2222 728 in
2251 682 2543 730 conficiendo
2571 683 2716 730 Athe-

451 760 522 805 nis
545 760 902 805 armamentario
927 759 1055 804 mille
1080 758 1294 821 navium,
1321 756 1453 818 quod
1477 756 1566 803 fuit
1591 772 1711 819 opus
1734 772 1843 803 sane
1871 756 2056 819 elegans
2080 759 2375 822 multumque
2400 758 2641 806 laudatum
2665 759 2714 805 in

453 837 551 897 ipsa
576 837 789 881 universa
817 836 1102 896 antiquitate.
1133 834 1292 880 Cicero
1316 833 1375 879 de
1405 840 1592 880 oratore
1616 832 1700 879 lib.
1729 834 1767 879 Ι.
1800 835 1876 879 14.
1904 835 2065 896 Neque
2087 835 2214 880 enim
2236 835 2281 882 si
2303 834 2550 882 Philonem
2574 835 2711 882 illum

452 908 786 962 architectum,
817 911 903 973 qui
923 910 1284 957 Atheniensibus
1309 910 1745 956 armamentarium
1763 909 1913 972 fecit,
1945 922 2131 957 constat
2149 912 2413 975 perdiserte
2437 914 2612 976 populo
2635 929 2713 959 ra-

453 989 629 1034 tionem
654 988 807 1052 operis
832 987 909 1033 sui
933 986 1215 1036 reddidisse,
1246 986 1625 1033 existimandum
1657 999 1725 1033 est
1753 986 2006 1033 architecti
2031 987 2193 1051 potius
2217 989 2429 1051 artificio
2455 990 2708 1042 disertum,

454 1082 600 1128 quam
633 1064 838 1111 oratoris
860 1063 1035 1125 fuisse.
1070 1063 1280 1110 Valerius
1304 1065 1528 1111 Maximus
1561 1063 1645 1110 lib.
1673 1065 1801 1111 Vfll.
1821 1079 1923 1126 cap.
1956 1066 2032 1111 12.
2073 1065 2351 1112 Gloriantur
2382 1066 2595 1114 Athenae
2631 1084 2716 1114 ar-

454 1142 773 1189 mamentario
807 1158 914 1192 suo,
945 1157 1028 1186 nec
1051 1139 1152 1186 sine
1176 1155 1323 1186 causa
1337 1160 1352 1194 ‚·
1384 1153 1453 1187 est
1477 1141 1604 1187 enim
1630 1141 1755 1187 illud
1776 1157 1891 1205 opus
1915 1153 1961 1186 et
1987 1141 2201 1206 impensa
2225 1153 2269 1188 et
2296 1144 2540 1207 elegantia
2565 1145 2716 1192 visen-

456 1220 596 1265 dum:
631 1218 765 1264 cuius
797 1216 1110 1263 architectum
1138 1215 1385 1264 Philonem
1418 1217 1491 1263 ita
1506 1217 1729 1279 facunde
1758 1217 1995 1263 rationem
2024 1218 2338 1265 institutionis
2366 1235 2481 1266 suae
2505 1220 2554 1266 in
2581 1220 2717 1267 thea-

458 1309 531 1342 tro
566 1294 826 1342 reddidisse
860 1305 1044 1339 constat
1062 1331 1073 1344 ,
1113 1305 1165 1339 ut
1201 1293 1541 1340 disertissimus
1568 1294 1774 1358 populus
1807 1311 1901 1340 non
1937 1294 2169 1340 minorem
2204 1295 2395 1340 laudem
2423 1295 2717 1358 eloquentiae

457 1372 583 1422 eius,
611 1387 756 1433 quam
787 1370 887 1416 arti
909 1370 1147 1416 tribuerit.
1185 1372 1392 1417 Meminit
1416 1379 1461 1417 et
1489 1372 1662 1417 Plinius
1688 1370 1774 1417 lib.
1802 1372 1901 1417 VII.
1931 1386 2033 1433 cap.
2065 1372 2143 1418 38.
2173 1370 2424 1417 Laudatus
2453 1383 2521 1417 est
2545 1371 2718 1419 Philon

458 1447 653 1495 4thenis
687 1459 1065 1495 armamentario
1092 1447 1223 1493 mille
1243 1448 1455 1495 navium.
1493 1450 1555 1495 At
1579 1447 1745 1495 Strabo
1774 1447 1857 1494 lib.
1886 1449 2005 1495 VIII.
2037 1447 2144 1510 (ed.
2174 1448 2323 1495 Amst
2353 1465 2401 1511 p.
2430 1450 2541 1496 395.
2561 1449 2718 1512 )qua·-

459 1526 727 1588 dringentas
761 1533 939 1571 tantum
971 1524 1151 1571 scribit:
1188 1514 1244 1568 τό
1271 1514 1362 1586 μὲν
1391 1512 1476 1570 οὐν
1501 1513 1723 1569 παλαιὸν
1753 1515 2085 1584 ε’τεὛείχιστο,
2111 1537 2192 1569 και
2225 1514 2494 1590 συνῴκιστο
2521 1540 2545 1574 n
2574 1521 2717 1570 Μου·

461 1592 619 1664 νυχιά
653 1590 1049 1666 παραπλησίως,
1086 1588 1245 1664 ὥσπερ
1283 1615 1309 1649 n
1347 1593 1443 1647 τῶν
1475 1589 1690 1646 Ῥοδίων
1725 1590 1894 1653 πόλις
1928 1592 2311 1689 προσειληφυια
2344 1616 2412 1665 τῳ
2449 1591 2716 1667 περιβόλῳ

459 1694 545 1725 τον
580 1669 832 1766 Πειραιοῖ,
862 1693 944 1722 και
978 1667 1095 1729 τοὺς
1132 1666 1345 1739 λιμένας
1381 1667 1645 1739 πλήρεις*
1681 1667 1923 1740 νεωρίων,
1955 1669 2001 1724 ἐν
2033 1692 2110 1730 οις
2147 1691 2229 1722 και
2261 1693 2287 1725 n
2319 1669 2589 1728 ὁπλοθήκη
2623 1669 2716 1724 Φί-

460 1758 620 1809 λωνος
659 1744 841 1821 ἔργον,
878 1744 1030 1818 ἀξιον
1065 1767 1116 1797 τε
1153 1752 1206 1802 ἦν
1243 1744 1575 1817 ναύσταθμον
1609 1743 1966 1817 τετρακοσιάις
2004 1768 2208 1808 ναυσιν,
2243 1741 2308 1801 ὠν
2346 1746 2436 1800 οὐκ
2472 1746 2716 1809 ελοίτὙους

463 1822 709 1879 ε’στελλον
739 1824 1033 1880 Ἀθηναιοι.
1069 1833 1123 1879 Id
1151 1849 1177 1879 a
1205 1833 1330 1895 Sylla
1364 1834 1509 1896 captis
1533 1832 1751 1885 Athenis,
1780 1842 1826 1879 et
1853 1833 2037 1886 Piraeo,
2062 1847 2156 1879 una
2182 1848 2289 1879 cum
2311 1833 2412 1880 aliis
2435 1835 2719 1881 ornamentis

460 1910 774 1973 operibusque
799 1911 1007 1971 inclytis,
1036 1917 1249 1956 exustum
1271 1910 1411 1956 fuisse
1436 1910 1577 1956 refert
1603 1911 1913 1957 Plutarchus'
1901 1927 1950 1956 in
1974 1910 2100 1972 Sylla
2125 1925 2226 1973 cap.
2260 1911 2336 1957 14.
2374 1897 2504 1970 Εἶχε
2539 1898 2593 1954 δὲ
2627 1924 2712 1955 και

461 1977 546 2034 ‹r3v
577 1978 800 2052 Πειραιοῖ
832 1977 936 2048 μετ’
973 1977 1028 2029 οὗ
1065 1975 1226 2032 πολὺν
1261 1975 1446 2049 χρόνον
1484 2000 1507 2030 ο
1540 1976 1785 2039 Σύλλας,
1814 1999 1897 2031 και
1938 1975 2003 2030 τοὶ
2035 1977 2260 2031 πλειστα
2290 1976 2622 2041 κατέκαυσεν,
2651 1973 2716 2034 ὠν

464 2079 518 2111 nv
554 2078 637 2108 και
679 2078 704 2111 n
742 2058 972 2115 Φίλωνος
1009 2051 1295 2111 ὁπλοθήκη
1331 2051 1791 2127 θαυμαζόμενον”
1767 2075 1928 2151 ²9702’s
1963 2065 2168 2111 Philonis
2196 2065 2333 2111 huius
2362 2066 2574 2112 meminit
2598 2067 2719 2113 inter

465 2150 667 2196 xeteres,
694 2143 776 2203 qui
802 2141 1131 2187 architecturae
1163 2140 1301 2186 laude
1328 2140 1615 2195 floruerunt,
1643 2142 1876 2187 Ausonius
1908 2142 1957 2187 in
1988 2140 2180 2187 Mosella
2212 2157 2260 2188 v.
2290 2141 2401 2188 303.

912 2219 1020 2263 Non
1047 2217 1186 2264 Philo
1211 2218 1472 2282 cecropius,
1502 2235 1596 2264 non
1624 2219 1709 2282 qui
1733 2218 1962 2265 laudatus
1986 2217 2049 2264 ab
2075 2216 2206 2264 hoste

907 2295 1048 2340 Clara
1074 2294 1310 2357 syracosii
1333 2295 1492 2341 traxit
1518 2295 1786 2342 certamina
1815 2295 1941 2341 belli.
2142 2276 2156 2289 ι

462 2376 566 2420 Non
599 2381 707 2419 sunt
740 2373 918 2434 ingrata
953 2380 1032 2417 aut
1061 2371 1313 2417 inhumana
1347 2373 1628 2418 Graecorum
1660 2372 1860 2433 ingenia.
1893 2373 2023 2418 Tanti
2057 2359 2270 2419 beneficii
2297 2372 2601 2419 Athenienses
2622 2388 2719 2420 me-

462 2468 639 2505 mores,
673 2460 855 2514 praeter
888 2451 1034 2497 multa
1065 2450 1311 2497 commoda
1345 2466 1465 2512 quae
1500 2450 1661 2497 extilla
1687 2449 1927 2513 republica
1955 2451 2206 2512 suscepisse
2233 2450 2482 2497 verisimile
2514 2458 2606 2504 est,
2636 2450 2719 2496 de-

463 2531 599 2576 cretis
630 2537 675 2575 et
706 2527 965 2575 honoribus
991 2537 1208 2582 ornatur,
1236 2537 1282 2574 et
1306 2529 1489 2585 civitate
1520 2528 1724 2574 donatur
1752 2528 2122 2574 Atheniensium.
2160 2528 2309 2573 Huius
2332 2528 2400 2573 rei
2425 2534 2586 2574 auctor
2612 2527 2720 2574 nul-

465 2608 537 2652 lus
569 2608 662 2659 es't,
692 2606 819 2668 quod
852 2607 1007 2652 sciam.
1044 2605 1176 2652 Unde
1209 2606 1259 2651 id
1289 2606 1336 2651 in
1362 2614 1488 2651 tanta
1512 2620 1670 2652 rerum
1704 2604 1986 2651 obscuritate
2020 2606 2307 2658 coniectura,
2336 2619 2483 2666 eaque
2509 2619 2603 2650 non
2628 2604 2720 2651 levi

465 2693 697 2732 assecutus
730 2684 865 2730 sum?
901 2685 1058 2729 Donec
1091 2683 1156 2729 dii
1192 2682 1413 2735 meliora,
1441 2684 1600 2744 paucis
1635 2681 1771 2728 habe.
1809 2683 1936 2729 Hero
1968 2683 2149 2736 iunior,
2178 2681 2295 2728 alter
2331 2679 2390 2727 ab
2423 2682 2609 2728 Herone
2635 2679 2720 2732 illo

466 2762 768 2808 alexandrino
800 2759 982 2807 Ctesibii
1005 2760 1269 2822 discipulo,
1297 2758 1462 2805 libello
1493 2775 1634 2821 quem
1662 2775 1756 2805 non
1789 2759 2023 2805 incurioso
2055 2758 2235 2812 studio,
2263 2773 2413 2820 neque
2438 2759 2580 2805 musis
2603 2758 2720 2805 invi·

402 2890 405 2891 ⁷
466 2842 523 2885 tis
552 2839 611 2885 de
634 2838 813 2885 bellicis
844 2838 1067 2884 machinis
1092 2837 1376 2899 composuit,
1403 2836 1595 2883 huiusce
1620 2837 1685 2882 rei
1719 2852 1813 2883 non
1839 2837 1957 2883 levia
1984 2836 2214 2882 ministrat
2239 2843 2526 2897 argumenta.
2566 2835 2721 2923 Iun’io-

466 2933 566 2963 rem
600 2916 725 2962 hunc
757 2932 855 2962 esse
883 2917 1118 2961 Heronem
1146 2915 1261 2966 illis,
1293 2915 1477 2960 scimus.
1519 2903 1745 2958 Δυνατόν
1777 2900 1889 2956 δὲ’
1871 2926 2035 2966 εστιν,
2062 2926 2144 2956 και
2181 2900 2297 2956 ἄνευ
2335 2901 2602 2973 κλιμάκων
2636 2901 2714 2955 επὶ

466 3006 643 3052 τειχος
679 2979 1015 3055 ἀνέρχεσθαι,
1049 3005 1112 3043 ως
1148 3005 1171 3033 ο
1208 2980 1452 3055 οἷσκρκνός
1482 2984 1789 3053 Κτησίβιος,
1820 3004 1843 3033 ο
1878 3002 1968 3033 του
2005 2976 2398 3052 οἷλεξανδρεως
2396 2974 2628 3050 Ἠρωνος·
2636 3001 2720 3031 κα-

468 3059 736 3134 &aym-ng,
774 3082 821 3114 εν
856 3083 966 3119 τοις
1004 3058 1193 3112 ἑαυτοῦ
1229 3056 1478 3114 ἐδηλωσεν
1517 3056 1910 3128 ὑπομνήμασιν,
1949 3054 2039 3110 διοὶ
2076 3053 2444 3149 μηχανήματος
2478 3053 2716 3108 τοιούτου

470 3135 616 3191 καθοί
653 3153 798 3202 φησιν
821 3136 1118 3196 Ἀθηναιος.
1154 3147 1232 3191 Et:
1273 3131 1395 3189 ὅθεν
1425 3133 1508 3188 καὶ
1539 3131 1754 3206 Ἵ-Ιρων
1732 3157 1755 3186 ο
1794 3132 2161 3206 μαθηματικὸς
2190 3154 2352 3192 συνεις
2380 3127 2439 3184 τδ
2470 3127 2717 3195 δελφικόν

473 3214 629 3268 εκεῖνο
629 3211 1028 3306 παραγγελμα
1063 3209 1122 3266 τό
1161 3212 1534 3283 ὑπομιμνησκον
1570 3234 1702 3282 κμας
1737 3209 1926 3284 χρόνου
1957 3207 2262 3273 φείδεσθαι,
2292 3231 2374 3260 και
2418 3203 2495 3260 ὅτι
2525 3230 2590 3261 τα
2618 3229 2725 3297 τουν

473 3291 653 3363 καιροῦ
686 3288 851 3362 με’τρα
889 3287 971 3343 δει
1006 3287 1226 3352 εἰδέναι,
1263 3289 1327 3349 ὦς
1365 3285 1697 3362 ὑπάρχοντος
1733 3285 1902 3360 ἀώρου
1937 3285 1995 3340 τό
2030 3284 2278 3359 μέγιστον
2314 3306 2397 3337 και
2439 3281 2718 3356 ἀναγκαιό-

468 3388 620 3419 τατον
654 3364 806 3438 μέρος
833 3391 920 3428 της
952 3366 999 3421 ἐν
1030 3370 1318 3437 φιλοσοφίᾳ
1346 3362 1645 3437 διατριβῆς,
1674 3386 1756 3417 και
1798 3361 1955 3435 μεχρι
1987 3363 2082 3416 τοῦ
2109 3361 2190 3416 νῦν
2217 3360 2354 3431 παρὰ
2388 3360 2599 3414 πολλων
2637 3359 2719 3433 ζη-

471 3440 737 3512 τοόμενον,
772 3466 881 3516 περι
922 3440 1265 3516 αταραξιάς
1239 3440 1532 3535 υποίρχειν
1514 3438 1652 3494 ὠετο·
1683 3463 1766 3493 και
1805 3437 1938 3512 μηδέ
1964 3460 2080 3493 ποτε
2110 3434 2199 3490 δια
2224 3459 2321 3490 των
2355 3435 2533 3507 λόγων
2563 3433 2720 3498 τέλος

477 3516 610 3590 ἕξειν
646 3514 821 3573 ε’·λεΓεν
850 3544 1102 3590 μηχανικκ
1135 3517 1186 3572 δὲ
1218 3542 1303 3575 τκν
1336 3541 1383 3573 εν
1416 3516 1591 3578 λόΓοις
1622 3513 1684 3569 δι
1718 3515 1878 3591 ε’ργων
1908 3514 2198 3587 ὑπερβασαν
2228 3511 2572 3567 διδασκαλίαν
2603 3510 2719 3568 ποίν-

473 3618 564 3655 τας
593 3591 880 3665 ανθρώπους
910 3594 1175 3691 εδιδαξεν,
1205 3593 1496 3690 o't‘ragzuch‘
1509 3591 1593 3668 §nv
1625 3591 1952 3655 ἐπίστασθαι,
1985 3589 2047 3651 δι
2081 3590 2188 3651 ἑνός
2220 3590 2376 3651 αὖτκς
2410 3586 2596 3662 μέρους
2623 3611 2714 3644 του

475 3670 601 3724 κατὰ
630 3693 716 3726 την
753 3669 1052 3735 βελοποιίαν
1082 3671 1432 3743 καλουμένου,
1462 3671 1525 3732 ὠς
1557 3668 1679 3741 μήτε
1714 3671 1760 3725 ἐν
1791 3668 2011 3744 εἰρηνικῇ
2036 3664 2343 3720 καταστάσει
2379 3663 2716 3741 ταροίτΎεσθαι

475 3770 594 3800 ποτε
629 3743 822 3821 εχθρων
852 3770 934 3800 και
965 3754 1217 3819 πολεμιων
1249 3745 1491 3813 εφόδους,
1519 3769 1640 3818 μκτε
1671 3745 1902 3818 πολέμου
1938 3741 2190 3805 ἐνσὙοίντος
2225 3760 2314 3799 etc.
2343 3754 2583 3815 Leguntur
2607 3752 2722 3799 haec

475 3835 522 3881 in
558 3834 800 3896 prooemio
832 3833 1030 3881 Heronis
1063 3836 1255 3882 senioris
1285 3835 1433 3882 libelli
1467 3834 1525 3881 de
1549 3833 1848 3887 Telifactivis‚
1876 3848 1902 3879 a
1924 3829 2210 3878 Bernardino
2242 3829 2389 3877 Baldo
2413 3827 2658 3877 urbinate
2646 3844 2720 3875 ln-
