2970 4420
1355 265 1478 298 vru-
2499 270 2551 301 XI*

289 339 418 383 moda
445 338 687 382 valetudine
715 344 900 383 tentatus
929 341 1006 395 sit,
1032 345 1075 383 et
1102 349 1216 384 nunc
1245 340 1512 396 septuaginta
1538 343 1582 382 et
1604 350 1675 381 sex
1703 337 1885 393 amplius
1912 350 2046 381 annos
2074 343 2197 382 natus
2219 342 2271 393 (1)
2296 347 2442 385 natura
2471 343 2546 385 fir-

289 411 472 454 missima
501 413 665 464 utatur,
691 410 889 466 viresque
915 411 958 452 10
988 409 1271 454 adolescentia
1299 414 1498 464 vexatas,
1520 410 1706 464 integras
1733 412 1873 451 tamen
1897 408 2074 461 habeat,
2098 422 2178 452 nec
2199 410 2297 453 ullis
2318 415 2547 456 senectutis

272 472 402 523 ‘vitiis
430 480 746 536 interpellatum
768 493 812 522 se
833 480 1010 535 sentiat,
1034 494 1143 537 quo
1151 482 1289 524 minus
1319 480 1498 536 obsequi
1523 479 1675 524 studiis
1703 480 1791 522 suis
1817 477 1974 535 possit,
1999 484 2041 521 et
2067 480 2267 535 improbo
2296 481 2359 524 illi
2381 483 2547 525 assidue

288 551 500 595 scribendi
531 550 849 606 meditandique
878 551 1016 593 labori
1045 552 1244 595 sufficiat.

412 624 480 666 13.
513 621 640 675 Quod
678 621 849 677 quidem
886 622 990 664 mihi
1026 624 1264 678 reputanti,
1299 622 1483 665 venitin
1514 626 1695 665 mentem
1733 622 1886 664 veteris
1921 620 2033 663 illius
2067 623 2206 684 terrae
2239 634 2414 676 graecae
2448 623 2544 666 foe-

287 692 544 746 cunditatis,
577 705 688 748 quae
723 693 948 747 gignendis
987 693 1174 737 robustis
1206 693 1357 736 animis
1391 692 1708 736 robustioribus
1742 694 1786 735 in
1823 692 2079 748 corporibus
2114 694 2212 736 satis
2250 698 2387 747 esset,
2420 699 2468 736 ut
2502 697 2549 737 in

286 764 490 818 Platone,
521 764 565 806 in
598 765 810 818 Isocrate,
834 764 1025 807 leontino
1057 765 1240 818 Gorgia,
1274 769 1317 806 et
1343 765 1536 819 plurimis
1566 764 1677 819 aliis;
1708 776 1812 817 nec,
1838 755 1893 806 *ut
1916 763 2032 819 apud
2066 776 2169 818 nos,
2203 765 2326 819 quasi
2349 777 2546 807 consum-

285 836 370 890 ptis
404 835 449 878 in
482 835 687 878 alterutro
722 834 911 888 viribus,
945 835 1075 878 animi
1109 835 1361 891 plerumque
1391 835 1507 878 bona
1535 836 1650 878 vitiis
1679 835 1872 891 corporis
1905 839 2064 878 mutata
2095 835 2228 889 ferat;
2261 841 2310 879 ut
2340 848 2427 878 non
2447 831 2548 879 'im-

285 907 438 950 merito
469 906 652 961 gloriata
677 906 870 950 videatur
899 919 946 949 ea
973 918 1077 961 gens
1103 907 1211 950 soles
1240 906 1357 965 apud
1382 920 1427 949 se
1455 907 1604 949 melius
1635 907 1789 961 nitere,
1815 907 2050 962 ceterisque
2073 906 2367 961 benigniorem
2394 907 2550 950 faciem

284 990 374 1021 esse
403 977 525 1021 caeli.
559 977 672 1030 Quid
705 977 824 1033 quod
856 982 1015 1021 ceteras
1048 977 1163 1034 apud
1199 983 1344 1034 gentes
1378 979 1501 1033 quasi
1535 979 1823 1034 peregrinatas
1854 977 2084 1033 accipimus
2117 978 2302 1033 litteras,
2336 982 2380 1021 et
2407 978 2549 1022 bonasv

281 1049 424 1093 artes?
452 1048 626 1105 quando
658 1050 754 1105 ipso
784 1051 827 1092 in
857 1050 1004 1103 Latio,
1037 1047 1084 1092 si>
1108 1049 1250 1092 demas
1279 1053 1499 1104 tempora,
1532 1062 1642 1106 quae
1668 1063 1693 1093 a
1724 1050 1938 1093 Ciceronis
1965 1053 2123 1103 aetate,
2157 1053 2231 1092 aut
2259 1050 2385 1105 paulo
2416 1064 2549 1106 supra

282 1120 339 1174 ad
369 1121 593 1164 Traianum
627 1133 762 1176 usque
794 1121 1030 1177 principem
1065 1120 1246 1173 fluxere,
1278 1121 1373 1175 quis
1404 1132 1484 1162 oro
1519 1125 1594 1163 ant
1623 1120 1908 1176 philosophus
1940 1124 2014 1163 aut
2047 1124 2195 1163 orator
2226 1121 2402 1175 insignis
2430 1121 2544 1164 fuit?

281 1191 385 1244 Quis
416 1191 724 1234 ad-historiam
753 1191 1018 1234 scribendam
1048 1191 1219 1235 accessit
1251 1203 1347 1232 cnm
1381 1190 1491 1244 stili,
1526 1196 1599 1233 aut
1630 1193 1819 1247 ordinis,
1851 1196 1925 1235 aut
1954 1191 2196 1247 diligentiae
2226 1192 2380 1236 laude?
2410 1193 2541 1235 Grae-

280 1262 388 1304 ciam
424 1274 529 1304 vero
566 1266 813 1318 perpetuam
845 1263 1060 1305 Musarum
1094 1260 1239 1304 sedem
1275 1266 1318 1303 et
1349 1260 1545 1304 stabilem
1579 1262 1705 1306 fuisse
1742 1264 2055 1318 comperimus:
2088 1276 2169 1305 nec
2203 1268 2328 1322 antea
2359 1263 2542 1306 florendi

280 1334 398 1376 omni
425 1332 718 1376 doctrinarum
745 1346 898 1389 genere
923 1334 1051 1376 finem
1081 1333 1205 1387 fecit,
1234 1346 1364 1388 quam
1394 1346 1483 1375 esse
1516 1332 1707 1387 desierit,
1741 1339 1917 1390 accepto
1949 1336 2183 1377 Turcarum
2214 1335 2382 1390 imperii
2410 1336 2539 1390 ingo,

279 1405 399 1448 cuius
421 1405 684 1448 immanitate
710 1405 878 1461 perdIta
904 1405 1095 1448 funditus
1125 1409 1167 1447 et
1196 1417 1341 1447 eversa
1368 1409 1447 1446 est.
1481 1404 1674 1447 Ceterum
1702 1405 1754 1447 ab
1787 1407 2002 1459 Homero,
2028 1406 2167 1448 omnis
2192 1405 2412 1448 doctrinae
2442 1418 2539 1449 om-

277 1477 429 1532 nisque
457 1477 728 1520 humanitatis
752 1478 970 1534 principe,
1000 1477 1180 1520 demissa
1207 1489 1287 1532 per
1312 1477 1401 1519 eius
1429 1480 1626 1531 posteros
1653 1477 1912 1531 optimorum
1942 1476 2182 1519 studiorum
2215 1477 2346 1520 veluti
2373 1490 2541 1520 succes-

276 1549 362 1602 sio,
391 1560 626 1603 numquam
664 1549 709 1591 in
741 1549 919 1607 Graecia
951 1548 1187 1591 intermissa
1222 1552 1301 1590 est.
1334 1547 1512 1590 Litteras
1542 1546 1642 1588 inde
1678 1560 1764 1589 una
1795 1560 1891 1589 cum
1925 1546 2090 1602 legibus
2125 1547 2170 1590 in
2206 1548 2373 1591 Latium
2406 1549 2539 1591 illatas

276 1620 531 1674 accipimus,
565 1628 743 1674 quarum
773 1618 898 1670 laude
932 1623 1044 1662 certe
1077 1630 1312 1674 numquam
1349 1617 1455 1660 adeo
1493 1617 1598 1659 clari
1630 1617 1760 1660 fuisse
1799 1622 2090 1660 memorantur
2119 1619 2286 1660 romani
2319 1619 2536 1673 homines,

277 1691 380 1745 quin
410 1690 535 1732 simul
565 1690 742 1733 Graecia
775 1690 1012 1733 abundaret
1044 1694 1259 1745 proventu
1290 1691 1504 1743 virorum,
1539 1702 1635 1731 cum
1664 1689 1820 1744 quibus
1851 1689 1917 1731 1115
1949 1689 2050 1744 ipsis
2082 1689 2134 1731 de
2162 1690 2450 1746 eloquentiae,
2484 1691 2537 1733 de

274 1761 592 1816 philosophiae,
621 1761 675 1804 (10
705 1763 891 1816 poetices
916 1762 1056 1816 gloria
1085 1761 1334 1816 ambiguum
1363 1766 1578 1822 certamen
1604 1765 1732 1802 esset:
1768 1765 1810 1802 et
1834 1765 2062 1815 postquam
2083 1761 2213 1803 latina
2241 1760 2424 1803 eruditio
2454 1761 2535 1804 do-

274 1832 523 1888 ctrinaque,
555 1836 605 1874 ut
639 1832 798 1874 dictum
829 1837 915 1886 est,
949 1833 1192 1885 consenuit,
1224 1833 1516 1887 exolevitque,
1550 1835 1827 1886 perrexerunt
1861 1831 2132 1873 nihilominus
2166 1844 2340 1886 graecae
2371 1831 2534 1875 litterae

272 1902 458 1946 valentes
489 1915 578 1945 esse
608 1907 651 1945 et
679 1907 855 1957 vegetae
884 1904 1068 1958 suaeque
1100 1903 1300 1958 pristinae
1328 1902 1545 1957 dignitatis
1573 1903 1816 1944 retinentes.

395 1974 464 2015 14.
497 1974 644 2028 Neque
672 1986 773 2016 vero
806 1986 883 2029 per
907 1986 976 2015 eas
1008 1974 1146 2028 stetit,
1179 1973 1409 2028 quominus
1439 1973 1577 2015 omnis
1606 1973 1813 2015 memoria
1840 1984 2038 2014 romanae
2068 1985 2242 2028 quoque
2275 1973 2534 2016 claritudinis

272 2046 511 2100 posteritati
538 2044 694 2088 tradita
722 2049 932 2101 superstes
966 2050 1094 2098 esset,
1128 2057 1237 2101 quae
1269 2044 1442 2100 quidem
1476 2048 1575 2099 post
1604 2048 1786 2087 aetatem
1818 2044 1949 2087 Taciti
1980 2045 2032 2098 (2)
2065 2045 2296 2087 vernaculis
2325 2045 2378 2087 ab
2408 2043 2532 2099 inge-4

271 2116 351 2158 niis
385 2120 459 2158 aut
490 2117 664 2158 omnino
698 2116 896 2172 prodita,
927 2121 1000 2159 aut
1028 2116 1179 2159 leviter
1207 2129 1259 2158 ex
1289 2121 1408 2172 parte
1442 2119 1642 2170 tractata,
1676 2127 1841 2158 summo
1878 2128 1974 2158 cum
2005 2115 2123 2158 cultu
2154 2116 2444 2172 elegantiaque
2479 2117 2534 2158 ad

269 2188 468 2242 1105ῐο105
493 2191 745 2242 pervenerat
774 2189 906 2242 opera
932 2188 1105 2241 Dionis,
1137 2187 1396 2242 Herodiani‚
1428 2187 1680 2230 atheniensis
1710 2177 1939 2242 Dioxippi,
1972 2188 2105 2230 Prisci
2135 2187 2340 2242 rethoris;
2374 2188 2533 2242 quique

270 2259 352 2303 hos
379 2259 597 2301 consecuti
618 2263 738 2311 sunt,
761 2259 937 2311 Zosimi,
962 2260 1189 2316 Procopii,
1212 2259 1446 2314 Agathiae,
1472 2259 1653 2315 aliique,
1686 2259 1762 2314 qui
1791 2271 1905 2300 nunc
1930 2258 2180 2315 byzantinae
2207 2259 2407 2302 historiae
2429 2261 2532 2301 scri-

267 2333 413 2385 ptores
439 2329 618 2372 audiunt
648 2327 733 2386 (3),
765 2341 950 2384 quorum
981 2330 1207 2386 plerosque
1239 2332 1357 2385 (10031
1384 2330 1548 2372 tabulas
1577 2329 1812 2385 naufragii,
1846 2331 1998 2373 iniuria
2026 2335 2268 2385 temporum
2294 2331 2474 2383 fractas,
2507 2343 2533 2373 a

267 2400 546 2443 Constantino
571 2399 942 2455 porphyrogenito
963 2401 1163 2445 collectas
1187 2400 1418 2454 habemus,
1441 2402 1544 2442 item
1568 2413 1594 2442 a
1617 2401 1774 2443 Photio
1802 2401 1974 2443 homine
1998 2413 2176 2455 graeco,
2201 2401 2254 2444 de
2279 2414 2366 2456 quo
2390 2406 2531 2444 tamen
2578 2395 2583 2398 ’

266 2471 419 2514 merito
448 2470 638 2525 ambigas
664 2470 760 2526 plus
786 2483 839 2512 ne
865 2471 1116 2513 eruditionis
1142 2470 1197 2514 ad
1221 2484 1310 2513 rem
1336 2470 1627 2514 illustrandam
1650 2471 1921 2524 litterariam,
1947 2484 2001 2514 an
2025 2471 2245 2527 superbiae
2268 2476 2311 2514 et
2338 2472 2531 2515 vanitatis

267 2542 322 2585 ad
352 2541 684 2596 conturbandam
721 2542 940 2585 ecclesiam
969 2543 1174 2586 attulerit.
1210 2542 1323 2595 Quid
1355 2543 1447 2598 ipsa
1478 2543 1678 2596 ecclesia,
1704 2547 1753 2588 ¹et
1782 2556 1851 2584 res
1881 2543 2106 2585 christiana
2138 2543 2355 2595 universa,
2388 2557 2529 2586 nonne

270 2613 389 2667 quod
419 2626 529 2668 una,
561 2613 681 2669 quod
710 2614 892 2667 florens,
926 2614 1045 2669 quod
1078 2614 1294 2659 erroribus
1323 2614 1544 2667 immunis,
1578 2613 1698 2669 quod
1732 2613 1883 2655 victrix
1919 2613 2137 2655 haeresum
2174 2617 2263 2667 est,
2297 2614 2527 2669 plurimum

266 2678 499 2726 secunduin
529 2685 665 2726 Deum
696 2685 859 2738 graecis
889 2684 1080 2740 patribus
1112 2685 1240 2727 debet
1267 2685 1497 2741 Dionysio,
1530 2678 1786 2736 Athanasio,
1818 2684 1998 2738 Basilio,
2031 2683 2305 2726 alexandrino
2339 2685 2524 2740 Cyrillo,
2556 2737 2559 2738 ⁷

266 2753 600 2809 Chrysostomo,
625 2755 912 2797 Nazianzeno?
943 2768 1127 2810 quorum
1154 2756 1312 2811 ingenii
1337 2756 1443 2810 adeo
1472 2756 1692 2798 Graeciam
1718 2755 1833 2798 illam
1863 2755 2144 2810 posteriorem
2170 2768 2260 2797 non
2290 2758 2521 2810 paenituit,

264 2829 314 2866 ut
343 2824 483 2868 donec
511 2825 756 2880 superstites
783 2825 929 2879 fuere,
960 2825 1068 2868 nihil
1099 2826 1276 2869 haberet
1308 2826 1428 2882 quod
1454 2826 1618 2882 priscos
1649 2838 1748 2868 suos
1777 2825 2084 2876 Demosthenes
2113 2830 2155 2867 et
2183 2826 2330 2880 Lysias
2360 2830 2403 2868 et
2431 2827 2523 2868 Iso-

263 2901 399 2939 crates
421 2896 702 2950 desideraret,
727 2909 814 2952 quo
831 2893 983 2939 *tamen
1006 2902 1199 2952 tempore
1223 2897 1426 2940 tullianae
1450 2897 1670 2940 facundiae
1694 2909 1774 2939 nec
1793 2897 2019 2950 vestigium
2045 2897 2180 2939 ullum
2201 2901 2292 2939 erat
2316 2897 2358 2939 in
2383 2898 2522 2940 Latio.

263 2967 551 3011 Perseveravit
577 2979 709 3022 porro
739 2967 794 3010 ad
824 2967 953 3010 finem
983 2980 1117 3023 usque
1148 2968 1212 3010 sui
1236 2967 1339 3010 haec
1367 2969 1480 3010 natio
1509 2968 1554 3009 in
1581 2955 1788 3010 instituto*
1805 2967 1886 3009 sibi
1915 2968 2032 3009 cultu
2060 2967 2319 3020 litterarum;
2352 2979 2524 3022 magua-

354 3098 402 3139 (1)
422 3099 471 3130 En
494 3106 561 3139 quo
584 3105 671 3130 anno
695 3097 810 3129 aetatis
831 3095 942 3134 Allatii
967 3095 1128 3129 scribebat
1150 3096 1222 3129 eius
1245 3097 1348 3128 vitam
1368 3095 1526 3136 Gradius,
1546 3095 1579 3127 id
1603 3096 1651 3127 est
1676 3096 1751 3128 ante
1773 3095 1862 3127 illius
1886 3095 2012 3127 obitum
2038 3095 2105 3127 fere
2128 3095 2306 3136 septennio.
2330 3096 2419 3132 Obiit
2439 3097 2526 3129 enim

257 3151 415 3192 allatius,
436 3153 477 3183 nt
502 3151 623 3192 passim
646 3151 740 3183 aiunt
762 3150 928 3191 historici,
951 3159 1054 3183 annos
1075 3153 1171 3183 natus
1193 3155 1250 3192 83,
1273 3150 1395 3183 Christi
1418 3159 1503 3182 anuo
1527 3154 1622 3188 1669,
1646 3149 1784 3181 ianuarii
1806 3149 1860 3181 die
1885 3153 1934 3181 18.
1959 3148 2178 3186 Quamobrem
2202 3149 2376 3182 mendosus
2397 3152 2446 3183 est
2469 3155 2523 3183 As-

258 3212 410 3237 semanus
434 3205 469 3237 in
494 3204 694 3246 praefatione
718 3203 760 3236 ad
786 3204 978 3244 catalogum
1001 3203 1155 3236 codicum
1177 3213 1226 3236 or.
1249 3205 1287 3236 Τ.
1310 3204 1337 3235 1.
1360 3212 1393 3244 p.
1417 3205 1475 3244 71,
1498 3202 1555 3243 qui
1577 3202 1624 3234 ait
1646 3211 1721 3234 eum
1747 3201 1865 3234 obiisse
1891 3201 1945 3234 die
1970 3202 2136 3243 praedicto
2159 3203 2298 3235 ianuarii
2320 3211 2407 3236 anno
2432 3208 2521 3237 1668.

254 3257 414 3299 Legebam
433 3258 543 3290 autem
559 3266 618 3298 ego
637 3257 669 3289 in
685 3256 815 3290 schedis
829 3265 1002 3299 supremas
1016 3265 1148 3298 quoqne
1162 3256 1274 3289 Allatii
1291 3255 1437 3295 tabulas,
1451 3264 1508 3286 seu
1524 3256 1771 3301 testamentum,
1788 3254 1842 3286 die
1855 3259 1906 3287 28.
1926 3254 2080 3287 februarii
2097 3256 2404 3298 an.1668.publica
2418 3256 2523 3289 forma

255 3310 444 3351 conditum,
465 3311 501 3343 in
525 3320 592 3352 quo
616 3311 645 3342 is
668 3309 790 3343 dicitur
812 3319 922 3343 sanus
944 3312 1077 3350 mente,
1100 3311 1199 3350 visu,
1222 3309 1368 3349 auditu,
1391 3311 1425 3341 et
1449 3307 1649 3347 intellectu,
1675 3308 1755 3340 licet
1779 3316 1920 3349 corpore
1941 3308 2003 3348 ms
2007 3317 2116 3341 rmus
2138 3310 2210 3342 Non
2233 3310 2332 3350 igitur
2354 3311 2520 3351 superiore
2563 3344 2571 3354 ‚

255 3371 365 3396 mense
392 3363 555 3396 extinctus
581 3363 703 3403 ruerat,
724 3362 783 3395 sed
807 3364 876 3396 toto
899 3362 958 3395 illo
986 3371 1072 3395 anuo
1103 3371 1179 3395 cum
1203 3363 1294 3395 senio
1321 3361 1509 3402 morbisque
1531 3361 1688 3401 luctatus,
1709 3360 1804 3392 initio
1828 3360 1960 3393 demum
1987 3361 2168 3402 sequenti,s
2194 3364 2232 3394 ut
2258 3361 2421 3403 diximus,
2447 3363 2519 3395 reli-

242 3415 470 3457 ‘giosissimam
489 3416 631 3449 animam
649 3416 784 3449 efflavit.
807 3416 896 3455 Quid
919 3417 1034 3458 plura?
1058 3416 1220 3449 Praefatio
1242 3415 1378 3448 indiculi
1399 3414 1649 3455 Symmictorum
1669 3413 1779 3446 Allatii
1801 3413 1915 3455 (apud
1936 3413 2122 3447 Fabricium
2141 3417 2179 3448 Τ
2197 3417 2283 3448 xlv.
2298 3415 2310 3457 )
2331 3417 2451 3458 scripta
2472 3419 2520 3449 est

254 3469 403 3502 kalendis
424 3468 538 3511 aprilis
558 3477 644 3513 anno
668 3473 764 3511 1668,
789 3470 824 3502 10
848 3479 952 3512 eaque
977 3479 1130 3512 magnum
1155 3469 1263 3502 adhuc
1289 3469 1381 3501 illum
1408 3469 1516 3499 *irum
1540 3467 1573 3499 in
1597 3466 1683 3499 vivis
1708 3475 1802 3507 agere
1825 3467 2028 3501 adfirmatur.
2050 3470 2088 3500 A.
2112 3469 2157 3501 Μ.

360 3521 408 3564 (²)
428 3521 542 3555 Obiter
564 3511 637 3555 heic
660 3522 842 3563 adnotabo,
865 3525 976 3556 extare
1002 3522 1036 3555 in
1061 3522 1191 3556 schedis
1214 3521 1325 3555 Allatii
1349 3520 1574 3553 xalliceuianis
1600 3519 1707 3552 varias
1738 3521 1843 3553 Taciti
1869 3521 2023 3554 lectiones
2050 3522 2092 3554 ab
2117 3531 2156 3554 eo
2179 3523 2348 3564 collectas,
2371 3532 2452 3564 quas
2477 3524 2518 3555 ab

253 3574 391 3608 eruditis
418 3574 535 3617 inspici
556 3575 772 3609 velim.1tem
793 3576 839 3609 ibi
864 3576 1010 3609 Philonis
1034 3576 1164 3609 hebraei
1188 3576 1422 3608 coacervantur
1444 3573 1634 3614 varietates,
1657 3582 1732 3605 cum
1757 3573 1924 3606 nonnullis
1948 3573 2094 3608 eiusdem
2117 3575 2226 3609 Allatii
2243 3576 2329 3609 circa
2356 3577 2516 3618 Thucydi-

250 3627 324 3660 dem
348 3628 436 3661 curis
460 3630 493 3661 et
514 3628 760 3670 prolegomenis.
781 3632 821 3663 Δ.
844 3631 889 3663 Μ.

347 3682 392 3724 (a)
414 3682 626 3724 Exploratum
650 3685 716 3722 est,
738 3683 894 3724 quantam
921 3690 1053 3724 operam
1080 3680 1254 3715 contulerit
1275 3680 1414 3712 Allatius
1437 3679 1476 3712 ad
1505 3678 1678 3711 historicos
1705 3679 1897 3721 byzantinos
1922 3680 2134 3715 illustrandos
2157 3683 2309 3724 typisque
2332 3683 2514 3725 parandos,

250 3735 329 3776 puta
353 3734 396 3768 ad
420 3735 624 3777 cedrenum,
646 3736 879 3777 Logothetam,
902 3736 1121 3775 Ciunamurn‚
1145 3734 1395 3775 Pachynnerem,
1419 3734 1531 3765 const.
1558 3734 1751 3773 Manassen,
1773 3735 1872 3775 atque
1896 3734 1938 3767 ad
1963 3735 2106 3777 origines
2133 3735 2511 3779 constantinopolitanas.

250 3788 425 3829 Georgium
451 3797 529 3821 vero
553 3790 782 3822 flamm-tolum
803 3789 815 3830 (
829 3789 938 3822 adhuc
961 3787 1146 3828 ineditum)
1167 3787 1287 3819 fecerat
1313 3786 1462 3819 latinum
1487 3787 1633 3827 Itemque
1664 3787 1837 3829 Nicephori
1861 3797 1959 3830 opera
1984 3789 2183 3831 theologica,
2207 3799 2289 3832 quas
2320 3799 2378 3832 ego
2407 3793 2515 3823 tamen

250 3840 530 3882 interpretationes
553 3850 619 3874 non
643 3841 724 3874 vidi.
747 3844 786 3876 A.
808 3843 853 3876 M
