2970 4420
419 290 479 336 62
898 315 903 327 ι
1008 277 1010 279 ’
1361 301 1511 333 moins
1545 301 1721 333 Armi-11

420 387 589 449 cerpsit
613 386 802 434 Proclus
827 385 948 435 libro
975 389 1128 434 111.in
1158 387 1364 450 primum
1386 385 1590 432 Euclidis
1612 384 1891 432 elementum
1917 401 2021 449 pag.
2049 390 2135 442 72;
2158 388 2314 435 Theon
2337 390 2663 441 alexandrinus

419 465 478 511 ad
497 452 744 512 Ptolemaei
771 481 987 527 magnam
1012 465 1402 512 constructionem
1425 461 1509 508 lib.
1535 462 1571 507 Ι.
1594 477 1699 524 pag.
1727 463 1810 515 11;
1834 470 1881 508 et
1898 463 2116 511 Eutocius
2138 466 2387 513 ascalonita
2411 478 2660 516 comment

418 544 466 588 in
501 542 790 589 Archimedis
823 542 882 589 de
917 543 1109 604 sphaera
1143 549 1189 586 et
1221 539 1465 601 cvlindro,
1503 547 1723 601 notatque
1759 539 2201 588 demonstrationem
2233 542 2438 592 Philonis
2469 549 2662 596 eandem

420 636 517 666 esse
551 635 657 666 cum
690 619 959 665 heroniana.
997 620 1062 664 Ex
1096 618 1289 663 Eutocio
1322 624 1481 679 postea
1514 615 1766 662 hauserunt
1794 616 2087 678 Maurolycus
2119 620 2168 665 in·
2199 619 2351 666 indice
2384 638 2575 671 suorum
2607 627 2667 673 li-

419 697 614 744 brorum
638 696 833 758 epistola
858 695 916 741 ad
936 697 1119 741 Petrum
1141 691 1367 740 Bembum
1392 701 1498 739 ante
1522 693 1733 754 dialogos
1747 727 1758 747 ,
1780 702 1825 739 et
1850 694 2076 755 Georgius
2089 682 2217 742 Valla
2242 696 2324 743 lib.
2346 700 2468 746 ΧΠΙ.
2489 716 2592 764 cap.
2613 706 2661 749 2.

420 775 486 820 De
514 773 737 819 machinis
766 773 876 817 item
901 771 1034 833 plura
1062 770 1232 824 edidit,
1262 778 1307 816 et
1333 785 1388 816 ex
1413 785 1470 817 eo
1494 771 1731 816 Vitruvius
1758 770 1905 816 multa
1933 770 2120 833 collegit
2151 772 2274 820 libro
2301 775 2397 821 VII.
2424 778 2472 822 in
2497 777 2669 840 prooe-

422 853 532 897 mio.
570 851 677 896 Non
702 849 860 895 minus
884 849 941 894 de
965 846 1423 898 machinationibus,
1452 847 1528 893 uti
1552 847 1757 898 Cliades,
1788 846 2032 898 Ambitus,
2066 848 2386 903 Archimedes,
2422 855 2663 909 Clesi'bios,

421 925 807 990 Nymphodorus,
838 924 977 971 Philo
1009 924 1285 987 byzantius,
1316 922 1560 987 Diphilos,
1591 923 1848 975 Charidas,
1882 924 2126 989 Polyidos,
2161 925 2364 989 Phyros,
2399 931 2671 993 Agesistra..

422 1016 517 1054 tos,
548 1018 745 1065 quoram
769 1019 832 1046 ex
857 999 1228 1051 commentariis,
1258 1016 1381 1063 quae
1403 1001 1546 1046 utilia
1575 1018 1670 1047 esse
1694 1001 1745 1046 in
1776 1000 1851 1047 his
1874 1001 2021 1052 rebus,
2035 1002 2375 1056 animadverti,
2405 1007 2598 1056 collecta
2619 1010 2669 1056 in

425 1098 570 1126 anum
604 1079 738 1143 coe'gi
771 1095 952 1141 corpas.
990 1079 1110 1124 Hinc
1140 1066 1548 1142 μηχανογροίφος
1582 1078 1732 1125 dictus
1766 1078 1851 1125 fuit
1888 1078 2012 1140 apud
2048 1079 2300 1126 Iohannem
2334 1083 2537 1130 Tzetzem
2572 1087 2671 1133 chi-

424 1159 533 1204 liad.
564 1158 621 1203 11.
650 1157 813 1203 histor.
844 1157 938 1202 35.

737 1221 836 1276 Και
878 1221 963 1277 σὺν
1000 1222 1178 1285 αὐτοις
1215 1219 1268 1274 δὲ
1305 1220 1580 1295 μέμνηνται
1614 1222 1805 1277 πολλοι
1843 1223 1940 1277 τοῦ
1968 1221 2348 1295 Ἀρχιμήδους,

730 1297 1008 1370 Ἀνθέμιος
1042 1297 1133 1369 μὲν
1168 1322 1445 1372 πρωτιστος
1482 1300 1506 1351 ὁ
1544 1297 2022 1372 παραδοξογροίφος

723 1372 916 1448 Ἥρων,
952 1374 1035 1428 καὶ
1074 1379 1275 1438 Φι’,λων
1309 1374 1514 1437 Παππος
1549 1398 1630 1439 τε,
1663 1399 1743 1430 και
1779 1400 1876 1438 ποις
1910 1375 2337 1449 μηχανογροίφος.

427 1469 497 1514 Sic
519 1467 642 1513 enim
668 1465 860 1510 omnino
886 1462 1109 1525 legendus
1134 1471 1201 1509 est
1233 1462 1308 1510 hic
1332 1463 1478 1510 locus.
1508 1463 1731 1510 Videlicet
1765 1463 2087 1516 Anthemium,
2115 1465 2377 1520 Heronem,
2405 1468 2672 1526 Philonem,

426 1548 659 1606 Pappum,
697 1549 966 1601 ceterosque
987 1540 1318 1587 *machinarum
1353 1541 1600 1602 scriptores
1633 1541 1893 1586 meminisse
1923 1539 2240 1595 Archimedis,
2269 1558 2363 1588 non
2399 1552 2449 1590 ut
2482 1546 2675 1595 ridicule

426 1622 562 1668 vertit
596 1619 761 1665 Paulus
794 1619 994 1675 Lacisius
1021 1617 1111 1680 (1),
1147 1618 1307 1665 Heron
1341 1625 1385 1663 et
1418 1617 1610 1671 Philon,
1640 1632 1842 1679 avusque
1875 1625 1921 1663 et
1954 1616 2078 1662 filius
2109 1618 2429 1666 machinarum
2456 1623 2671 1685 scriptor.

429 1701 553 1744 Avus
587 1712 695 1742 sane
729 1697 785 1741 sit
819 1694 1024 1741 Philonis
1056 1696 1242 1749 Heron,
1271 1704 1316 1742 et
1348 1695 1515 1742 Philon
1549 1695 1747 1741 Heronis
1781 1694 1928 1740 filius:
1958 1693 2039 1740 sed
2073 1695 2152 1756 qui
2185 1707 2300 1742 avus
2329 1705 2423 1753 est,
2450 1713 2548 1745 esse
2579 1715 2675 1746 non

429 1784 578 1839 potest
612 1773 760 1827 filius,
787 1781 832 1818 et
865 1772 977 1818 mihi
1011 1773 1350 1833 incompertum
1385 1780 1452 1818 est
1484 1774 1532 1818 in
1567 1771 1775 1818 historia.
1814 1771 2147 1833 Intelligendus
2179 1772 2254 1818 hic
2278 1776 2469 1822 omnino
2502 1786 2569 1822 est
2603 1793 2678 1824 re-

430 1869 534 1900 rum
556 1840 988 1911 mathematicarum
1011 1851 1210 1911 scriptor
1234 1851 1340 1896 satis
1374 1848 1558 1895 celeber
1581 1851 1764 1911 Pappus
1779 1884 1790 1903 ,
1817 1850 1946 1895 cuius
1971 1848 2028 1894 ad
2054 1848 2177 1894 hunc
2202 1849 2326 1895 diem
2349 1851 2507 1913 plu'ra,
2533 1869 2678 1916 eaque

429 1947 525 1978 non
559 1927 897 1976 contemnenda
931 1927 1149 1988 leguntur
1187 1926 1410 1988 opuscula
1444 1927 1493 1972 in
1528 1926 1862 1972 mathematicis
1900 1926 2115 1971 scientiis,
2156 1926 2227 1972 Sic
2260 1941 2356 1973 non
2389 1917 2558 1982 wolfe,
2595 1946 2680 1977 nec

430 1998 550 2058 παῖς
568 2039 579 2059 ,
614 2004 696 2051 sed
729 1994 823 2055 ποῗς
840 2035 852 2056 ,
887 2004 976 2050 hoc
999 2012 1065 2050 est
1089 2003 1391 2066 quicumque,
1419 2003 1578 2049 scribit
1602 2002 1758 2049 debet.
1784 2002 1991 2048 Philonis
2015 2001 2246 2048 librorum
2270 2005 2497 2064 generalis
2519 2006 2681 2053 titulus

430 2085 509 2133 ille
535 2083 622 2129 fuit
647 2070 754 2145 περὶ
782 2071 1041 2142 μηχανικῆ
1046 2095 1066 2132 ς
1095 2068 1372 2142 συνἻοίξεως
1390 2111 1401 2132 ,
1427 2089 1478 2125 ut
1502 2095 1558 2126 ex
1580 2079 1787 2126 eiusdem
1810 2079 2015 2125 Philonis
2037 2078 2168 2127 libris
2192 2079 2389 2142 colligo,
2411 2096 2530 2143 quos
2552 2082 2683 2129 dedit

431 2161 489 2207 ad
514 2161 800 2211 Aristonem,
827 2159 908 2219 qui
934 2157 1086 2204 adhuc
1110 2165 1380 2219 supersunt,
1408 2157 1493 2202 etsi
1518 2172 1613 2204 non
1637 2158 1820 2219 integri.
1855 2155 2023 2202 Scribit
2046 2171 2274 2217 namque.
2315 2146 2566 2219 εἰρηκότες
2596 2146 2682 2208 ουν

436 2251 511 2281 σοι
546 2249 629 2280 και
663 2223 746 2282 τὴν
764 2246 888 2319 περι
927 2248 1021 2279 των
1059 2222 1341 2317 ἀεροπόρων
1372 2221 1601 2296 σ’ργοίνων
1634 2224 1963 2297 ὁπαρχοῧσαν
2001 2220 2270 2284 διάθεσιν,
2299 2222 2382 2276 καὶ
2415 2246 2568 2279 τουτο
2604 2248 2684 2306 πε·

435 2300 725 2364 ποιηκότες,
756 2324 838 2355 ινα
868 2296 1022 2369 μηδὲν
1054 2298 1427 2373 οἷνισὟόρητον
1403 2298 1648 2373 υποίρχειν
1680 2298 1840 2372 δόξῃ,
1869 2299 2042 2360 καλως
2073 2296 2207 2368 ἔχειν
2238 2299 2510 2373 ὁπελοίβομ
2516 2323 2592 2366 εν,
2619 2299 2686 2356 τοὶ

437 2377 525 2450 μὲν
560 2377 668 2451 περὶ
708 2401 804 2432 των
841 2377 1193 2443 βελοποιικων
1216 2375 1394 2451 λόγων
1429 2377 1780 2439 καταπαῦσαι,
1813 2376 2095 2448 μεταβηναι
2136 2372 2192 2428 δέ
2228 2375 2312 2429 ἐπ’
2351 2374 2493 2430 ἄλλο
2529 2376 2683 2452 μέρος

438 2479 524 2518 της
558 2477 858 2527 μαχανικης
895 2464 1057 2526 Operis
1084 2479 1197 2510 vero
1221 2463 1426 2525 singulae
1450 2473 1602 2525 partes
1630 2465 1953 2526 inscriptiones
1986 2460 2072 2507 sibi
2095 2463 2307 2523 proprias
2330 2462 2593 2510 habuerunt
2615 2466 2685 2511 vi-

439 2545 626 2597 delicet,
657 2542 952 2589 utvidimus:
989 2553 1096 2603 περι
1137 2531 1233 2585 των
1267 2528 1550 2626 οἶεροπόρων
1588 2529 1847 2602 ὀργάνων,
1881 2550 1991 2599 περι
2031 2551 2126 2582 των
2162 2529 2533 2592 βελοποιὶκων,
2566 2553 2677 2604 περι

438 2609 858 2680 πολιορκηΤικων,
886 2630 994 2703 περι
1034 2603 1391 2701 πυργοποιιας·
1425 2606 1479 2660 τὸ
1519 2607 1610 2677 μὲν
1639 2607 1886 2679 ἀνώτερον
1917 2604 2205 2659 οἷποσταλὲν
2234 2604 2356 2676 πρὸς
2390 2605 2442 2660 σὲ
2474 2611 2685 2672 βιβλίον

438 2710 505 2740 ωε
492 2709 706 2758 εριειχεν
740 2685 859 2756 ἧμιν
891 2707 956 2738 τα
992 2682 1367 2755 λιμενοποιικα
1405 2684 1486 2738 νῦν
1522 2682 1574 2738 δὲ
1612 2683 1828 2742 καθήκει
1862 2680 2043 2754 λέγειν
2075 2679 2265 2734 καθότι
2303 2704 2387 2738 την
2426 2683 2486 2754 ἐξ
2521 2684 2686 2757 οἷρχης

443 2761 684 2852 &fragm
716 2758 1060 2832 ἐποιησάμεθα
1088 2784 1207 2834 προς
1238 2760 1288 2813 σὲ
1319 2782 1429 2832 περι
1459 2761 1556 2816 τοῖν
1589 2761 1960 2826 βελοποιὶκων,
1991 2757 2081 2812 ὑπο
2114 2755 2171 2815 δέ
2201 2780 2343 2813 τινων
2378 2759 2687 2833 ορΓανοποιῖ-

442 2864 536 2893 κων
567 2837 890 2930 καλουμένων
923 2835 1384 2911 παρασκευαστικά
1420 2836 1533 2891 τινοὶ
1570 2835 1622 2890 δὲ
1658 2861 1824 2892 ταυτα
1862 2833 2026 2896 ἐστιν,
2065 2835 2111 2888 ε’ν
2146 2858 2256 2897 τοις
2289 2859 2686 2910 παρασκευαστι-

443 2940 551 2979 κοις
585 2917 703 2987 ημῖν
738 2913 1042 3010 ὃεὸνῖλωται
1078 2913 1197 2988 Περι
1241 2914 1510 2969 ἐπισΤολων
1544 2938 1641 2969 των
1671 2920 1888 2988 κρυφίως
1925 2910 2369 2981 ε’πισΤελλομένων
2397 2912 2588 2967 πολλοι
2627 2911 2683 2966 δὲ

443 3017 523 3047 και
564 2992 726 3047 ἄλλοι
755 2991 931 3065 τρόποι
972 2991 1097 3046 εἶσιν
1127 3014 1224 3045 των
1252 2996 1520 3064 κρυφαίως
1538 2990 1964 3063 ἐπισΎελλομένων
1994 2986 2339 3062 γραμμάτων,
2368 2989 2432 3050 ὦς
2463 2987 2686 3047 δηλώσο

445 3094 530 3140 μεν
564 3071 608 3125 ἐν
637 3071 708 3142 τῷ
744 3067 866 3122 εἴδει
901 3091 995 3123 των
1031 3092 1139 3142 περι
1180 3067 1449 3122 ἐπισὙολων
1482 3092 1576 3124 των
1609 3073 1863 3139 κρυφαίως
1899 3064 2340 3134 ε’πισἻελλομένων.
2376 3077 2581 3122 Primum
2615 3086 2690 3123 to—

1711 3145 1724 3164 ,
1767 3145 1790 3156 Ν

446 3160 536 3203 tius
565 3159 718 3243 operis
742 3156 915 3202 librum
940 3157 1121 3203 xocavit
1158 3143 1451 3219 εἷσαΓωγνῖν·
1482 3146 1543 3215 τῇ
1578 3142 1624 3198 δ”
1662 3167 1786 3215 ava-3⁴1
1819 3140 2051 3216 μεθόδῳ,
2084 3164 2166 3195 και
2208 3142 2270 3195 ἐπ’
2306 3140 2483 3196 ἄλλων
2515 3142 2688 3196 πλειό·

450 3248 566 3285 νων,
593 3230 616 3293 ᾗ
630 3220 970 3316 χρησόμεθα,
996 3220 1172 3285 καθότι
1202 3218 1609 3292 δεδηλωκαμεν’
1592 3245 1637 3276 εν
1662 3222 1734 3294 τῷ
1759 3244 1864 3294 περι
1894 3243 1979 3279 της
2011 3217 2289 3289 εἶσαΓωγης
2316 3222 2488 3291 βίβλω
2513 3217 2695 3292 πρώτῳμ
2725 3261 2728 3265 -

451 3298 499 3351 δ’
540 3298 817 3372 ὁποίρχοντι
853 3323 942 3360 της
975 3321 1258 3372 μηχανικης
1297 3297 1607 3371 συνταξεωςε
1642 3309 1848 3369 aliaeque
1881 3307 1953 3352 his
1987 3304 2179 3357 similes,
2206 3312 2258 3349 ut
2291 3319 2449 3350 rerum
2482 3320 2616 3360 usus,
2645 3314 2691 3352 et

452 3387 637 3431 materia
665 3386 898 3432 tractanda
924 3402 970 3432 se
990 3385 1177 3432 obtulit.
1198 3387 1302 3431 Non
1327 3385 1538 3446 dissimili
1562 3386 1740 3431 ratione
1761 3385 1938 3429 Aeneas
1963 3381 2077 3427 dum
2100 3381 2337 3441 strategica
2363 3390 2686 3442 componeret,

452 3460 682 3506 librorum
719 3464 924 3508 omnium
959 3463 1038 3508 ille
1078 3462 1227 3508 fuerat
1262 3462 1422 3509 titulus
1458 3474 1807 3525 στρατηγικων
1845 3445 2220 3520 υωομνήματας
2255 3458 2500 3518 proprium
2532 3465 2692 3519 postea
2766 3500 2769 3503 .
2816 3474 2820 3477 ’

454 3539 699 3598 unicuique
723 3538 985 3599 adsenipsit,
1011 3538 1135 3585 hunc
1157 3538 1368 3589 vocando
1393 3526 1800 3602 πολιορκηὝικόν,
1825 3537 1959 3583 illum
1983 3519 2439 3596 παρασκευασὛικον
2456 3565 2468 3586 ,
2495 3533 2692 3580 alterum

458 3601 838 3674 στρατοπεὸικον
857 3646 867 3665 ,
903 3623 949 3660 et
976 3616 1039 3660 sic
1063 3616 1121 3662 de
1144 3615 1262 3661 aliis.
1299 3617 1356 3661 Et
1378 3616 1621 3662 Pausanias
1649 3613 2014 3660 luculentissimo
2040 3610 2194 3672 operi,
2220 3624 2316 3670 quo
2342 3609 2577 3655 Graeciam
2609 3609 2692 3655 de-

456 3689 640 3742 SClibit,
675 3702 762 3739 τῆς
780 3676 1041 3741 Ελλαδος
1069 3680 1362 3755 περιηΓησις
1365 3723 1377 3744 ‚
1412 3706 1581 3737 nomen
1610 3690 1753 3737 dedit.
1783 3691 1992 3736 Ceterum
2016 3685 2222 3747 singulos
2248 3683 2394 3731 libros
2419 3701 2475 3731 ex
2500 3686 2691 3732 materia

474 3891 484 3897 r,
542 3863 591 3903 (1)
615 3859 799 3897 Nimirum
825 3860 864 3897 in
889 3860 1049 3898 editione
1074 3861 1261 3908 poetarum
1288 3873 1342 3910 gr.
1369 3868 1438 3900 vet.
1465 3861 1638 3900 Coloniae
1663 3838 1903 3907 Allobrogum
1927 3859 1971 3895 T.
1998 3858 2060 3895 IV.
2087 3867 2124 3905 p.
2151 3860 2232 3894 292.
2259 3858 2305 3892 A.
2333 3857 2383 3893 M.

2966 2102 2970 2143 1.

2957 2147 2970 2210 „i

2958 2214 2970 2321 ἒ
