2970 4420
1261 259 1319 290 nn
1351 258 1534 290 mamis.
2494 249 2524 293 3

271 355 399 406 quae
430 341 500 389 ad
519 340 758 406 Ephesum
782 341 1017 389 ducebant
1025 363 1041 397 ,·
1069 342 1403 408 verborumque
1425 342 1761 408 magnitudine
1782 343 1931 405 sacta
1965 343 2284 407 adaequarat.
2322 347 2416 394 Hic
2439 365 2528 394 au—

274 431 370 465 tem
405 430 570 465 orator
593 418 814 480 forensia
851 419 1171 466 tractantibus
1207 420 1375 467 melior
1414 420 1662 467 videbatur
1701 419 1752 464 in
1779 419 2087 482 forensibus:
2123 420 2379 485 sophistica
2421 442 2525 471 vero

269 494 630 560 profitentibus,
661 495 711 541 in
743 494 1034 559 sophisticis5
1054 509 1307 561 propterea
1337 498 1466 560 'quod
1487 496 1614 543 mira
1640 496 1952 547 dexteritate,
1983 508 2029 542 et
2050 498 2270 544 certatim
2292 501 2361 545 ad
2390 514 2525 548 utra·-

272 583 362 634 que
394 588 442 617 se
474 563 811 636 compararat:
845 572 1072 619 iudiciale
1104 589 1310 637 namque
1342 590 1491 638 genus
1513 571 1764 638 sophistico
1791 572 2004 635 quodam
2028 573 2209 619 amictu
2243 578 2522 630 eoeornavit‚·

271 661 440 695 contra
474 665 578 695 vero
610 648 942 712 sophisticum,
983 650 1206 697 iudiciali
1236 652 1402 697 aculeo
1433 650 1770 697 corroboravit.
1808 649 1927 696 Eius
1960 656 2121 696 autem
2156 650 2348 697 dicendi
2377 669 2526 717 genus

269 726 335 772 >ab
369 725 568 789 antiquo
600 725 820 789 civilt'que
854 727 1062 778 recessit,
1091 739 1135 772 et
1159 727 1239 772 ‘ad
1254 726 1544 778 ,bacchicum
1569 739 1613 773 et
1643 725 2049 791 dithyrambicum
2082 729 2294 776 accessit.
2332 731 2526 777 Senten-

271 803 369 850 tias
393 816 555 850 autem
572 802 800 867 proprias
822 815 868 848 et
891 802 1203 871 admirabiles
1231 820 1326 849 non
1348 821 1480 850 secus
1511 816 1654 867 atque
1679 802 2015 873 bacchantium
2040 803 2197 867 thyrsi
2221 806 2318 851 mel
2337 818 2383 851 et
2405 823 2525 853 exa-

271 880 407 926 mina
436 879 601 931 lactis,
629 879 745 926 edit.
776 882 889 926 Cum
914 879 1172 927 honoribus
1193 880 1387 944 magnis
1410 880 1735 932 decoraretur,
1759 897 1823 935 ac
1846 882 2054 944 Smyrna
2079 881 2137 926 a'e
2163 882 2263 945 ipso
2284 881 2413 929 nihil
2432 901 2525 929 non

266 957 598 1021 praedicaret,
628 968 681 1003 ut
713 957 772 1002 de
801 956 900 1004 viro
930 957 1215 1004 admirabili
1249 957 1522 1021 rhetoreque
1552 969 1850 1022 praestante,
1884 959 2142 1022 populares
2175 971 2336 1005 tamen
2369 972 2524 1007 coetus

269 1050 364 1080 non
387 1033 747 1096 frequentabat.
785 1033 913 1092 Hinc
936 1050 1042 1079 cum
1069 1033 1204 1098 apud
1225 1035 1475 1098 plerosque
1500 1051 1594 1080 non
1619 1047 1740 1080 rec-te
1765 1034 1980 1087 audiret‚·
2011 1034 2175 1087 timeo,
2207 1036 2384 1099 inquit,
2420 1054 2524 1083 ma-

268 1112 346 1175 gis
370 1112 602 1175 populum
625 1111 951 1162 extollentem,
980 1128 1126 1175 quam
1151 1111 1510 1158 conviciantem.
1551 1115 1663 1158 Cum
1686 1112 1976 1176 publicanus
1999 1112 2224 1159 adversus
2247 1130 2353 1159 eum
2377 1114 2428 1160 in
2454 1115 2524 1160 iu-

268 1188 395 1234 dicio
427 1187 618 1251 aliquid
641 1188 923 1251 quandoque
947 1189 1166 1239 auderet,
1195 1200 1240 1233 et
1264 1188 1463 1234 subinde
1487 1188 1686 1239 diceret,
1714 1201 1769 1235 ut
1791 1189 2034 1235 oblatrare
2059 1189 2316 1243 desineret.;
2343 1190 2524 1237 urbane

267 1278 313 1312 et
346 1267 469 1312 salse
505 1265 767 1311 admodum
802 1265 1067 1329 respondit.-
1105 1276 1157 1311 tu
1197 1281 1378 1328 quoque
1410 1265 1624 1311 mordere
1655 1266 1832 1312 desine.
1871 1266 2188 1329 Imperatorio
2223 1267 2353 1313 iussu
2393 1269 2522 1314 ultra

269 1343 407 1406 Alpes
440 1355 485 1390 et
515 1342 728 1390 Rhenum
756 1342 1096 1406 peregrinatus
1128 1354 1219 1393 est,
1249 1343 1384 1388 cuius
1416 1343 1608 1405 quidem
1633 1343 2041 1407 peregrinationis
2073 1343 2191 1390 haec
2223 1361 2371 1391 causa
2388 1346 2519 1408 suit.

270 1421 460 1472 Consul,
480 1421 562 1466 cui
580 1430 749 1467 nomen
775 1419 930 1481 Rufus
953 1430 1084 1480 erat,
1107 1435 1140 1465 a
1164 1419 1443 1483 Smyrnaeis
1470 1435 1634 1482 aspere
1655 1436 1926 1482 moroseque
1951 1421 2161 1468 rationes
2183 1419 2409 1485 exigebat
2438 1423 2518 1485 (¹).

268 1495 396 1542 Huic
426 1496 620 1543 Nicetas
654 1496 937 1559 quandoque
970 1496 1273 1556 adversatus,
1321 1495 1508 1545 Valeas,
1548 1494 1725 1557 inquit,
1764 1513 1911 1558 neque
1944 1498 2150 1560 amplius
2186 1498 2259 1544 ius
2288 1499 2522 1563 dice-ntem

266 1573 437 1620 adivit.
474 1575 564 1619 Ille
596 1585 757 1629 autem
788 1590 842 1619 eo
874 1586 1103 1637 tempore,
1132 1589 1225 1635 quo
1259 1572 1347 1617 uni
1366 1572 1555 1618 civitati
1583 1572 1826 1635 praefuit,
1856 1574 1985 1619 nullo
2019 1575 2158 1619 modo
2191 1577 2444 1639 segravia
2478 1589 2521 1622 et

266 1653 435 1716 iniqua
460 1668 734 1717 perpessum
762 1651 972 1715 putavit.
1008 1651 1104 1698 Sed
1137 1651 1321 1698 Celticis
1343 1650 1632 1697 exercitibus
1653 1652 1954 1714 praefectus,
1980 1653 2215 1715 pristinae
2241 1653 2522 1701 iracundiae

262 1729 542 1787 recordatus
575 1740 664 1780 est,
693 1728 885 1791 quando
918 1745 1154 1774 successus
1187 1735 1233 1773 et
1267 1744 1340 1773 res
1367 1743 1625 1792 prosperae
1658 1739 1757 1773 tum
1793 1727 2004 1774 homines
2038 1731 2259 1790 efferunt,
2290 1742 2389 1777 tum
2424 1733 2521 1792 effi·—

261 1807 421 1858 ciunt,
459 1819 513 1853 ut
545 1822 603 1852 ea
636 1823 732 1852 non
770 1805 978 1881 amplius
1017 1807 1215 1875 tolerent
1233 1842 1246 1856 ,
1281 1822 1408 1869 quae
1440 1818 1553 1851 ante
1579 1806 1873 1868 felicitatem
1907 1805 2121 1852 humana
2156 1808 2522 1855 ratiocinatione

258 1884 582 1948 perferebant.
618 1883 855 1948 Ergo’ad
878 1883 1086 1952 Nervam
1121 1882 1455 1947 imperatorem
1481 1883 1634 1929 multa
1669 1882 1884 1946 graviter
1912 1895 1955 1928 et
1985 1884 2249 1947 perniciose
2272 1886 2329 1932 de
2350 1887 2520 1933 Niceta

261 1962 446 2010 scribit.
469 1957 574 2008 *Cui
604 1961 868 2025 imperator
889 1960 1153 2024 respondit,
1185 1977 1317 2007 reum
1351 1977 1401 2007 se
1433 1960 1762 2023 defendentem
1787 1961 1932 2007 audi:
1959 1963 2086 2024 quod
2106 1962 2151 2008 si
2180 1975 2420 2010 nocentem
2444 1965 2520 2011 in-

195 2052 204 2063 ·
261 2039 442 2088 veneris
458 2077 470 2091 ,
507 2038 739 2103 supplicio
760 2038 968 2099 afficito.
1003 2039 1139 2084 Haec
1171 2039 1330 2085 Nerva
1363 2038 1621 2089 scribebat,
1660 2055 1754 2084 non
1788 2051 1840 2084 ut
1873 2040 1920 2084 N
1921 2039 2092 2084 icetam
2126 2039 2252 2086 hosti
2282 2041 2512 2093 traderet,

258 2118 346 2164 sed
368 2129 421 2163 ut
451 2116 632 2178 Rufum
656 2115 725 2162 ad
749 2115 965 2162 dandam
993 2115 1179 2163 veniam
1209 2128 1428 2179 pararet.
1466 2115 1611 2161 Enim
1637 2132 1743 2163 vero
1765 2115 1921 2178 Rufus
1951 2117 2094 2162 talem
2118 2116 2272 2164 virum
2290 2119 2522 2181 potestati

259 2211 376 2241 suae
398 2193 663 2244 subditum,
692 2209 841 2256 neque
869 2193 1153 2255 interficere,
1183 2201 1332 2255 neque
1365 2193 1517 2239 ullam
1541 2193 1588 2238 ei
1616 2194 1820 2255 multa-m
1857 2193 2096 2257 imponere
2118 2211 2263 2241 ausus
2294 2208 2432 2247 esset,
2461 2214 2518 2242 ne

215 2301 218 2302 ν
261 2269 564 2334 imperatori,
592 2285 624 2316 α
645 2286 737 2332 quo
757 2268 947 2315 inimici
968 2269 1118 2315 iudex
1142 2269 1425 2315 constitutus
1436 2269 1633 2331 suerat,
1665 2269 1962 2334 importunus
1980 2271 2232 2317 videretur.
2259 2274 2517 2336 Propterea

259 2348 416 2413 igitur
436 2347 506 2394 ad
526 2345 742 2392 Rhenum
765 2358 812 2392 et
837 2347 990 2393 Celtas
1013 2346 1208 2392 Nicetas
1231 2346 1473 2407 profectus
1497 2358 1582 2392 est.
1626 2347 1714 2392 Ubi
1737 2362 1841 2393 vero
1865 2348 1933 2393 ad
1956 2364 2008 2393 >se
2035 2340 2384 2410 defendendum
2404 2367 2517 2413 pro·
2558 2384 2563 2386 >

259 2424 421 2475 cessit,
452 2435 587 2470 tanto
620 2435 810 2487 stupore
844 2421 1030 2484 Rasum
1061 2423 1245 2485 affecit,
1277 2434 1331 2468 ut
1359 2423 1469 2487 plus
1500 2439 1641 2487 super
1668 2423 1888 2469 Nicetam
1919 2425 2243 2487 lacrymarum
2269 2427 2509 2488 effuderit,

259 2517 408 2564 quam
440 2515 597 2563 aquae
630 2499 707 2545 illi
727 2500 798 2545 ad
828 2499 1082 2546 dicendum
1114 2511 1422 2546 concesserat.
1460 2501 1620 2566 Quare
1648 2517 1760 2545 eum
1789 2518 1886 2546 non
1919 2501 2058 2546 moa'o
2090 2501 2332 2554 illaesum,
2361 2505 2447 2550 sed
2471 2517 2516 2550 et

253 2577 385 2622 inter
413 2576 619 2622 illustres
651 2578 941 2639 Smyrnaeos
965 2576 1270 2640 conspicuum
1292 2577 1496 2623 dimisit.
1533 2577 1812 2623 Heraclides
1838 2578 2013 2641 Lycius
2039 2579 2251 2643 sophista
2277 2584 2515 2628 nonnullis

251 2664 361 2716 post
387 2652 674 2715 temporibus
707 2651 833 2698 hunc
854 2665 1092 2699 oratorem
1116 2654 1396 2705 emendans,
1426 2653 1645 2700 Nicetam
1675 2667 2023 2719 perpurgatum
2058 2656 2314 2719 inscripsit.
2352 2660 2447 2704 Sed
2466 2676 2514 2705 se

249 2743 501 2793 pygmaea
521 2729 688 2792 spolia
721 2729 894 2774 colosso
925 2729 1202 2792 imposuisse
1223 2729 1433 2778 nescivit.
1472 2731 1545 2776 Ad
1575 2731 1699 2778 hunc
1732 2731 1955 2778 referebat
1982 2749 2126 2794 genus
2159 2750 2292 2779 suum
2316 2736 2511 2782 Evodia-

261 2821 347 2851 nus
375 2820 651 2866 smyrnaeus
687 2807 808 2851 inte-r
841 2805 1071 2867 sophistas
1103 2822 1194 2852 non
1234 2807 1481 2853 incelebris
1523 2807 1581 2853 ab
1615 2808 1780 2854 eodem
1811 2809 2090 2855 Phiiostrato
2123 2822 2511 2859 commemoratus

259 2883 343 2929 lib.
374 2885 432 2929 ΙΙ.
466 2884 542 2928 16.
581 2869 860 2926 Εὖοὸιανόν
890 2870 942 2925 δὲ
979 2869 1064 2926 τᾶν
1094 2874 1395 2946 σμυρναῖον,
1422 2872 1480 2926 τὸ
1518 2873 1608 2945 μὲν
1640 2873 1791 2948 ’γένος
1822 2875 1870 2936 ἐς
1907 2875 2122 2934 Nmn'vm
2151 2877 2235 2930 τὸν
2272 2879 2507 2942 σοφιστὴν

258 2950 461 3022 ἆνῆγεν.
498 2958 801 3005 Evodianum
833 2974 1138 3020 smyrnaeum
1164 2958 1301 3020 quod
1336 2959 1535 3010 attinet,
1578 2959 1618 3005 is
1648 2976 1799 3022 genus
1824 2978 1966 3007 suum
2001 2962 2069 3007 ad
2099 2964 2317 3010 Nicetam
2350 2965 2509 3029 sophi-

252 3048 384 3082 stam
421 3035 674 3098 rescrebat.

384 3192 462 3237 lv.
499 3194 634 3238 Nunc
658 3207 772 3239 vero
797 3193 918 3240 inter
940 3194 1067 3238 varia
1098 3194 1374 3254 cognomina
1390 3227 1403 3246 ,,
1427 3201 1471 3238 et
1494 3192 1772 3254 dignitatum
1808 3194 1965 3240 titulos
1995 3210 2140 3241 unum
2170 3197 2374 3243 Nicetam
2404 3198 2507 3244 lati-

258 3277 433 3315 tantem
449 3303 460 3322 ‚
488 3270 569 3315 sed
593 3279 790 3332 propter
812 3270 972 3316 eadem
996 3270 1293 3316 incommode
1318 3271 1363 3315 in
1388 3269 1546 3332 plures
1568 3271 1812 3331 variosque
1834 3280 1971 3332 atque
1995 3270 2256 3319 immaniter
2279 3266 2502 3325 divisum.

252 3346 292 3390 si
324 3343 430 3392 fieri
463 3354 642 3408 poiest.
671 3348 766 3393 suis
793 3347 1003 3409 partibus
1038 3348 1269 3409 integrum
1305 3348 1350 3393 in
1381 3347 1586 3393 medium
1620 3348 1921 3394 adducamus.
1958 3349 2060 3394 Fuit
2092 3351 2130 3395 is
2158 3349 2430 3411 byzantinus
2463 3352 2506 3399 ci

258 3423 494 3485 paphlago
523 3424 691 3470 dictus.
727 3425 958 3472 lohannes
984 3425 1175 3486 Scylitza
1200 3426 1246 3470 in
1272 3425 1517 3486 prooemio
1543 3439 1656 3469 suae
1690 3424 1924 3470 historiae.
1957 3415 2020 3466 ‘O
2046 3415 2155 3490 ’γὰρ
2188 3414 2503 3483 &amanda-ng

256 3487 556 3564 Θεόδωρος,
583 3489 808 3552 Νικῆτας
837 3492 862 3544 0‘
893 3492 1213 3563 παφλαγών,
1237 3490 1422 3555 Ἰωσὴφ
1453 3489 1709 3552 Γενέσιος,
1737 3489 1819 3543 καὶ
1855 3491 2106 3549 Μανουῆλ
2135 3495 2183 3546 οἱ
2215 3493 2470 3569 βυζοὶνἺιοι
2489 3540 2502 3557 ,

257 3563 547 3641 Νικνῖφορος
577 3565 812 3630 διάκονος
840 3567 977 3642 φρὸξ
995 3611 1006 3630 ,
1033 3564 1122 3621 καί
1145 3566 1209 3621 τοὶ
1240 3569 1374 3639 ἑξῆς.
1404 3579 1621 3639 Namque
1646 3576 1911 3624 ¹Theodorus
1933 3578 2278 3644 daphnopates,
2310 3582 2502 3628 Nicetas

246 3651 521 3716 paphlago,
551 3653 777 3718 Iosephus
799 3656 1046 3706 Genesius,
1076 3666 1121 3700 et
1147 3655 1342 3700 Manuel
1361 3653 1629 3717 byzantini,
1660 3654 1949 3718 Nicephorus
1971 3657 2201 3704 diaeonus
2217 3658 2387 3722 phryx
2409 3669 2495 3706 ctc.

334 3765 383 3806 (1)
410 3764 570 3802 Allatius
591 3764 706 3803 dicit:
734 3769 936 3816 smyrneos
967 3766 1147 3813 reqebnt,
1173 3764 1271 3813 quod
1305 3765 1463 3802 latinum
1496 3766 1644 3805 verbum
1671 3777 1745 3806 non
1771 3768 1860 3806 satia
1889 3780 2021 3817 graeco
2053 3771 2253 3819 ἐλογὲστευε
2278 3771 2497 3818 respondero

250 3820 373 3857 vinnm
397 3829 462 3860 est.
490 3827 534 3859 A.
563 3826 615 3860 M.
