2970 4420
413 239 442 282 6
1366 252 1518 284 morus
1550 253 1727 284 ΑιιΛΤιῐ

543 342 589 386 6.
629 341 690 385 In
728 351 948 387 sanetum
989 339 1220 387 Iacobum
1260 338 1498 385 Zebedaei
1519 338 1709 400 filiam.
1747 331 1802 380 P.
1837 326 2013 403 Πριόην
2053 325 2144 400 μὲν
2179 329 2311 400 ἡμᾶς
2335 329 2373 386 -ἦ
2413 325 2552 403 ζῶσα
2591 328 2678 390 τῆς

422 407 681 468 ἀληθινῆς
716 411 1008 480 θεολογίας
1044 406 1199 482 πηγή

543 496 591 541 7.
629 496 690 540 In
732 496 928 541 Petram
969 507 1015 540 et
1056 496 1263 540 Paulum
1304 492 1627 556 apostolorum
1664 491 1926 556 principes.
1971 485 2025 535 P.
2069 487 2158 545 Τίς
2201 483 2243 535 ὁ
2269 481 2490 557 τερπνὸς
2533 477 2680 542 οὑτος

414 585 571 631 κχοςς
607 567 682 623 τίς
721 562 744 613 ὁ
782 585 880 616 των
920 557 1268 636 ἑορταζόντων.

540 651 590 695 8.
628 650 688 695 In
731 661 920 694 sanc-tos
961 647 1208 699 duodeezm
1249 646 1501 709 apostolos.
1539 639 1593 688 P.
1631 639 1699 689 Τι’
1731 632 1866 692 καλνῗ
1901 659 1989 697 της
2027 636 2296 698 ἐκκλησίας
2338 659 2363 692 n
2401 635 2593 709 ταξιςς
2632 639 2688 689 τί

413 740 589 791 τερπννι
624 739 720 771 των
759 717 823 770 ἐπ’
863 716 1033 776 αὐτῆς.
1071 726 1168 770 Hae
1193 738 1356 769 omnes
1380 723 1468 768 sub
1494 723 1662 770 eodem
1689 723 1888 769 rhetoris
1913 723 2049 770 titulo
2083 725 2337 785 leguntur
2326 739 2374 769 m
2406 722 2683 769 barberina.

545 806 591 850 9.
629 805 700 849 De
735 815 1021 852 certamine,
1052 814 1096 847 ec
1131 800 1423 853 z‘anentzone
1451 812 1494 845 et
1530 801 1847 847 translatione
1877 800 2192 862 reliquiarum
2225 799 2382 847 saneti
2406 811 2685 863 protomar-

413 881 535 944 tyris
560 893 605 926 et
633 879 966 926 archidiaconi
994 876 1242 963 Stephani.
1283 871 1336 919 Ρ.
1360 867 1425 919 Ο
1456 865 1631 938 κύριος
1667 891 1804 938 κμων
1834 866 2031 928 Ιησοῦς
2059 867 2335 942 Χριστὸς
2313 892 2336 921 ο
2369 891 2530 942 com-ng)
2563 865 2690 921 ποίν·

415 971 512 1003 των
546 949 645 1002 τοῖν
683 943 990 1020 ἐλπιζόντων
1029 945 1094 998 ἐπ’
1133 942 1301 998 αυτοᾞν
1339 952 1434 1000 Sub
1459 955 1626 1001 eodem
1651 956 1823 1002 titulo
1812 971 1860 1000 m
1884 954 2158 1009 barberina,
2186 964 2231 1002 et
2255 955 2342 1002 sub
2364 956 2553 1002 Nicetae
2580 954 2691 1017 phi-

417 1035 604 1098 losophi
637 1037 685 1080 in
716 1034 940 1080 vaticanis
973 1030 1212 1079 codicibus
1237 1033 1347 1078 679.
1377 1041 1423 1078 et
1449 1033 1559 1080 819.
1598 1033 1907 1080 Possevinus
1896 1049 1943 1078 m
1979 1041 2204 1095 apparatu
2228 1042 2360 1095 putat
2383 1032 2569 1080 Nicetae
2589 1032 2677 1094 by-

417 1115 585 1161 zantini
619 1128 740 1165 esse,
777 1112 858 1173 qui
891 1112 939 1155 in
972 1111 1180 1155 vaticana
1215 1108 1499 1157 bibliotheca
1538 1110 1625 1157 sub
1667 1112 1853 1157 nomine
1888 1110 2077 1157 Nicetae,
2106 1110 2372 1172 philosophi
2406 1118 2667 1157 asservatur

416 1206 581 1252 graece
615 1189 953 1249 manuscriptus
980 1202 1161 1240 sermo,
1189 1186 1247 1231 de
1268 1187 1531 1250 martyrio,
1559 1187 1847 1238 inventione,
1877 1199 1922 1232 et
1956 1187 2274 1233 translatione
2302 1187 2681 1233 venerandarum

419 1266 731 1329 reliquiarum
762 1263 1135 1328 protomartyris
1173 1263 1332 1309 sancti
1367 1263 1616 1329 Stephani.
1653 1265 1744 1312 Alii
1784 1265 1968 1312 codices
2003 1264 2219 1311 tribuunt
2253 1264 2464 1311 Michaeli
2501 1264 2680 1316 Psello,

420 1351 674 1404 notantque
706 1357 760 1387 ex
794 1341 1052 1403 improviso
1086 1339 1281 1387 dictum.

554 1422 628 1465 10.
669 1418 762 1465 Sub
798 1419 983 1465 Nicetae
1023 1419 1365 1481 Paphlagoniae
1405 1419 1603 1466 habetur
1638 1419 1859 1466 laudatio
1901 1419 1950 1465 in
1990 1436 2028 1465 3.
2066 1430 2329 1483 martyrem
2374 1417 2681 1464 Theodorum.

422 1492 477 1540 P.
514 1490 583 1539 Τί
610 1484 826 1557 λαμπροὶ
857 1485 939 1538 καὶ
983 1482 1174 1558 ὃιαυ)
1134 1509 1206 1547 nc,-
1236 1509 1260 1542 n
1290 1509 1379 1548 της
1409 1485 1601 1559 ἡμέρας
1631 1485 1803 1559 χάρις.
1840 1498 1893 1542 ln
1918 1497 2152 1548 vaticana,
2183 1496 2288 1542 cod.
2321 1496 2461 1541 1246.
2500 1497 2552 1540 In
2577 1494 2689 1541 bar·-
2735 1486 2736 1489 Ἴ

420 1573 581 1621 berina
605 1574 887 1634 expressius:
919 1561 1164 1620 Νικκ’τα’
1143 1561 1414 1617 ιἐπισκόπου
1441 1563 1821 1628 ΠαφλαΓονιάς,
1847 1573 2045 1619 Nicetae
2069 1572 2277 1637 episc-opi
2302 1571 2681 1663 Paphlagoniae.

422 1651 535 1697 Cod.
571 1651 683 1696 2717.

555 1729 631 1774 11.
670 1727 769 1773 Chii
805 1728 944 1774 etiam
972 1726 1207 1788 legeram:
1245 1715 1447 1774 Nmn'va
1474 1715 1684 1789 ῥήτορος
1717 1717 1813 1770 τοῦ
1842 1714 2185 1791 παφλαγόνος
2217 1714 2470 1787 ἐγκώμιον
2501 1715 2573 1777 εἷς
2599 1711 2686 1770 τὸν

424 1793 592 1868 μέγαν
620 1791 886 1848 Νικόλαον
914 1793 1001 1849 τὸν
1035 1791 1371 1868 μυροβλύτὴν
1400 1816 1483 1847 και
1514 1793 1926 1866 θαυματουργόν
1957 1793 2351 1867 αρχιεπίσκοπον
2381 1790 2571 1866 Μύρων
2604 1815 2696 1853 τῆς

425 1876 645 1932 Aoniae:
673 1881 870 1927 Nicetae
896 1880 1098 1928 rhetoris
1125 1880 1455 1945 paphlag'onzs
1480 1879 1701 1926 laudatio
1725 1880 1776 1925 in
1800 1897 1839 1926 3.
1868 1879 2125 1926 Nicolaum
2150 1878 2496 1942 myroblytam‚
2526 1890 2572 1924 et
2605 1877 2698 1923 mi·-

427 1959 690 2005 randoram
714 1961 978 2021 effectorem
1003 1958 1414 2022 arehiepiscopum
1439 1960 1689 2022 Myrorum
1712 1956 1907 2020 Lyezae.
1944 1951 2002 1999 P.
2027 1947 2092 2000 Ο
2119 1944 2208 2016 μὲν
2238 1942 2491 2018 θεοπατωρ
2523 1943 2703 1999 Δαυιὸ

348 2058 350 2060 v
425 2023 486 2080 τό
518 2025 773 2087 ἀειθαλὲς
805 2049 889 2080 και
927 2024 1221 2099 μετάρσιον.

562 2115 637 2160 12.
675 2112 916 2159 Laudatio
946 2130 996 2158 ιη
1028 2124 1217 2158 sanctos
1224 2127 1525 2191 ”anargyros
1561 2113 1777 2157 Cosmam
1811 2122 1855 2156 et
1887 2109 2205 2156 Damianum.
2243 2104 2298 2152 Ρ
2327 2100 2422 2161 εΩς
2458 2097 2697 2166 ἀγαπητοὶ

428 2178 494 2234 τοὶ
530 2178 834 2251 σκηνώματα
871 2202 960 2233 σου
997 2178 1138 2252 κύριε
1174 2179 1272 2234 τῶν
1308 2176 1581 2250 δυνάμεων.
1621 2187 1717 2235 Sub
1757 2189 1944 2235 Nicetae
1983 2187 2254 2250 philosophi
2290 2188 2479 2234 nomine
2512 2187 2560 2233 in
2599 2194 2695 2233 vat.

432 2266 538 2313 cod.
567 2268 679 2313 808.
717 2265 984 2328 Eademque
1019 2266 1216 2313 habetur
1252 2267 1300 2312 in
1333 2281 1440 2312 meo
1474 2266 1818 2327 manuscripto,
1847 2264 1980 2311 nullo
2011 2263 2220 2327 praefixo
2250 2264 2691 2310 auctorisnomine.

430 2345 543 2389 Eam
574 2359 682 2390 cum
716 2343 956 2390 nonnullis
981 2343 1082 2389 aliis
1108 2343 1405 2390 Monachium
1437 2343 1546 2388 misi
1566 2343 1835 2390 doctissimo
1862 2342 2038 2388 Simoni
2068 2338 2435 2402 Wagnereckio‚
2468 2340 2549 2401 qui
2574 2354 2700 2385 nunc

433 2420 494 2467 de
520 2421 818 2467 sanctissimis
844 2421 917 2467 his
942 2420 1197 2482 Anargyris
1222 2422 1663 2467 commentationem
1697 2420 1968 2472 meditatur,
1996 2434 2136 2481 quam
2170 2419 2264 2464 iam
2288 2416 2408 2463 bene
2434 2417 2713 2468 inchoatam'

432 2498 601 2545 melius
635 2497 863 2544 conficiet.
901 2498 1022 2553 Quid
1057 2500 1181 2544 enim
1211 2506 1309 2551 est,
1346 2497 1476 2560 quod
1506 2498 1586 2543 ille
1617 2498 1823 2544 calamus
1853 2496 2136 2558 amplissime
2171 2510 2267 2541 non
2303 2494 2577 2556 perfecerit?

565 2577 755 2638 Scripsit
787 2584 1026 2638 praeterea
1060 2575 1406 2640 eoepositionem
1441 2577 1489 2621 in
1524 2576 1679 2637 aliqua
1710 2576 1914 2621 carmina
1945 2574 2158 2636 Gregorii
2191 2573 2468 2619 nazianzeni.

515 2695 517 2699 ,
570 2655 613 2698 1.
651 2654 704 2699 In
737 2653 1073 2715 sepulchralia‚
1102 2644 1220 2715 quae
1252 2653 1334 2700 ille
1366 2654 1414 2699 in
1439 2652 1710 2699 defunctum
1744 2652 1965 2698 Basilium
1993 2651 2272 2712 composuit.
2312 2650 2622 2696 Conservatur
2650 2651 2705 2696 in.

437 2728 720 2776 bibliotheca
744 2731 951 2777 vaticana
979 2730 1085 2777 cod.
1115 2733 1226 2777 496.
1254 2739 1300 2776 et
1326 2731 1436 2776 949.
1467 2729 1554 2776 sub
1582 2731 1773 2775 nomine
1809 2717 2009 2775 Νικήτα
2039 2715 2330 2782 φιλοσόφου
2365 2717 2461 2770 τοῦ
2492 2725 2700 2781 παφλα-

439 2794 624 2869 γόνος,
659 2806 856 2853 Nicetae
883 2806 1158 2871 philosophi
1181 2807 1526 2871 paphlagonis.

567 2885 705 2930 2.1n
728 2899 923 2946 gnomas
958 2901 1039 2931 seu
1072 2887 1320 2932 sententias
1344 2885 1581 2937 eiusdem,
1618 2900 1734 2945 quas
1757 2883 1837 2930 ille
1863 2881 2169 2930 acrostichide
2201 2882 2282 2928 illa
2307 2881 2579 2943 complexus
2610 2889 2696 2929 est.

440 2951 643 3021 Γνωμαι
675 2955 963 3025 Γρηγορίου
996 2949 1231 3021 δι’στιχος
1270 2953 1462 3015 εὕεπικ,
1497 2948 1691 3005 {abach
1721 2948 1938 3024 ἄθυρμα
1968 2949 2095 3009 νέοις
2130 2967 2218 3006 etc.
2257 2959 2369 3007 Sub
2386 2960 2576 3005 nomine
2611 2952 2700 3000 Na-

441 3025 568 3084 κνῖτα
593 3050 683 3081 του
715 3051 798 3081 και
836 3027 1014 3081 Aaoc3
1034 3029 1129 3083 ’τοῦ
1158 3027 1482 3094 φιλοσόφου,
1517 3038 1736 3089 Νισειαε,
1762 3037 1846 3101 qai
1869 3049 1913 3083 et
1937 3037 2118 3089 David,
2136 3036 2425 3101 philosophi.
2447 3037 2560 3082 Cod.
2584 3038 2695 3083 3411.

442 3123 486 3160 et
520 3116 631 3161 365
660 3116 716 3161 Et
749 3117 796 3161 in
826 3125 1078 3177 augustana
1104 3117 1226 3163 inter
1257 3117 1548 3178 theologicos
1583 3116 1895 3162 cod.44.1n
1932 3115 2233 3176 altempsiana
2269 3113 2356 3170 sub
2390 3115 2578 3160 nomine
2612 3107 2702 3156 Νι-

444 3179 569 3237 mim
606 3180 899 3246 φιλοσοφου
939 3180 1208 3237 ἐπισκόπου
1248 3181 1562 3256 Δαδόβρων,
1597 3183 1794 3238 Nicetae
1813 3189 2087 3254 philosophi
2108 3190 2449 3253 Dadybroram
2472 3205 2698 3254 epzs.oopz

444 3270 500 3314 Et
534 3268 706 3330 absque
734 3271 939 3332 episcopi
971 3271 1174 3317 dictione
1205 3272 1328 3317 inter
1360 3270 1621 3317 rhetoricos
1654 3277 1933 3330 augustanae
1963 3268 2068 3313 cod.
2104 3269 2176 3313 17.
2205 3269 2330 3322 Quae
2354 3267 2555 3313 Venetiis
2578 3267 2702 3315 edita

447 3353 553 3391 sunt
588 3345 637 3389 in
670 3347 715 3390 [ι.
746 3362 867 3393 anno
895 3349 1034 3394 1563.
1068 3338 1338 3412 Ἑρμκνεία
1370 3336 1440 3398 εἷς
1467 3360 1533 3390 τα
1558 3334 1872 3408 *reveniam-axa
1898 3356 1987 3388 του
2023 3332 2261 3404 με’γοίλου
2289 3330 2475 3426 πατρὸς
2504 3337 2700 3423 Γρηγο-
2721 3402 2726 3404 μ

446 3417 558 3485 ρίου
586 3413 680 3464 τοῦ
709 3412 1034 3488 ναζιανζκνοῢ
1067 3415 1138 3476 εἷς
1165 3437 1231 3468 τα
1265 3412 1585 3487 μονόστιχα,
1619 3435 1691 3473 εις
1718 3411 1781 3464 τοὶ
1812 3408 2177 3485 ἐπιγράμματα
2205 3408 2268 3463 τοὶ
2300 3410 2370 3470 εἷς
2405 3432 2491 3464 τον
2526 3407 2698 3481 μέγαν

395 3515 397 3517 ·
449 3492 718 3541 Βασίλειον
753 3508 1090 3564 παοαφρασις.
1128 3501 1428 3548 vindicantur
1450 3502 1657 3553 Nicetae‚
1685 3501 1766 3562 qui
1790 3507 1837 3546 et
1859 3498 2033 3550 David,
2062 3497 2212 3543 editae
2235 3512 2422 3558 quoque
2444 3496 2700 3559 paraphra-

451 3591 521 3621 ses
543 3575 802 3620 carminum
836 3577 1043 3638 Gregorii
1079 3579 1337 3625 nazianzeni
1373 3578 1433 3624 de
1468 3578 1732 3640 principiis,
1768 3592 1821 3623 ex
1855 3575 2136 3622 bibliotheca
2171 3572 2453 3635 reipublicae
2486 3581 2702 3634 augusta-

451 3667 560 3703 nae,
598 3651 809 3712 Lugduni
844 3653 1120 3699 Batavorum
1158 3656 1207 3700 in
1240 3656 1425 3701 officina
1463 3654 1748 3716 plantiniana
1783 3668 1906 3699 anno
1943 3652 2082 3697 1591.
2118 3650 2164 3696 in
2197 3652 2242 3696 8.
2276 3665 2416 3711 quam
2455 3649 2593 3695 etiam
2628 3663 2702 3696 ar-

451 3727 651 3774 bitratur
682 3727 829 3774 David
859 3729 1162 3776 Hoeschelius
1186 3746 1285 3778 esse
1314 3732 1516 3778 Nicetae.
1553 3732 1879 3778 Verumtamen
1907 3744 2012 3775 cum
2043 3729 2140 3790 ipse
2165 3742 2266 3773 rem
2298 3727 2494 3788 penitius
2529 3727 2702 3782 exami-

455 3821 640 3859 narem,
671 3806 822 3868 reperi
858 3804 1159 3867 paraphrases
1191 3807 1419 3871 has,sive
1449 3809 1784 3869 expositiones,
1811 3807 1956 3854 editas
1992 3814 2089 3852 tum
2120 3804 2320 3851 Venetiis
2356 3813 2452 3850 tum
2486 3803 2701 3865 Lugduni
