2970 4420
233 502 257 532 ῐ.
282 506 343 533 107.
363 503 393 533 b.

330 566 389 595 200

332 880 392 909 205

334 1189 393 1219 210

334 1498 393 1527 215

335 1810 394 1839 220

335 2117 395 2146 225

336 2423 396 2453 230

339 2735 400 2765 235

341 3038 400 3068 240

346 3347 406 3377 245

256 3597 278 3626 f.
300 3600 359 3626 ωδ.
378 3602 408 3624 a.

351 3654 409 3683 250

440 284 534 331 410

433 374 519 420 πέρα
542 370 705 419 Γαδείρων
720 370 849 416 -οἶπιτε,
870 372 1043 422 περάσατε
1069 374 1128 414 τήν
1154 371 1302 417 Θούλην,

432 433 572 483 πρόσιτε
595 435 669 476 τοῖς
695 432 896 482 άντιχθόσιν
920 433 944 476 ἦ
969 438 1039 476 τοῖς
1066 433 1301 483 ὑποχθονιόις,

1320 298 1541 332 unionum

430 496 489 532 καὶ
514 494 654 532 πίπτετε
679 496 739 532 καὶ
764 494 930 537 θνήσκετε
956 498 1014 535 καὶ
1038 494 1337 544 καταρταροῦσθε,

429 557 729 605 ἀποδιδράσκοντες
756 558 858 607 ὀργήν
885 561 946 595 τοῦ
968 560 1141 607 Κομνηνοῢ
1164 557 1340 595 δεσπότου.

452 618 500 656 Ὦ
521 624 628 669 χαῖρε
650 623 755 669 χαῖρε
782 620 941 665 βασιλεῦ,
959 623 1065 669 χαῖρε
1090 619 1323 669 τροπαιοφόρε·

431 680 489 718 οὑκ
515 680 599 718 εἶδεν
624 681 721 724 ἥλιος
745 683 828 718 ποτὲ
856 684 1002 717 τοιοῦτον
1030 680 1198 724 βασιλέα,

430 742 499 779 οὐδ’
523 741 618 783 ἥλιον
643 743 783 791 ἑώρακεν
807 742 956 782 οἰνατολή
982 743 1140 777 τοιοῦτον·

433 803 591 854 φέγγεις,
612 804 784 854 οἷνίσχεις,
806 806 1002 852 δᾳδουχεῖς,
1022 802 1218 853 πυρσεύεις,
1237 801 1451 848 οἶνατέλλεις,

431 868 491 903 καί
514 867 613 917 νέφος
638 868 677 904 οὑ
702 866 907 915 συγκρύπτει
934 879 993 908 σε,
1012 865 1071 902 καί
1097 865 1189 901 δύσιν
1215 864 1253 902 οὑ
1276 864 1458 914 γινώσκεις·

420 927 454 965 ’ὦ
479 929 587 978 φέγγε
613 929 737 978 φέγγε,
758 927 921 972 βασιλεῦ,
942 927 1050 975 φέγγε
1076 929 1149 969 τοῖς
1174 926 1239 964 ὑπό
1262 929 1386 976 χεῖρα,

431 989 636 1039 περίθαλπε,
659 988 866 1037 περίλαμπε,
888 988 1047 1036 ζωπύρει,
1068 987 1235 1036 ζωογόνει·

430 1051 455 1088 ὦ
478 1053 583 1101 φλέγε
609 1052 713 1100 φλέγε
739 1052 857 1090 νικητά
882 1052 960 1092 τοὺς
986 1048 1189 1099 πολεμίους,

431 1114 551 1164 φρύξον
576 1114 698 1155 αὖτοὺς
723 1114 765 1155 ὦς
790 1113 960 1161 λάχανον,
981 1116 1106 1149 καῦσον
1131 1113 1255 1155 αὑτούς
1280 1112 1322 1155 ὦς
1343 1112 1479 1163 χόρτον·

430 1178 489 1213 καί
513 1175 667 1224 καθαράν
693 1178 736 1224 τῇ
759 1175 943 1212 πόλει”σου
972 1174 1161 1223 βράβευσον
1186 1176 1246 1215 τήν
1270 1175 1412 1225 ἡμέραν.

479 1238 538 1280 Τίς
562 1237 602 1282 ἔξ
626 1236 742 1279 αιόῖνος
767 1236 891 1277 ἤκουσε
918 1236 1050 1285 Βοίλζον
1077 1238 1141 1274 ὑπὸ
1165 1237 1368 1284 »Ῥωμαίουςς

431 1300 482 1342 τίς
498 1301 671 1347 ’Άλαμονς
692 1297 742 1341 τίς
760 1298 926 1344 Ἀλαξον,
948 1298 1166 1348 ὀχυρωτάτας
1191 1297 1328 1343 πόλεις,

429 1363 488 1399 καί
513 1361 628 1410 φήμην
652 1361 757 1409 μόνην
783 1361 928 1403 ἄνακτος
954 1360 1019 1396 ὅλα
1043 1359 1239 1408 πορθοῦσαν
1265 1360 1365 1404 ἔθνη,

429 1424 489 1460 καί
515 1423 637 1465 τόσους
663 1422 836 1472 ἄρχοντας
862 1422 963 1458 ἐθνῶν
990 1421 1334 1471 ἀνδραποδιζομένην,

429 1486 489 1522 καί
513 1484 736 1533 δουλουμένην
762 1483 899 1527 ἐθνικάς
926 1486 1099 1527 τοσαύτας
1123 1484 1288 1534 μυριάδας
1297 1499 1307 1527 ;

431 1547 481 1590 τίς
507 1545 592 1583 εἶδεν
618 1547 679 1595 ἔαρ
705 1545 856 1596 καθαρὸν
883 1546 917 1583 ἐν
942 1546 1036 1594 μέσῳ
1063 1546 1264 1595 δεκεμβρίῳ,·

432 1612 490 1646 καὶ
513 1610 592 1652 τοὺς
613 1608 808 1657 κρεμνωδεις
828 1610 887 1645 καί
908 1612 1049 1657 τραχεῖς
1071 1609 1128 1645 καί
1146 1608 1387 1658 χαραδρῶδους
1408 1608 1532 1651 τόπους

431 1670 685 1719 ὁμαλισθέντας
711 1671 865 1719 φάλαγξι
892 1673 1100 1717 στρατιωτῶν
1125 1670 1309 1715 τοσούτων,

430 1734 489 1770 καὶ
515 1736 555 1769 δι’
583 1732 700 1781 ὀλίγων
724 1732 855 1780 ήμερῶν
881 1731 979 1780 ἔργον
1005 1732 1122 1774 αι’ὤνος
1146 1731 1248 1777 ὅλου;

433 1800 496 1838 σῆς
522 1794 700 1844 εὐτυχίας,
723 1793 887 1838 βασιλεῦ’,
908 1793 997 1843 ἔργα
1021 1795 1065 1829 τά
1090 1794 1267 1842 γεγονότα.

479 1855 604 1905 ’Ἄρατε
631 1856 742 1898 πύλας
767 1856 920 1897 παλαιάς
946 1856 1111 1904 ἄρχοντες
1137 1858 1196 1891 τῶν
1221 1855 1391 1899 Αὐσόνων,

432 1918 474 1960 ὥς
499 1917 540 1954 sev
567 1916 715 1966 εἷσήλθῃ
743 1920 783 1953 δι’
810 1917 917 1953 αὑτῶν
944 1917 960 1952 ὁ
987 1916 1152 1961 βασιλεύς
1179 1917 1212 1952 ε’ν
1237 1916 1329 1966 δόξῃ·

431 1980 510 2016 ἀλλ’
537 1980 677 2029 ἐρωτᾶτε
704 1980 754 2022 τίς
779 1980 891 2021 ε’στιν;
912 1979 1005 2016 ἀλλά
1029 1979 1246 2016 πυνθάνεσθέ
1266 1988 1345 2029 μου·

431 2042 449 2078 ὁ
475 2042 611 2084 νικητής
637 2042 654 2078 ὁ
679 2042 855 2090 Κομνηνὸς
881 2043 919 2077 τὸ
947 2044 1007 2082 τῆς
1034 2042 1206 2090 πορφύρας
1231 2041 1352 2085 ἄνθος,

431 2100 466 2139 ὃν
492 2103 607 2150 τρέμει
634 2105 672 2139 τὸ
697 2103 907 2143 Γαλατικὸν,
930 2100 963 2135 ὃν
991 2101 1132 2136 δέδοικεν
1158 2102 1177 2138 ὁ
1201 2101 1357 2147 Σκύθης,

431 2163 458 2212 ᾦ
481 2165 659 2213 προσκυνεῖ
684 2163 721 2198 τὸ
747 2163 926 2206 Κελτικόν,
947 2160 973 2209 ᾦ
995 2165 1115 2204 παῖδες
1141 2166 1202 2199 τῶν
1227 2163 1399 2213 Ἀῤῥάβων

432 2226 469 2268 ὃς
495 2226 615 2274 φόρους
641 2222 830 2260 ἕπιτέθεικε
859 2227 934 2265 ταῖς
961 2224 1347 2274 παριστρίαιςχώραις,

432 2286 469 2324 ὂν
487 2287 592 2328 ’Ἂλυς
620 2285 697 2328 ὅλος
722 2285 878 2329 κατιδών,
901 2285 939 2321 ού
967 2286 1101 2334 στρέφει
1126 2287 1188 2333 μὲν
1214 2288 1252 2323 τό
1275 2286 1424 2336 ῥεῖθρον,

433 2351 511 2386 ἀλλ’
538 2349 743 2397 ήσυχάσας,
765 2349 910 2396 περατὸς
936 2348 1063 2396 γίνεται
1091 2352 1164 2391 τοῖς
1186 2350 1373 2398 Ῥωμαίοις·

434 2412 525 2458 αὑτῷ
549 2412 610 2453 τοὶς
637 2411 746 2452 πύλας
771 2410 876 2459 ἄρατε
902 2413 1067 2459 λαμπρῶς
1094 2410 1332 2461 εἶσερχομένω.

481 2474 551 2511 Ἴδε
577 2487 638 2509 σου
663 2473 762 2514 πόλις
785 2473 939 2521 ῥωμαῖκή
966 2473 1043 2514 τούς
1069 2473 1246 2516 νεωνήτους
1271 2475 1428 2518 δούλους,

434 2537 492 2574 καί
519 2537 557 2572 τὸ
582 2536 644 2584 μὲν
671 2533 805 2576 πλῆθος
832 2534 952 2578 ἔασον,
974 2534 1048 2570 οὑδὲ
1075 2536 1142 2584 γάρ
1168 2534 1387 2584 ἀριθμεῖται,

437 2599 515 2640 τοὺς
541 2598 579 2634 δε“
602 2597 782 2646 σατράπας
808 2596 980 2645 μάλιστα,
1000 2598 1057 2632 καί
1085 2598 1164 2638 τοὺς
1188 2596 1358 2647 ἐκκρίτους
1383 2597 1455 2647 ὅρα·

439 2660 503 2710 ὅρα
528 2660 584 2695 τὸν
609 2659 816 2707 άμασειανόν
842 2658 906 2707 πρό
933 2661 993 2694 τῶν
1018 2661 1140 2694 λοιπῶν
1165 2659 1372 2708 Τογήριλην,

437 2723 492 2759 τόν
517 2721 585 2758 «ind
610 2722 774 2770 Γάγγροις
799 2720 1012 2768 Ἀλψαροῢς,
1034 2721 1088 2756 τὸν
1114 2722 1264 2769 Ἀμηρᾶν
1289 2721 1468 2771 Πραχίμον

436 2786 492 2820 τὸν
518 2786 695 2827 Ἐλελδῆν,
715 2783 771 2819 τὸν
796 2785 1022 2831 Ἐλπεγκοῦς,
1041 2784 1097 2819 τὸν
1123 2782 1273 2830 Τζυκήν,
1295 2785 1352 2820 τόν
1373 2785 1514 2823 ’Ῑνάλην·

436 2846 531 2895 ἔχεις
557 2847 639 2894 πρὸς
665 2845 797 2887 τούτοις
822 2844 978 2893 ἀριθμεῖν
1004 2845 1062 2881 καί
1086 2859 1177 2887 τινας
1205 2845 1331 2888 ἄλλους
1356 2845 1509 2891 πλείους,

434 2909 686 2956 Καλλινογλὴν,
707 2910 927 2955 Ἀΐτουγδῆν,
948 2906 1156 2955 Αὖσάραριν,
1176 2907 1289 2957 μυρία·
1322 2912 1325 2913 ’

436 2971 480 3006 συ“
505 2971 540 3006 δέ
566 2973 718 3006 λιποῦσα
742 2969 802 3010 τήν
827 2969 962 3008 πληθὺν
988 2972 1049 3005 τῶν
1075 2969 1311 3018 ζωγρηθέντων
1338 2969 1490 3015 βλέπειν,

437 3032 584 3081 ὕμνησον
611 3034 666 3068 τὸν
692 3031 916 3081 ζωγρήσαντα
941 3032 1107 3070 δεσπότην
1133 3032 1295 3071 Ἰωάννην.

485 3093 531 3130 Ὦ
559 3096 650 3142 δεῦρο
677 3094 849 3142 σύγκλητε
876 3093 1004 3137 βουλή,
1024 3095 1116 3141 δεῦρο
1143 3095 1181 3129 τὸ
1209 3092 1300 3129 θεῖον
1327 3093 1441 3142 βῆμα,

440 3158 476 3193 τὸ
503 3157 639 3205 σύμπαν
667 3155 844 3200 ι’διωτικὸν,
866 3156 899 3192 οἱ
924 3158 985 3192 τοῦ
1007 3155 1170 3205 μονήρους
1197 3155 1290 3199 βίου,

440 3218 516 3254 ὅσον
543 3217 575 3254 ἐν
601 3217 702 3263 νέοις,
723 3217 756 3253 ἐν
781 3218 919 3261 παισίν,
941 3217 1020 3254 ὅσον
1045 3217 1080 3253 ἔν
1105 3217 1307 3266 μειρακίοις,

441 3279 473 3314 ἐν
501 3279 698 3329 βρέφουσιν,
720 3279 752 3315 ε’ν
778 3279 949 3329 γέρουσιν,
968 3279 1002 3315 ἐν
1027 3280 1157 3322 πάσαις
1180 3278 1345 3323 ήλικίαις,

442 3340 518 3376 ὅσον
545 3341 576 3376 ἐν
603 3342 675 3383 τοῖς
699 3340 924 3389 μαθήμασιν,
945 3340 1023 3377 ὅσον
1049 3340 1082 3376 ἐν
1109 3343 1182 3383 τοῖς
1207 3340 1370 3388 πολέμοις

446 3401 568 3438 ὁπόσον
591 3406 852 3451 χειρωνακτικῆς
879 3404 941 3439 καί
965 3402 1136 3446 βαναύσου
1163 3403 1290 3452 τύχης,

444 3463 522 3498 ὅσον
549 3466 591 3512 τῇ
616 3465 710 3500 πόλει
737 3454 892 3513 γνήσιον,
913 3464 989 3501 ὅσον
1016 3467 1077 3507 τῆς
1101 3463 1210 3506 ἄλλης
1234 3463 1372 3513 μοίρας,

444 3527 504 3566 τῆς
530 3524 644 3568 ξένης,
665 3529 724 3568 τῆς
751 3526 935 3570 ἐπήλυδος,
956 3531 1017 3568 τῆς
1041 3527 1408 3575 παρεγγεγραμμένης,

447 3586 505 3621 καί
534 3585 681 3624 σύστητε
707 3589 795 3623 κατά
815 3590 959 3637 χορούς,
980 3589 1131 3627 σύστητε
1157 3589 1246 3624 κατά
1272 3589 1432 3630 κύκλους,

447 3648 508 3689 τοὶς
534 3646 625 3688 νίκας
651 3648 881 3696 παιανίζοντες
907 3652 967 3686 τοῦ
990 3653 1164 3698 Κομνηνοῡ
1189 3650 1364 3686 δεσπότου.

494 3707 659 3756 Ἕπρεπε,
681 3707 753 3743 θεῖε
779 3708 941 3754 βασιλεῦ,
962 3713 1019 3751 τήν
1047 3711 1212 3755 βασιλίδα
1235 3711 1350 3756 πόλιν,

447 3768 477 3804 εἶ
503 3772 576 3803 κατ’
603 3767 701 3811 άξιάν
728 3767 868 3815 ἔμελλεν
895 3771 1040 3817 ὑμνῆσαι
1067 3786 1128 3808 σου
1154 3773 1233 3815 τούς
1258 3772 1405 3816 ἄθλους,

443 3829 624 3878 χρυσῶσαι
650 3827 766 3870 πάσας
790 3828 918 3877 άγυοὶς,
939 3831 1077 3874 ἁπάσας
1102 3834 1165 3875 τοὶς
1189 3833 1380 3883 ἀμφόδους,

447 3889 576 3937 στέψαι
604 3892 664 3932 τῆς
689 3892 754 3939 γῆς
780 3891 818 3927 τὸ
844 3891 1017 3938 πρόσωπον
1043 3892 1078 3929 ἐκ
1106 3897 1244 3940 σηρικῶν
1269 3893 1408 3942 οἱμφίων·

1575 280 1802 332 »nonnum

1602 374 1659 411 ε’πὶ
1683 375 1845 424 τετρώρου
1869 376 2036 423 πτερωτοῦ
2058 378 2217 425 λαμπρῶς
2243 390 2282 412 σε
2307 374 2527 424 καθιδρύσαι,

1602 434 1806 485 ἀνενεγκεῖν,
1826 434 1856 471 εἰ
1867 438 2034 481 δυνατόν,
2054 437 2110 473 τόν
2126 436 2278 487 ’Όμηρον
2301 437 2341 483 ἐξ
2364 436 2446 484 ᾅδου

1603 497 1796 546 ὑμνήσοντά
1819 511 1877 542 σε,
1900 496 2062 542 βασιλεῦ,
2081 500 2171 547 μετά
2195 499 2372 549 στομάτων
2398 500 2488 536 δέκα·

1603 558 1677 595 ε’πεί
1704 560 1739 596 δὲ
1766 558 1896 601 τούτοις
1923 573 1962 595 σε
1987 563 2090 608 τιμᾷν
2114 561 2136 600 ἦ
2161 561 2260 604 πόλις
2286 561 2346 598 οὑκ
2373 561 2504 610 ἰσχύει,

1604 619 1656 663 οἷς
1680 624 1760 669 γοῦν
1787 620 1901 670 ῖσχύει
1927 622 1965 658 τό
1991 622 2116 658 σεπτὸν
2141 621 2323 670 ἀμείβεταί
2345 637 2408 660 σου
2434 623 2556 673 κράτος

1604 683 1719 731 ὕμνοις
1743 683 1884 728 παιάσι,
1904 685 2143 732 προπομπαῖς,
2164 683 2304 731 εὐχαῖς,
2323 684 2569 734 εὑχαριστίαις.

1652 743 1812 794 Ἀριθμεῖ
1836 759 1897 782 σου
1923 747 1996 786 τοῖς
2023 748 2238 795 σχοινισμοῖς
2264 745 2499 795 ιὺτυχεστάτη
2521 746 2632 796 Ῥώμη
2684 773 2687 775 >

1603 805 1716 843 πάντα
1741 807 1786 843 τοὶ
1808 806 1934 856 μέχρις
1953 805 2095 851 Ἅλυος,
2118 805 2196 843 ὅλον
2220 806 2321 844 αὑτὸν
2346 808 2401 844 τόν
2418 806 2540 853 ιἍλυν,

1603 868 1662 908 τήν
1688 867 1866 918 ἀντιπέραν
1882 867 2007 910 ’Ἅλυος
2033 868 2280 918 ἒσκυλευμένην
2299 868 2422 918 χώραν·

1602 929 1781 979 προστίθει
1808 944 1871 967 σου
1898 933 1976 973 ταῖς
2001 930 2122 967 πόλεσι
2148 932 2207 968 καὶ
2231 932 2462 980 Κασταμόνας
2485 931 2580 975 ὅλοις·

1603 991 1752 1028 σύναπτε
1777 993 1869 1040 μετά
1892 994 1952 1028 τῶν
1976 995 2098 1029 λοιπῶν
2124 995 2183 1029 τῶν
2209 994 2274 1029 ὑπὸ
2301 1007 2340 1029 σε
2365 992 2521 1043 φρουρίων

1603 1054 1662 1094 τήν
1687 1053 1761 1089 νέαν
1786 1053 1883 1090 πόλιν
1898 1053 2047 1100 Ἀλμον,
2067 1055 2126 1094 τήν
2141 1053 2308 1103 Ἀλαζον,
2329 1056 2367 1091 τὸ
2392 1054 2533 1103 Βάλζον·

1603 1115 1713 1164 γράφε
1740 1118 1817 1158 ταῖς
1842 1116 1983 1165 μυριάσι
2011 1130 2074 1151 σου
2099 1117 2159 1151 καί
2184 1115 2260 1158 νέας
2283 1115 2459 1164 μυριάδας·

1601 1175 1643 1212 ἅν
1669 1180 1696 1213 δ’
1724 1176 1822 1222 ἅπαξ
1846 1177 1897 1213 ἔτι
1923 1181 1999 1213 κατ’
2026 1176 2158 1226 ἐχθρῶν
2184 1177 2202 1214 ὁ
2228 1176 2392 1220 βασιλεύς
2417 1178 2568 1227 ὁρμήσῃ,

1600 1238 1663 1289 ἔχε
1689 1240 1747 1274 καὶ
1775 1241 2049 1288 προσδοκήσιμον
2074 1239 2133 1279 τήν
2158 1238 2432 1288 μονοκρατορίαν·

1603 1295 1662 1336 καί
1688 1298 1739 1342 τίς
1764 1300 1832 1348 γάρ
1859 1301 2089 1347 ἁμιλλήσαιτο
2116 1304 2161 1348 τῷ
2186 1303 2344 1350 Κομνηνῷ
2369 1301 2535 1350 δεσπότης

1651 1358 1699 1397 Ὦ
1725 1360 1798 1401 νίκη
1823 1364 2032 1406 λαοδικεινή,
2050 1362 2123 1402 νίκη
2150 1363 2388 1412 σωζοπολίτις,

1574 1422 1579 1425 ’
1604 1423 1704 1472 ἑτέρα
1727 1422 1800 1463 νίκη
1827 1422 1995 1468 σκυθική,
2015 1425 2074 1460 καί
2102 1425 2315 1471 δαλματίτης
2338 1425 2450 1470 ἄλλη,

1605 1485 1706 1535 ἑτέρα
1729 1489 1757 1522 δ’
1784 1485 1977 1535 άμωριανή,
1995 1487 2169 1534 λημναϊκή
2195 1489 2222 1522 δ’
2248 1487 2356 1535 ἑτέρα·

1605 1547 1719 1589 ἁπλῶς
1744 1545 1877 1601 ὁπόσας
1900 1547 1990 1583 κατά
2014 1549 2077 1595 γῆν
2104 1549 2162 1583 καὶ
2189 1546 2392 1591 θάλασσαν,
2413 1549 2473 1585 καί
2497 1548 2633 1593 νήσους,

1605 1609 1737 1651 ὁπόσας
1762 1611 1845 1657 πρὸς
1870 1608 2057 1658 ἀνίσχοντα
2081 1610 2139 1646 καὶ
2167 1609 2304 1646 δύνοντα
2328 1609 2517 1659 φωσφόρον,

1606 1671 1779 1719 ὑπερφυῶς
1803 1669 2020 1719 κατώρθωσεν
2046 1670 2065 1707 ὁ
2090 1672 2262 1719 Κομνηνός
2287 1672 2467 1714 δεσπότης·

1606 1733 1663 1767 καί
1691 1732 1735 1768 σύ
1756 1746 1815 1780 μοι
1840 1732 1899 1768 νέα
1923 1734 1981 1768 καὶ
2007 1734 2097 1772 καλή
2120 1733 2193 1773 νίκη
2220 1733 2483 1782 κασταμονίτης·

1606 1797 1716 1838 δεῦτε,
1738 1794 1958 1843 συμπλέξαι-ε
1979 1797 2086 1845 χορὸν
2112 1795 2146 1831 ε’ν
2171 1796 2320 1839 ἁπαλοῖς
2346 1796 2544 1840 δακτύλοις,

1607 1857 1667 1892 καί
1690 1856 1851 1906 μέλψατε
1877 1859 1921 1904 τῷ
1946 1857 2086 1901 βασιλεῖ
2109 1858 2190 1900 τούς
2214 1859 2298 1907 πρός
2322 1857 2421 1903 ἀξίαν
2446 1856 2581 1908 ὕμνους.

1606 1916 1630 1957 ἢ
1655 1917 1715 1963 κᾷν
1741 1920 1819 1961 τοὺς
1846 1919 1935 1954 κατά
1961 1920 2108 1967 δύναμιν·
2135 1922 2202 1956 ποῦ
2225 1920 2294 1969 γάρ
2318 1920 2352 1955 οἶ
2375 1921 2458 1968 πρὸς
2483 1918 2600 1966 ἀξίαν,

1655 1979 1702 2016 Ὠ
1727 1981 1823 2029 μέγα
1842 1981 2008 2030 χάρισμα
2032 1980 2099 2028 θεῷ
2122 1982 2229 2031 ταύτῃ
2256 1984 2301 2032 τῇ
2323 1981 2494 2028 πολιτεία,

1608 2040 1696 2091 ζόης
1721 2042 1843 2085 αἰῶνας
1869 2043 1920 2085 εἷς
1943 2043 2112 2093 μακρούς,
2132 2043 2289 2092 ἀπείρους
2312 2042 2361 2086 εἷς
2384 2042 2520 2087 ἦλίους,

1606 2108 1714 2150 νικῶν,
1735 2105 1882 2156 ζωγρῶν,
1903 2110 2151 2156 τροπαιουχῶν,
2172 2106 2352 2151 σκυλεύων,
2371 2107 2576 2156 ἀριστεύων,
2609 2100 2611 2103 ’

1608 2169 1665 2203 καὶ
1692 2168 1820 2210 πάντας
1847 2167 2077 2210 ὑποσπόνδους
2104 2167 2214 2211 τιθείς
2239 2169 2318 2211 τούς
2342 2168 2536 2217 πολεμίους·

1607 2228 1769 2277 πρέσβεις
1793 2228 1831 2265 ἐκ
1858 2232 1918 2272 τῆς
1944 2229 2139 2279 εὐδαίμονος
2164 2229 2295 2266 ἔλθοιεν
2320 2230 2510 2280 Ἀῥραβίας”

1607 2292 1766 2334 κολάσεις
1793 2293 1828 2328 δέ
1854 2296 1913 2332 τήν
1938 2292 2112 2340 Αἴγυπτον
2137 2292 2174 2328 οὑ
2201 2292 2342 2341 βρόχοις
2367 2294 2425 2328 καί
2446 2291 2643 2342 χαλάζαις,

1606 2352 1700 2388 άλλοὶ
1723 2353 1902 2401 μαχαίρας
1929 2353 2075 2400 στόματι
2100 2353 2157 2388 καί
2183 2353 2268 2403 φόνῳ
2292 2354 2514 2402 πρωτοτόκων·

1608 2416 1666 2450 καὶ
1693 2414 1897 2462 γεφυρώσεις
1923 2413 2114 2463 Τίγρητας,
2133 2416 2192 2451 καὶ
2216 2415 2440 2464 μεταβάψαις
2466 2417 2627 2462 Νείλους,

1608 2473 1667 2516 οὑς
1691 2476 1754 2523 μὲν
1780 2475 1911 2518 ὀστέοις
1937 2475 2103 2521 ἐθνικοῖς,
2123 2476 2180 2519 οὓς
2205 2479 2240 2514 δὲ
2267 2477 2442 2527 βαρβάρων
2466 2478 2624 2528 λύθροις,

1608 2538 1666 2572 καί
1692 2536 1822 2579 πάντας
1848 2537 1949 2582 ἄξαις
1973 2538 2037 2574 ὑπὸ
2064 2552 2104 2574 σε
2130 2539 2190 2575 καί
2213 2538 2532 2590 μονοκρατορήσαις.
2555 2533 2558 2537 ’

1606 2657 1677 2694 XI.
1705 2659 1774 2694 Τοῦ
1797 2657 1901 2694 αὐτοῦ
1926 2658 1967 2700 ὦς
1993 2657 2063 2695 dno·
2086 2660 2147 2700 τῆς
2167 2658 2295 2701 πόλεως
2315 2659 2505 2708 δεκάστιχα
2528 2650 2706 2711 παρακλη-

1682 2719 1761 2755 τικά
1786 2721 1830 2766 τῷ
1854 2719 2075 2768 αὐτοκράτορι
2106 2720 2190 2768 πρὸς
2215 2720 2255 2757 τό
2282 2719 2426 2758 καθίσαι
2457 2722 2508 2771 ἐφ’
2533 2722 2704 2772 ἅρματος,

1682 2785 1752 2823 τοῖς
1780 2781 1908 2830 δήμοις.

1657 2903 1825 2940 Ἕκαστον
1851 2903 1944 2946 ἔτος,
1966 2902 2130 2948 βασιλεῦ,
2149 2906 2209 2940 τοῦ
2232 2902 2376 2953 κράτους
2401 2919 2464 2942 σου
2488 2909 2550 2944 τοῦ
2571 2905 2666 2944 θείου

1607 2966 1774 3016 εὐεργετεῖ
1797 2980 1841 3013 με
1867 2967 1924 3001 καί
1951 2968 2038 3014 τιμᾳῖ
2061 2966 2120 3006 τήν
2145 2965 2266 3005 δούλην
2289 2967 2364 3003 νέαν
2385 2967 2524 3016 Ῥώμην·

1607 3029 1753 3070 ἕκαστος
1779 3028 1854 3070 ἔτος
1880 3027 1963 3070 ὅλας
1988 3043 2046 3077 μοι
2073 3027 2323 3066 καθυποτάττει
2348 3030 2480 3075 πόλεις,

1607 3090 1688 3130 ἔθνη
1718 3092 1892 3127 δουλοῦται
1921 3090 2094 3140 βάρβαρα,
2115 3091 2221 3134 νίκαις
2246 3092 2407 3128 συνάπτει
2431 3092 2536 3136 νίκας·

1607 3154 1704 3199 ὁμῦν
1731 3154 1764 3188 δέ
1786 3152 1929 3200 χρόνος,
1951 3152 2112 3196 βασιλεῦ,
2132 3153 2383 3203 ὑπερπλούτισέ
2403 3162 2458 3202 με·

1608 3214 1810 3259 ἐξήπλωσας
1837 3215 1914 3255 τούς
1939 3213 2037 3263 ὅρους
2061 3228 2127 3263 μου
2153 3216 2211 3251 καί
2236 3216 2281 3250 τοὶ
2305 3215 2539 3264 σχοινίσματά
2559 3224 2637 3264 μου·

1609 3276 1811 3321 ἐπηύξησας
1837 3277 1881 3311 τά
1906 3276 2012 3325 κράτη
2037 3290 2105 3324 μου
2130 3277 2188 3312 καὶ
2215 3278 2276 3318 τοίς
2299 3277 2461 3325 περιοχάς
2483 3285 2559 3325 μου·
2657 3274 2661 3278 ”

1610 3337 1669 3373 οὑκ
1695 3337 1768 3386 ἔχει
1794 3338 1913 3386 μέτρον
1939 3338 1977 3374 τὸ
2003 3339 2105 3374 καλὸν
2131 3337 2200 3374 οὔδ’
2224 3337 2369 3387 οἶριθμὸν
2391 3338 2414 3378 ἦ
2438 3337 2522 3377 νίκη·

1609 3400 1684 3436 ἀνθ’
1711 3398 1750 3437 ὦν
1776 3400 1878 3448 εὑχαί
1903 3415 1956 3437 σοι
1982 3406 2061 3450 παρ’
2087 3402 2192 3449 ήμῶν,
2213 3399 2288 3436 ἄνθ’
2312 3398 2352 3437 ἦν
2377 3399 2601 3449 εὑχαριστίαι·

1610 3464 1667 3498 καὶ
1694 3463 1806 3511 δίφρος
1833 3461 1930 3505 οὗτος
1957 3463 1975 3499 ὁ
1995 3466 2147 3511 χρυσοῦς
2173 3461 2206 3497 ἐν
2231 3460 2257 3508 ᾦ
2280 3461 2557 3510 διφρηλατήσαις.

1658 3524 1824 3569 Λέγουσι,
1845 3524 1918 3560 θεῖε
1945 3523 2105 3568 βασιλεῦ’,
2125 3525 2182 3561 τόν
2205 3524 2297 3564 ἥλιον
2323 3524 2355 3558 οἱ
2379 3524 2477 3572 λόγοι

1609 3585 1661 3633 ἐφ’
1688 3584 1838 3637 ἅρματος
1863 3585 2051 3634 καθήμενον
2078 3587 2265 3633 περιπολεῖν
2290 3586 2349 3624 τήν
2373 3584 2492 3621 κτίσιν·

1611 3649 1653 3683 συ“
1681 3651 1707 3684 δ’
1734 3639 1940 3697 αὐτοκράτορ
1967 3649 2132 3696 Κομνηνὲ,
2154 3647 2197 3682 σὺ
2221 3646 2255 3682 δὲ
2281 3646 2451 3694 πορφύρας
2475 3645 2597 3692 ἄνθος,

1608 3711 1704 3752 ἥλιος
1730 3709 1768 3747 ὢν
1795 3710 2008 3759 φαιδρότερος
2034 3708 2151 3745 τούτου
2177 3711 2236 3744 τοῦ
2259 3709 2475 3757 φαινομένου,

2731 376 2792 405 255

2737 683 2796 713 260

2737 992 2797 1022 265

2740 1299 2801 1330 270

2740 1607 2801 1640 275

2741 1914 2802 1945 280

2739 2227 2800 2257 285

2740 2533 2801 2563 290

2736 3345 2758 3375 f.
2780 3349 2840 3376 ιω.
2859 3344 2891 3375 b.
2922 3337 2934 3372 Γ,

2737 3474 2777 3502 10

1608 3773 1665 3809 καί
1689 3774 1858 3819 δᾳδουχῶν
1880 3773 1956 3813 τούς
1978 3772 2042 3807 ὑπὸ
2064 3771 2102 3806 σε’
2120 3771 2177 3806 καὶ
2198 3770 2327 3818 φλέγων
2348 3771 2426 3813 τοὺς
2447 3770 2596 3821 ἐχθρούς
2615 3785 2696 3815 σου,
2734 3769 2774 3807 (5

1608 3835 1665 3869 καιι
1691 3832 1844 3882 καθαράν
1870 3836 1912 3882 τῇ
1936 3832 2032 3868 πόλει
2060 3845 2119 3868 σου
2146 3830 2316 3881 βραβεύων
2341 3832 2400 3872 τήν
2423 3832 2571 3882 ήμέραν,

1608 3893 1760 3943 ἅρματος
1787 3892 1875 3942 δίχα,
1893 3894 1976 3941 πρὸς
1999 3893 2090 3941 ήμοὶς
2116 3892 2347 3937 ἐξανατέλλειν
2372 3892 2504 3937 θέλεις;
