<?xml version="1.0" encoding="UTF-8"?>
<!DOCTYPE html PUBLIC "-//W3C//DTD XHTML 1.0 Transitional//EN"
    "http://www.w3.org/TR/xhtml1/DTD/xhtml1-transitional.dtd">
<html xmlns="http://www.w3.org/1999/xhtml" xml:lang="en" lang="en">
 <head>
  <title>
</title>
<meta http-equiv="Content-Type" content="text/html;charset=utf-8" />
  <meta name='ocr-system' content='tesseract 3.04.00' />
  <meta name='ocr-capabilities' content='ocr_page ocr_carea ocr_par ocr_line ocrx_word'/>
</head>
<body>
  <div class='ocr_page' id='page_1' title='image "./novaepatrumbibli06maiauoft/novaepatrumbibli06maiauoft_0293.png"; bbox 0 0 2970 4420; ppageno 0'>
   <div class='ocr_carea' id='block_1_1' title="bbox 1230 274 2538 318">
    <p class='ocr_par' dir='ltr' id='par_1_1' title="bbox 1230 274 2538 318">
     <span class='ocr_line' id='line_1_1' title="bbox 1230 274 2538 318; baseline 0.001 -6"><span class='ocrx_word' id='word_1_1' title='bbox 1230 278 1288 312; x_wconf 71' lang='grc' dir='ltr'>ΒΕ</span> <span class='ocrx_word' id='word_1_2' title='bbox 1319 278 1594 313; x_wconf 70' lang='lat' dir='ltr'>mutemus.</span> <span class='ocrx_word' id='word_1_3' title='bbox 2478 274 2538 318; x_wconf 91' lang='lat'>55</span> 
     </span>
    </p>
   </div>
   <div class='ocr_carea' id='block_1_2' title="bbox 248 362 2524 3670">
    <p class='ocr_par' dir='ltr' id='par_1_2' title="bbox 248 362 2524 3670">
     <span class='ocr_line' id='line_1_2' title="bbox 666 362 2105 428; baseline 0.001 -18"><span class='ocrx_word' id='word_1_4' title='bbox 666 363 1000 426; x_wconf 83' lang='lat' dir='ltr'>Pleuritimque</span> <span class='ocrx_word' id='word_1_5' title='bbox 1034 362 1228 418; x_wconf 88' lang='lat' dir='ltr'>malam,</span> <span class='ocrx_word' id='word_1_6' title='bbox 1253 373 1302 415; x_wconf 82' lang='lat' dir='ltr'>et</span> <span class='ocrx_word' id='word_1_7' title='bbox 1333 372 1547 428; x_wconf 85' lang='lat' dir='ltr'>sputum,</span> <span class='ocrx_word' id='word_1_8' title='bbox 1572 364 1896 427; x_wconf 77' lang='lat' dir='ltr'>vomitumque</span> <span class='ocrx_word' id='word_1_9' title='bbox 1926 367 2105 412; x_wconf 90' lang='lat' dir='ltr'>cruoris</span> 
     </span>
     <span class='ocr_line' id='line_1_3' title="bbox 761 442 1727 506; baseline 0.002 -19"><span class='ocrx_word' id='word_1_10' title='bbox 761 442 960 494; x_wconf 79' lang='lat' dir='ltr'>Evince,</span> <span class='ocrx_word' id='word_1_11' title='bbox 987 443 1152 489; x_wconf 87' lang='lat' dir='ltr'>mortis</span> <span class='ocrx_word' id='word_1_12' title='bbox 1179 451 1333 490; x_wconf 83' lang='lat' dir='ltr'>terror</span> <span class='ocrx_word' id='word_1_13' title='bbox 1365 451 1412 490; x_wconf 90' lang='lat' dir='ltr'>et</span> <span class='ocrx_word' id='word_1_14' title='bbox 1443 443 1590 491; x_wconf 90' lang='lat' dir='ltr'>hostis</span> <span class='ocrx_word' id='word_1_15' title='bbox 1621 456 1727 506; x_wconf 85' lang='lat' dir='ltr'>ego.</span> 
     </span>
     <span class='ocr_line' id='line_1_4' title="bbox 665 519 1819 584; baseline 0.002 -19"><span class='ocrx_word' id='word_1_16' title='bbox 665 519 847 566; x_wconf 79' lang='lat' dir='ltr'><strong>Viscera</strong></span> <span class='ocrx_word' id='word_1_17' title='bbox 881 527 1110 567; x_wconf 88' lang='lat' dir='ltr'>tentantes</span> <span class='ocrx_word' id='word_1_18' title='bbox 1143 535 1308 568; x_wconf 90' lang='lat' dir='ltr'>omnes</span> <span class='ocrx_word' id='word_1_19' title='bbox 1337 536 1427 584; x_wconf 87' lang='lat' dir='ltr'>ego</span> <span class='ocrx_word' id='word_1_20' title='bbox 1460 521 1574 569; x_wconf 91' lang='lat' dir='ltr'>sedo</span> <span class='ocrx_word' id='word_1_21' title='bbox 1605 520 1819 575; x_wconf 86' lang='lat' dir='ltr'>dolores,</span> 
     </span>
     <span class='ocr_line' id='line_1_5' title="bbox 759 597 1917 663; baseline 0.003 -21"><span class='ocrx_word' id='word_1_22' title='bbox 759 597 947 643; x_wconf 87' lang='lat' dir='ltr'>Interna</span> <span class='ocrx_word' id='word_1_23' title='bbox 980 605 1027 643; x_wconf 89' lang='lat' dir='ltr'>et</span> <span class='ocrx_word' id='word_1_24' title='bbox 1059 597 1283 661; x_wconf 92' lang='lat' dir='ltr'>quicquid</span> <span class='ocrx_word' id='word_1_25' title='bbox 1317 597 1527 652; x_wconf 83' lang='lat' dir='ltr'>membra</span> <span class='ocrx_word' id='word_1_26' title='bbox 1551 597 1720 646; x_wconf 83' lang='lat' dir='ltr'>dolore</span> <span class='ocrx_word' id='word_1_27' title='bbox 1750 598 1917 663; x_wconf 84' lang='lat' dir='ltr'>quatit.</span> 
     </span>
     <span class='ocr_line' id='line_1_6' title="bbox 661 674 1863 738; baseline 0.002 -18"><span class='ocrx_word' id='word_1_28' title='bbox 661 674 840 720; x_wconf 90' lang='lat' dir='ltr'>Tussim</span> <span class='ocrx_word' id='word_1_29' title='bbox 858 709 869 728; x_wconf 95' lang='lat'>‚</span> <span class='ocrx_word' id='word_1_30' title='bbox 900 675 1180 737; x_wconf 84' lang='lat' dir='ltr'><strong>singultum,</strong></span> <span class='ocrx_word' id='word_1_31' title='bbox 1214 674 1594 738; x_wconf 84' lang='lat' dir='ltr'>destillantesque</span> <span class='ocrx_word' id='word_1_32' title='bbox 1624 675 1798 722; x_wconf 87' lang='lat' dir='ltr'>fluores</span> <span class='ocrx_word' id='word_1_33' title='bbox 1858 732 1863 738; x_wconf 86' lang='lat'>.</span> 
     </span>
     <span class='ocr_line' id='line_1_7' title="bbox 758 750 1802 814; baseline 0.002 -18"><span class='ocrx_word' id='word_1_34' title='bbox 758 751 902 804; x_wconf 92' lang='lat' dir='ltr'>Sisto,</span> <span class='ocrx_word' id='word_1_35' title='bbox 930 750 1070 798; x_wconf 84' lang='lat' dir='ltr'>etiam</span> <span class='ocrx_word' id='word_1_36' title='bbox 1098 752 1137 798; x_wconf 92' lang='lat' dir='ltr'>si</span> <span class='ocrx_word' id='word_1_37' title='bbox 1170 751 1287 814; x_wconf 94' lang='lat' dir='ltr'>quid</span> <span class='ocrx_word' id='word_1_38' title='bbox 1317 752 1574 814; x_wconf 86' lang='lat' dir='ltr'>strangulet</span> <span class='ocrx_word' id='word_1_39' title='bbox 1603 752 1802 814; x_wconf 84' lang='lat' dir='ltr'>excipio.</span> 
     </span>
     <span class='ocr_line' id='line_1_8' title="bbox 659 827 1865 891; baseline 0.001 -17"><span class='ocrx_word' id='word_1_40' title='bbox 659 828 734 875; x_wconf 89' lang='lat' dir='ltr'>Me</span> <span class='ocrx_word' id='word_1_41' title='bbox 766 827 896 874; x_wconf 90' lang='lat' dir='ltr'><strong>dedit</strong></span> <span class='ocrx_word' id='word_1_42' title='bbox 929 828 1011 875; x_wconf 92' lang='lat' dir='ltr'>ille</span> <span class='ocrx_word' id='word_1_43' title='bbox 1043 836 1206 875; x_wconf 86' lang='lat' dir='ltr'>auctor</span> <span class='ocrx_word' id='word_1_44' title='bbox 1239 829 1436 890; x_wconf 82' lang='lat' dir='ltr'>sapienti</span> <span class='ocrx_word' id='word_1_45' title='bbox 1469 844 1664 876; x_wconf 89' lang='lat' dir='ltr'>munera</span> <span class='ocrx_word' id='word_1_46' title='bbox 1696 842 1865 891; x_wconf 88' lang='lat' dir='ltr'>magna</span> 
     </span>
     <span class='ocr_line' id='line_1_9' title="bbox 756 905 1822 968; baseline 0.001 -17"><span class='ocrx_word' id='word_1_47' title='bbox 756 905 1022 968; x_wconf 88' lang='lat' dir='ltr'>Discipulo,</span> <span class='ocrx_word' id='word_1_48' title='bbox 1055 905 1269 968; x_wconf 91' lang='lat' dir='ltr'>stupidos</span> <span class='ocrx_word' id='word_1_49' title='bbox 1301 905 1369 951; x_wconf 92' lang='lat' dir='ltr'>nil</span> <span class='ocrx_word' id='word_1_50' title='bbox 1405 920 1494 967; x_wconf 91' lang='lat' dir='ltr'>ego</span> <span class='ocrx_word' id='word_1_51' title='bbox 1530 921 1645 952; x_wconf 91' lang='lat' dir='ltr'>curo</span> <span class='ocrx_word' id='word_1_52' title='bbox 1678 907 1822 953; x_wconf 88' lang='lat' dir='ltr'>viros.</span> 
     </span>
     <span class='ocr_line' id='line_1_10' title="bbox 659 981 1948 1045; baseline 0.002 -18"><span class='ocrx_word' id='word_1_53' title='bbox 659 981 960 1044; x_wconf 82' lang='lat' dir='ltr'>Fragrantem</span> <span class='ocrx_word' id='word_1_54' title='bbox 994 981 1271 1044; x_wconf 87' lang='lat' dir='ltr'>fulvumque</span> <span class='ocrx_word' id='word_1_55' title='bbox 1303 981 1452 1044; x_wconf 91' lang='lat' dir='ltr'>pilum</span> <span class='ocrx_word' id='word_1_56' title='bbox 1486 985 1620 1044; x_wconf 91' lang='lat' dir='ltr'>pueri</span> <span class='ocrx_word' id='word_1_57' title='bbox 1654 997 1790 1045; x_wconf 90' lang='lat' dir='ltr'>cape,</span> <span class='ocrx_word' id='word_1_58' title='bbox 1818 983 1948 1030; x_wconf 91' lang='lat' dir='ltr'>cuius</span> 
     </span>
     <span class='ocr_line' id='line_1_11' title="bbox 754 1057 1864 1121; baseline 0.001 -17"><span class='ocrx_word' id='word_1_59' title='bbox 754 1057 923 1120; x_wconf 85' lang='lat' dir='ltr'>Fulget</span> <span class='ocrx_word' id='word_1_60' title='bbox 954 1058 1107 1105; x_wconf 88' lang='lat' dir='ltr'>adhuc</span> <span class='ocrx_word' id='word_1_61' title='bbox 1139 1059 1315 1121; x_wconf 88' lang='lat' dir='ltr'>campis</span> <span class='ocrx_word' id='word_1_62' title='bbox 1345 1059 1561 1105; x_wconf 86' lang='lat' dir='ltr'>Mercurii</span> <span class='ocrx_word' id='word_1_63' title='bbox 1593 1058 1673 1106; x_wconf 92' lang='lat' dir='ltr'>ille</span> <span class='ocrx_word' id='word_1_64' title='bbox 1706 1075 1864 1107; x_wconf 89' lang='lat' dir='ltr'>cruor.</span> 
     </span>
     <span class='ocr_line' id='line_1_12' title="bbox 654 1136 1967 1200; baseline 0.002 -18"><span class='ocrx_word' id='word_1_65' title='bbox 654 1136 844 1183; x_wconf 89' lang='lat' dir='ltr'>Pondus</span> <span class='ocrx_word' id='word_1_66' title='bbox 876 1136 936 1183; x_wconf 90' lang='lat' dir='ltr'>ad</span> <span class='ocrx_word' id='word_1_67' title='bbox 970 1137 1200 1184; x_wconf 92' lang='lat' dir='ltr'>humanos</span> <span class='ocrx_word' id='word_1_68' title='bbox 1233 1151 1392 1183; x_wconf 91' lang='lat' dir='ltr'>sensus</span> <span class='ocrx_word' id='word_1_69' title='bbox 1425 1136 1703 1199; x_wconf 73' lang='lat' dir='ltr'>perpendito</span> <span class='ocrx_word' id='word_1_70' title='bbox 1736 1137 1967 1200; x_wconf 89' lang='lat' dir='ltr'>prudens,</span> 
     </span>
     <span class='ocr_line' id='line_1_13' title="bbox 751 1213 1910 1276; baseline 0.001 -16"><span class='ocrx_word' id='word_1_71' title='bbox 751 1215 868 1260; x_wconf 90' lang='lat' dir='ltr'>Dein</span> <span class='ocrx_word' id='word_1_72' title='bbox 904 1213 1155 1260; x_wconf 83' lang='lat' dir='ltr'>drachmae</span> <span class='ocrx_word' id='word_1_73' title='bbox 1186 1213 1349 1276; x_wconf 91' lang='lat' dir='ltr'>pondo</span> <span class='ocrx_word' id='word_1_74' title='bbox 1385 1214 1611 1276; x_wconf 89' lang='lat' dir='ltr'>nauplion</span> <span class='ocrx_word' id='word_1_75' title='bbox 1643 1213 1910 1262; x_wconf 89' lang='lat' dir='ltr'>euboicum.</span> 
     </span>
     <span class='ocr_line' id='line_1_14' title="bbox 657 1290 1906 1354; baseline 0.002 -18"><span class='ocrx_word' id='word_1_76' title='bbox 657 1290 772 1338; x_wconf 86' lang='lat' dir='ltr'>Inde</span> <span class='ocrx_word' id='word_1_77' title='bbox 806 1290 1123 1338; x_wconf 89' lang='lat' dir='ltr'>Menoetiadae</span> <span class='ocrx_word' id='word_1_78' title='bbox 1155 1291 1374 1338; x_wconf 87' lang='lat' dir='ltr'>occisoris</span> <span class='ocrx_word' id='word_1_79' title='bbox 1408 1292 1573 1354; x_wconf 92' lang='lat' dir='ltr'>ponito</span> <span class='ocrx_word' id='word_1_80' title='bbox 1607 1292 1878 1339; x_wconf 88' lang='lat' dir='ltr'>drachmam</span> <span class='ocrx_word' id='word_1_81' title='bbox 1894 1328 1906 1347; x_wconf 94' lang='lat'>,</span> 
     </span>
     <span class='ocr_line' id='line_1_15' title="bbox 755 1367 1797 1431; baseline 0.002 -18"><span class='ocrx_word' id='word_1_82' title='bbox 755 1368 844 1423; x_wconf 87' lang='lat' dir='ltr'>Qui</span> <span class='ocrx_word' id='word_1_83' title='bbox 877 1368 1062 1429; x_wconf 89' lang='lat' dir='ltr'>pecoris</span> <span class='ocrx_word' id='word_1_84' title='bbox 1091 1367 1249 1414; x_wconf 90' lang='lat' dir='ltr'>densis</span> <span class='ocrx_word' id='word_1_85' title='bbox 1282 1367 1523 1415; x_wconf 87' lang='lat' dir='ltr'>ventribus</span> <span class='ocrx_word' id='word_1_86' title='bbox 1553 1369 1797 1431; x_wconf 80' lang='lat' dir='ltr'>excipitur.</span> 
     </span>
     <span class='ocr_line' id='line_1_16' title="bbox 652 1444 1947 1507; baseline 0.002 -16"><span class='ocrx_word' id='word_1_87' title='bbox 652 1445 824 1507; x_wconf 89' lang='lat' dir='ltr'>Viginti</span> <span class='ocrx_word' id='word_1_88' title='bbox 857 1452 904 1491; x_wconf 90' lang='lat' dir='ltr'>et</span> <span class='ocrx_word' id='word_1_89' title='bbox 937 1444 1185 1492; x_wconf 89' lang='lat' dir='ltr'>drachmas</span> <span class='ocrx_word' id='word_1_90' title='bbox 1218 1445 1458 1492; x_wconf 91' lang='lat' dir='ltr'>candentis</span> <span class='ocrx_word' id='word_1_91' title='bbox 1493 1447 1670 1492; x_wconf 91' lang='lat' dir='ltr'>coniice</span> <span class='ocrx_word' id='word_1_92' title='bbox 1704 1445 1918 1493; x_wconf 87' lang='lat' dir='ltr'>flammae</span> <span class='ocrx_word' id='word_1_93' title='bbox 1935 1481 1947 1500; x_wconf 93' lang='lat'>,</span> 
     </span>
     <span class='ocr_line' id='line_1_17' title="bbox 752 1520 1767 1584; baseline 0.001 -17"><span class='ocrx_word' id='word_1_94' title='bbox 752 1521 809 1567; x_wconf 91' lang='lat' dir='ltr'>Et</span> <span class='ocrx_word' id='word_1_95' title='bbox 843 1521 1039 1568; x_wconf 87' lang='lat' dir='ltr'>totidem</span> <span class='ocrx_word' id='word_1_96' title='bbox 1072 1520 1208 1568; x_wconf 89' lang='lat' dir='ltr'>fabae</span> <span class='ocrx_word' id='word_1_97' title='bbox 1241 1530 1350 1584; x_wconf 89' lang='lat' dir='ltr'>post</span> <span class='ocrx_word' id='word_1_98' title='bbox 1382 1523 1477 1569; x_wconf 90' lang='lat' dir='ltr'>suis</span> <span class='ocrx_word' id='word_1_99' title='bbox 1514 1521 1767 1569; x_wconf 91' lang='lat' dir='ltr'>arcadicae.</span> 
     </span>
     <span class='ocr_line' id='line_1_18' title="bbox 653 1598 1789 1665; baseline 0.003 -21"><span class='ocrx_word' id='word_1_100' title='bbox 653 1599 712 1645; x_wconf 89' lang='lat' dir='ltr'>Et</span> <span class='ocrx_word' id='word_1_101' title='bbox 743 1598 1016 1646; x_wconf 90' lang='lat' dir='ltr'>drachmam</span> <span class='ocrx_word' id='word_1_102' title='bbox 1045 1599 1196 1665; x_wconf 85' lang='lat' dir='ltr'>dictae</span> <span class='ocrx_word' id='word_1_103' title='bbox 1229 1599 1348 1647; x_wconf 84' lang='lat' dir='ltr'>falso</span> <span class='ocrx_word' id='word_1_104' title='bbox 1381 1600 1574 1654; x_wconf 87' lang='lat' dir='ltr'>radicis,</span> <span class='ocrx_word' id='word_1_105' title='bbox 1602 1598 1662 1647; x_wconf 91' lang='lat' dir='ltr'>ab</span> <span class='ocrx_word' id='word_1_106' title='bbox 1689 1602 1789 1663; x_wconf 92' lang='lat' dir='ltr'>ipsa</span> 
     </span>
     <span class='ocr_line' id='line_1_19' title="bbox 748 1672 1777 1740; baseline 0.001 -18"><span class='ocrx_word' id='word_1_107' title='bbox 748 1677 913 1731; x_wconf 89' lang='lat' dir='ltr'>Terra,</span> <span class='ocrx_word' id='word_1_108' title='bbox 943 1678 1123 1740; x_wconf 89' lang='lat' dir='ltr'>pissaeo</span> <span class='ocrx_word' id='word_1_109' title='bbox 1155 1672 1276 1739; x_wconf 81' lang='lat' dir='ltr'>quae</span> <span class='ocrx_word' id='word_1_110' title='bbox 1306 1679 1416 1724; x_wconf 88' lang='lat' dir='ltr'>Iove</span> <span class='ocrx_word' id='word_1_111' title='bbox 1448 1678 1574 1725; x_wconf 88' lang='lat' dir='ltr'>clara</span> <span class='ocrx_word' id='word_1_112' title='bbox 1604 1686 1777 1724; x_wconf 87' lang='lat' dir='ltr'>manet.</span> 
     </span>
     <span class='ocr_line' id='line_1_20' title="bbox 651 1752 1975 1817; baseline 0.002 -18"><span class='ocrx_word' id='word_1_113' title='bbox 651 1752 861 1814; x_wconf 87' lang='lat' dir='ltr'>Cumque</span> <span class='ocrx_word' id='word_1_114' title='bbox 890 1754 1004 1815; x_wconf 91' lang='lat' dir='ltr'>pion</span> <span class='ocrx_word' id='word_1_115' title='bbox 1037 1753 1238 1810; x_wconf 88' lang='lat' dir='ltr'>scribes,</span> <span class='ocrx_word' id='word_1_116' title='bbox 1265 1756 1370 1802; x_wconf 87' lang='lat' dir='ltr'>voci</span> <span class='ocrx_word' id='word_1_117' title='bbox 1404 1764 1544 1817; x_wconf 85' lang='lat' dir='ltr'>caput</span> <span class='ocrx_word' id='word_1_118' title='bbox 1576 1755 1776 1817; x_wconf 91' lang='lat' dir='ltr'>amplius</span> <span class='ocrx_word' id='word_1_119' title='bbox 1810 1754 1975 1807; x_wconf 88' lang='lat' dir='ltr'>addas,</span> 
     </span>
     <span class='ocr_line' id='line_1_21' title="bbox 743 1830 1855 1880; baseline 0.001 -3"><span class='ocrx_word' id='word_1_120' title='bbox 743 1830 1002 1877; x_wconf 89' lang='lat' dir='ltr'>Masculum</span> <span class='ocrx_word' id='word_1_121' title='bbox 1030 1832 1319 1879; x_wconf 90' lang='lat' dir='ltr'>Achivorum</span> <span class='ocrx_word' id='word_1_122' title='bbox 1351 1833 1556 1880; x_wconf 88' lang='lat' dir='ltr'>nominis</span> <span class='ocrx_word' id='word_1_123' title='bbox 1589 1832 1855 1879; x_wconf 90' lang='lat' dir='ltr'>articulum.</span> 
     </span>
     <span class='ocr_line' id='line_1_22' title="bbox 648 1904 1910 1971; baseline 0.002 -20"><span class='ocrx_word' id='word_1_124' title='bbox 648 1904 856 1968; x_wconf 90' lang='lat' dir='ltr'>Indeque</span> <span class='ocrx_word' id='word_1_125' title='bbox 885 1916 993 1970; x_wconf 91' lang='lat' dir='ltr'>post</span> <span class='ocrx_word' id='word_1_126' title='bbox 1022 1907 1269 1955; x_wconf 87' lang='lat' dir='ltr'>drachmas</span> <span class='ocrx_word' id='word_1_127' title='bbox 1298 1924 1526 1971; x_wconf 87' lang='lat' dir='ltr'>expensae</span> <span class='ocrx_word' id='word_1_128' title='bbox 1559 1909 1732 1956; x_wconf 91' lang='lat' dir='ltr'>sumito</span> <span class='ocrx_word' id='word_1_129' title='bbox 1765 1908 1910 1955; x_wconf 90' lang='lat' dir='ltr'>lancis</span> 
     </span>
     <span class='ocr_line' id='line_1_23' title="bbox 746 1983 1990 2049; baseline 0.001 -19"><span class='ocrx_word' id='word_1_130' title='bbox 746 1984 963 2047; x_wconf 84' lang='lat' dir='ltr'>Quinque</span> <span class='ocrx_word' id='word_1_131' title='bbox 993 1983 1083 2032; x_wconf 89' lang='lat' dir='ltr'>bis.</span> <span class='ocrx_word' id='word_1_132' title='bbox 1120 1986 1275 2048; x_wconf 87' lang='lat' dir='ltr'>Atque</span> <span class='ocrx_word' id='word_1_133' title='bbox 1306 1986 1482 2033; x_wconf 89' lang='lat' dir='ltr'>isthaec</span> <span class='ocrx_word' id='word_1_134' title='bbox 1512 1986 1740 2049; x_wconf 88' lang='lat' dir='ltr'>providus</span> <span class='ocrx_word' id='word_1_135' title='bbox 1773 1983 1990 2048; x_wconf 85' lang='lat' dir='ltr'>excipito.</span> 
     </span>
     <span class='ocr_line' id='line_1_24' title="bbox 646 2062 1658 2127; baseline 0.001 -18"><span class='ocrx_word' id='word_1_136' title='bbox 646 2064 872 2109; x_wconf 88' lang='lat' dir='ltr'>Natarum</span> <span class='ocrx_word' id='word_1_137' title='bbox 904 2062 1026 2110; x_wconf 90' lang='lat' dir='ltr'>tauri</span> <span class='ocrx_word' id='word_1_138' title='bbox 1062 2070 1244 2111; x_wconf 82' lang='lat' dir='ltr'>textura</span> <span class='ocrx_word' id='word_1_139' title='bbox 1276 2063 1658 2127; x_wconf 89' lang='lat' dir='ltr'>Cecropidarum.</span> 
     </span>
     <span class='ocr_line' id='line_1_25' title="bbox 744 2141 1779 2204; baseline -0.001 -17"><span class='ocrx_word' id='word_1_140' title='bbox 744 2141 819 2187; x_wconf 92' lang='lat' dir='ltr'>Sic</span> <span class='ocrx_word' id='word_1_141' title='bbox 852 2155 1040 2187; x_wconf 89' lang='lat' dir='ltr'>mecum</span> <span class='ocrx_word' id='word_1_142' title='bbox 1067 2142 1250 2188; x_wconf 89' lang='lat' dir='ltr'>Triccae</span> <span class='ocrx_word' id='word_1_143' title='bbox 1280 2142 1621 2204; x_wconf 88' lang='lat' dir='ltr'>progeniesque</span> <span class='ocrx_word' id='word_1_144' title='bbox 1653 2141 1779 2188; x_wconf 87' lang='lat' dir='ltr'>facit.</span> 
     </span>
     <span class='ocr_line' id='line_1_26' title="bbox 260 2211 2523 2280; baseline 0.001 -18"><span class='ocrx_word' id='word_1_145' title='bbox 260 2217 434 2263; x_wconf 89' lang='lat' dir='ltr'>Verum</span> <span class='ocrx_word' id='word_1_146' title='bbox 467 2216 527 2264; x_wconf 93' lang='lat' dir='ltr'>de</span> <span class='ocrx_word' id='word_1_147' title='bbox 550 2211 767 2280; x_wconf 89' lang='lat' dir='ltr'>philonio</span> <span class='ocrx_word' id='word_1_148' title='bbox 791 2217 1005 2264; x_wconf 88' lang='lat' dir='ltr'>antidoto</span> <span class='ocrx_word' id='word_1_149' title='bbox 1037 2218 1280 2280; x_wconf 92' lang='lat' dir='ltr'>quomodo</span> <span class='ocrx_word' id='word_1_150' title='bbox 1303 2217 1601 2273; x_wconf 87' lang='lat' dir='ltr'>conficiatur,</span> <span class='ocrx_word' id='word_1_151' title='bbox 1629 2226 1676 2265; x_wconf 91' lang='lat' dir='ltr'>et</span> <span class='ocrx_word' id='word_1_152' title='bbox 1708 2233 1801 2280; x_wconf 91' lang='lat' dir='ltr'>qua</span> <span class='ocrx_word' id='word_1_153' title='bbox 1834 2218 2014 2265; x_wconf 87' lang='lat' dir='ltr'>ratione</span> <span class='ocrx_word' id='word_1_154' title='bbox 2043 2215 2238 2264; x_wconf 86' lang='lat' dir='ltr'>infirmis</span> <span class='ocrx_word' id='word_1_155' title='bbox 2268 2218 2523 2280; x_wconf 89' lang='lat' dir='ltr'>propinan-</span> 
     </span>
     <span class='ocr_line' id='line_1_27' title="bbox 248 2293 2519 2359; baseline 0 -20"><span class='ocrx_word' id='word_1_156' title='bbox 248 2293 374 2340; x_wconf 88' lang='lat' dir='ltr'>dum</span> <span class='ocrx_word' id='word_1_157' title='bbox 401 2294 483 2349; x_wconf 89' lang='lat' dir='ltr'>sit,</span> <span class='ocrx_word' id='word_1_158' title='bbox 512 2303 699 2357; x_wconf 89' lang='lat' dir='ltr'>praeter</span> <span class='ocrx_word' id='word_1_159' title='bbox 730 2294 980 2349; x_wconf 84' lang='lat' dir='ltr'>Galenum,</span> <span class='ocrx_word' id='word_1_160' title='bbox 1005 2294 1192 2342; x_wconf 85' lang='lat' dir='ltr'>abunde</span> <span class='ocrx_word' id='word_1_161' title='bbox 1221 2295 1453 2359; x_wconf 89' lang='lat' dir='ltr'>explicant</span> <span class='ocrx_word' id='word_1_162' title='bbox 1478 2296 1650 2343; x_wconf 92' lang='lat' dir='ltr'>Paulus</span> <span class='ocrx_word' id='word_1_163' title='bbox 1685 2297 1894 2358; x_wconf 86' lang='lat' dir='ltr'>aegineta</span> <span class='ocrx_word' id='word_1_164' title='bbox 1925 2295 1984 2341; x_wconf 92' lang='lat' dir='ltr'>de</span> <span class='ocrx_word' id='word_1_165' title='bbox 2014 2311 2066 2342; x_wconf 91' lang='lat' dir='ltr'>re</span> <span class='ocrx_word' id='word_1_166' title='bbox 2098 2293 2277 2341; x_wconf 89' lang='lat' dir='ltr'>medica</span> <span class='ocrx_word' id='word_1_167' title='bbox 2309 2293 2394 2340; x_wconf 91' lang='lat' dir='ltr'>lib.</span> <span class='ocrx_word' id='word_1_168' title='bbox 2423 2296 2519 2341; x_wconf 91' lang='lat' dir='ltr'>VII.</span> 
     </span>
     <span class='ocr_line' id='line_1_28' title="bbox 257 2370 2519 2436; baseline 0 -20"><span class='ocrx_word' id='word_1_169' title='bbox 257 2385 361 2432; x_wconf 90' lang='lat' dir='ltr'>cap.</span> <span class='ocrx_word' id='word_1_170' title='bbox 395 2372 471 2418; x_wconf 90' lang='lat'>11.</span> <span class='ocrx_word' id='word_1_171' title='bbox 500 2370 562 2417; x_wconf 93' lang='lat' dir='ltr'>de</span> <span class='ocrx_word' id='word_1_172' title='bbox 597 2371 846 2426; x_wconf 88' lang='lat' dir='ltr'>antidotis;</span> <span class='ocrx_word' id='word_1_173' title='bbox 874 2371 1113 2419; x_wconf 90' lang='lat' dir='ltr'>Oribasius</span> <span class='ocrx_word' id='word_1_174' title='bbox 1146 2387 1338 2436; x_wconf 86' lang='lat' dir='ltr'>synops.</span> <span class='ocrx_word' id='word_1_175' title='bbox 1370 2373 1456 2420; x_wconf 88' lang='lat' dir='ltr'>lib.</span> <span class='ocrx_word' id='word_1_176' title='bbox 1488 2375 1568 2420; x_wconf 89' lang='lat'>111.</span> <span class='ocrx_word' id='word_1_177' title='bbox 1596 2373 1657 2420; x_wconf 92' lang='lat' dir='ltr'>ad</span> <span class='ocrx_word' id='word_1_178' title='bbox 1689 2373 1983 2420; x_wconf 89' lang='lat' dir='ltr'>Eustathium</span> <span class='ocrx_word' id='word_1_179' title='bbox 2015 2371 2188 2425; x_wconf 88' lang='lat' dir='ltr'>filium,</span> <span class='ocrx_word' id='word_1_180' title='bbox 2223 2380 2271 2418; x_wconf 90' lang='lat' dir='ltr'>et</span> <span class='ocrx_word' id='word_1_181' title='bbox 2301 2370 2519 2418; x_wconf 88' lang='lat' dir='ltr'>medicin.</span> 
     </span>
     <span class='ocr_line' id='line_1_29' title="bbox 255 2446 2524 2514; baseline 0.001 -21"><span class='ocrx_word' id='word_1_182' title='bbox 255 2446 442 2494; x_wconf 82' lang='lat' dir='ltr'>collect.</span> <span class='ocrx_word' id='word_1_183' title='bbox 477 2446 562 2494; x_wconf 90' lang='lat' dir='ltr'>lib.</span> <span class='ocrx_word' id='word_1_184' title='bbox 594 2449 682 2502; x_wconf 83' lang='lat' dir='ltr'>lV;</span> <span class='ocrx_word' id='word_1_185' title='bbox 717 2449 879 2496; x_wconf 76' lang='lat' dir='ltr'>Aetius</span> <span class='ocrx_word' id='word_1_186' title='bbox 911 2448 1081 2497; x_wconf 90' lang='lat' dir='ltr'>tetrab.</span> <span class='ocrx_word' id='word_1_187' title='bbox 1121 2451 1180 2497; x_wconf 92' lang='lat'>11.</span> <span class='ocrx_word' id='word_1_188' title='bbox 1219 2467 1358 2498; x_wconf 91' lang='lat' dir='ltr'>serm.</span> <span class='ocrx_word' id='word_1_189' title='bbox 1398 2452 1446 2498; x_wconf 99' lang='grc'>4.</span> <span class='ocrx_word' id='word_1_190' title='bbox 1487 2466 1591 2514; x_wconf 92' lang='lat' dir='ltr'>cap.</span> <span class='ocrx_word' id='word_1_191' title='bbox 1628 2452 1719 2506; x_wconf 89' lang='lat'>28,</span> <span class='ocrx_word' id='word_1_192' title='bbox 1755 2459 1801 2498; x_wconf 91' lang='lat' dir='ltr'>et</span> <span class='ocrx_word' id='word_1_193' title='bbox 1834 2451 1914 2496; x_wconf 88' lang='lat'>111.</span> <span class='ocrx_word' id='word_1_194' title='bbox 1955 2466 2094 2497; x_wconf 90' lang='lat' dir='ltr'>serm.</span> <span class='ocrx_word' id='word_1_195' title='bbox 2139 2452 2181 2495; x_wconf 89' lang='lat'>1.</span> <span class='ocrx_word' id='word_1_196' title='bbox 2216 2464 2317 2512; x_wconf 89' lang='lat' dir='ltr'>cap.</span> <span class='ocrx_word' id='word_1_197' title='bbox 2356 2450 2442 2503; x_wconf 91' lang='lat'>32,</span> <span class='ocrx_word' id='word_1_198' title='bbox 2479 2458 2524 2495; x_wconf 90' lang='lat' dir='ltr'>et</span> 
     </span>
     <span class='ocr_line' id='line_1_30' title="bbox 256 2524 2517 2591; baseline 0 -21"><span class='ocrx_word' id='word_1_199' title='bbox 256 2539 396 2571; x_wconf 91' lang='lat' dir='ltr'>serm.</span> <span class='ocrx_word' id='word_1_200' title='bbox 433 2527 482 2572; x_wconf 90' lang='lat'>2.</span> <span class='ocrx_word' id='word_1_201' title='bbox 517 2541 620 2588; x_wconf 89' lang='lat' dir='ltr'>cap.</span> <span class='ocrx_word' id='word_1_202' title='bbox 654 2528 704 2579; x_wconf 75' lang='lat'>1:</span> <span class='ocrx_word' id='word_1_203' title='bbox 740 2534 786 2574; x_wconf 87' lang='lat' dir='ltr'>et</span> <span class='ocrx_word' id='word_1_204' title='bbox 820 2528 897 2574; x_wconf 88' lang='lat' dir='ltr'>IV.</span> <span class='ocrx_word' id='word_1_205' title='bbox 929 2542 1072 2575; x_wconf 88' lang='lat' dir='ltr'>serm.</span> <span class='ocrx_word' id='word_1_206' title='bbox 1108 2530 1152 2585; x_wconf 75' lang='lat'>1.</span> <span class='ocrx_word' id='word_1_207' title='bbox 1189 2543 1292 2591; x_wconf 90' lang='lat' dir='ltr'>cap.</span> <span class='ocrx_word' id='word_1_208' title='bbox 1328 2529 1444 2582; x_wconf 85' lang='lat'>107;</span> <span class='ocrx_word' id='word_1_209' title='bbox 1479 2529 1725 2576; x_wconf 84' lang='lat' dir='ltr'>Actuarius</span> <span class='ocrx_word' id='word_1_210' title='bbox 1755 2528 1815 2575; x_wconf 90' lang='lat' dir='ltr'>de</span> <span class='ocrx_word' id='word_1_211' title='bbox 1847 2527 2056 2574; x_wconf 91' lang='lat' dir='ltr'>method.</span> <span class='ocrx_word' id='word_1_212' title='bbox 2094 2526 2314 2573; x_wconf 90' lang='lat' dir='ltr'>medend.</span> <span class='ocrx_word' id='word_1_213' title='bbox 2349 2524 2433 2572; x_wconf 91' lang='lat' dir='ltr'>lib.</span> <span class='ocrx_word' id='word_1_214' title='bbox 2465 2528 2517 2572; x_wconf 91' lang='lat' dir='ltr'>V.</span> 
     </span>
     <span class='ocr_line' id='line_1_31' title="bbox 255 2603 2522 2668; baseline 0.001 -22"><span class='ocrx_word' id='word_1_215' title='bbox 255 2615 360 2662; x_wconf 91' lang='lat' dir='ltr'>cap.</span> <span class='ocrx_word' id='word_1_216' title='bbox 390 2603 444 2660; x_wconf 79' lang='lat'>63</span> <span class='ocrx_word' id='word_1_217' title='bbox 474 2603 721 2650; x_wconf 88' lang='lat' dir='ltr'>Marcellus</span> <span class='ocrx_word' id='word_1_218' title='bbox 748 2603 809 2650; x_wconf 92' lang='lat' dir='ltr'>de</span> <span class='ocrx_word' id='word_1_219' title='bbox 836 2604 1082 2651; x_wconf 87' lang='lat' dir='ltr'>medicam.</span> <span class='ocrx_word' id='word_1_220' title='bbox 1114 2620 1218 2668; x_wconf 87' lang='lat' dir='ltr'>cap.</span> <span class='ocrx_word' id='word_1_221' title='bbox 1247 2607 1328 2652; x_wconf 91' lang='grc'>20.</span> <span class='ocrx_word' id='word_1_222' title='bbox 1356 2614 1404 2653; x_wconf 92' lang='lat' dir='ltr'>et</span> <span class='ocrx_word' id='word_1_223' title='bbox 1428 2608 1517 2665; x_wconf 84' lang='lat'>223</span> <span class='ocrx_word' id='word_1_224' title='bbox 1542 2606 1762 2653; x_wconf 89' lang='lat' dir='ltr'>Nicolaus</span> <span class='ocrx_word' id='word_1_225' title='bbox 1789 2607 2031 2667; x_wconf 88' lang='lat' dir='ltr'>Myrepsus</span> <span class='ocrx_word' id='word_1_226' title='bbox 2059 2605 2120 2651; x_wconf 90' lang='lat' dir='ltr'>de</span> <span class='ocrx_word' id='word_1_227' title='bbox 2151 2605 2397 2665; x_wconf 89' lang='lat' dir='ltr'>composit.</span> <span class='ocrx_word' id='word_1_228' title='bbox 2423 2618 2522 2649; x_wconf 92' lang='lat' dir='ltr'>me-</span> 
     </span>
     <span class='ocr_line' id='line_1_32' title="bbox 252 2677 2520 2744; baseline 0.001 -21"><span class='ocrx_word' id='word_1_229' title='bbox 252 2677 629 2724; x_wconf 85' lang='lat' dir='ltr'>dicamentorum</span> <span class='ocrx_word' id='word_1_230' title='bbox 661 2688 772 2726; x_wconf 89' lang='lat' dir='ltr'>sect.</span> <span class='ocrx_word' id='word_1_231' title='bbox 803 2681 840 2726; x_wconf 89' lang='lat'>1.</span> <span class='ocrx_word' id='word_1_232' title='bbox 869 2694 972 2743; x_wconf 92' lang='lat' dir='ltr'>cap.</span> <span class='ocrx_word' id='word_1_233' title='bbox 1002 2682 1116 2728; x_wconf 88' lang='grc'><strong>243.</strong></span> <span class='ocrx_word' id='word_1_234' title='bbox 1147 2683 1270 2735; x_wconf 89' lang='grc'><strong>244,</strong></span> <span class='ocrx_word' id='word_1_235' title='bbox 1298 2689 1345 2729; x_wconf 90' lang='lat' dir='ltr'>et</span> <span class='ocrx_word' id='word_1_236' title='bbox 1368 2683 1583 2729; x_wconf 92' lang='lat' dir='ltr'>omnium</span> <span class='ocrx_word' id='word_1_237' title='bbox 1607 2683 1964 2744; x_wconf 87' lang='lat' dir='ltr'>exquisitissime</span> <span class='ocrx_word' id='word_1_238' title='bbox 1990 2683 2101 2728; x_wconf 89' lang='lat'>383.</span> <span class='ocrx_word' id='word_1_239' title='bbox 2133 2680 2214 2743; x_wconf 89' lang='lat'>(1).</span> <span class='ocrx_word' id='word_1_240' title='bbox 2250 2681 2319 2725; x_wconf 85' lang='lat' dir='ltr'>Ex</span> <span class='ocrx_word' id='word_1_241' title='bbox 2350 2678 2520 2741; x_wconf 89' lang='lat' dir='ltr'>quihus</span> 
     </span>
     <span class='ocr_line' id='line_1_33' title="bbox 253 2754 2518 2822; baseline 0.001 -23"><span class='ocrx_word' id='word_1_242' title='bbox 253 2754 387 2802; x_wconf 91' lang='lat' dir='ltr'>locus</span> <span class='ocrx_word' id='word_1_243' title='bbox 422 2755 626 2801; x_wconf 90' lang='lat' dir='ltr'>Cornelii</span> <span class='ocrx_word' id='word_1_244' title='bbox 658 2756 776 2807; x_wconf 86' lang='lat' dir='ltr'>Celsi</span> <span class='ocrx_word' id='word_1_245' title='bbox 801 2757 860 2803; x_wconf 93' lang='lat' dir='ltr'>de</span> <span class='ocrx_word' id='word_1_246' title='bbox 891 2772 944 2803; x_wconf 92' lang='lat' dir='ltr'>re</span> <span class='ocrx_word' id='word_1_247' title='bbox 970 2758 1096 2804; x_wconf 90' lang='lat' dir='ltr'>med.</span> <span class='ocrx_word' id='word_1_248' title='bbox 1125 2758 1210 2804; x_wconf 91' lang='lat' dir='ltr'>lib.</span> <span class='ocrx_word' id='word_1_249' title='bbox 1237 2760 1314 2806; x_wconf 88' lang='lat' dir='ltr'>vl.</span> <span class='ocrx_word' id='word_1_250' title='bbox 1343 2774 1446 2822; x_wconf 89' lang='lat' dir='ltr'>cap.</span> <span class='ocrx_word' id='word_1_251' title='bbox 1476 2761 1523 2806; x_wconf 84' lang='lat'>6.</span> <span class='ocrx_word' id='word_1_252' title='bbox 1554 2759 1796 2822; x_wconf 91' lang='lat' dir='ltr'>(editionis</span> <span class='ocrx_word' id='word_1_253' title='bbox 1819 2761 1989 2820; x_wconf 87' lang='lat' dir='ltr'>Targae</span> <span class='ocrx_word' id='word_1_254' title='bbox 2011 2767 2121 2804; x_wconf 88' lang='lat' dir='ltr'>sect.</span> <span class='ocrx_word' id='word_1_255' title='bbox 2149 2759 2196 2803; x_wconf 88' lang='lat'>3.</span> <span class='ocrx_word' id='word_1_256' title='bbox 2220 2772 2361 2819; x_wconf 90' lang='lat' dir='ltr'>quam</span> <span class='ocrx_word' id='word_1_257' title='bbox 2383 2756 2518 2817; x_wconf 65' lang='lat' dir='ltr'>vide)</span> 
     </span>
     <span class='ocr_line' id='line_1_34' title="bbox 253 2831 2516 2898; baseline 0 -22"><span class='ocrx_word' id='word_1_258' title='bbox 253 2845 445 2877; x_wconf 90' lang='lat' dir='ltr'>mancus</span> <span class='ocrx_word' id='word_1_259' title='bbox 470 2839 518 2877; x_wconf 90' lang='lat' dir='ltr'>et</span> <span class='ocrx_word' id='word_1_260' title='bbox 543 2831 737 2878; x_wconf 89' lang='lat' dir='ltr'>mutilus</span> <span class='ocrx_word' id='word_1_261' title='bbox 761 2832 1051 2880; x_wconf 52' lang='lat' dir='ltr'>adsmentem</span> <span class='ocrx_word' id='word_1_262' title='bbox 1086 2836 1290 2890; x_wconf 77' lang='lat' dir='ltr'>auctoris</span> <span class='ocrx_word' id='word_1_263' title='bbox 1322 2836 1502 2882; x_wconf 86' lang='lat' dir='ltr'>restitui</span> <span class='ocrx_word' id='word_1_264' title='bbox 1537 2837 1727 2898; x_wconf 86' lang='lat' dir='ltr'>poterit.</span> <span class='ocrx_word' id='word_1_265' title='bbox 1765 2835 2001 2882; x_wconf 90' lang='lat' dir='ltr'>Cardanus</span> <span class='ocrx_word' id='word_1_266' title='bbox 2034 2836 2145 2880; x_wconf 90' lang='lat' dir='ltr'>item</span> <span class='ocrx_word' id='word_1_267' title='bbox 2170 2835 2218 2879; x_wconf 91' lang='lat' dir='ltr'>in</span> <span class='ocrx_word' id='word_1_268' title='bbox 2249 2842 2347 2878; x_wconf 91' lang='lat' dir='ltr'>arte</span> <span class='ocrx_word' id='word_1_269' title='bbox 2374 2848 2516 2895; x_wconf 91' lang='lat' dir='ltr'>parva</span> 
     </span>
     <span class='ocr_line' id='line_1_35' title="bbox 252 2907 2516 2974; baseline 0 -21"><span class='ocrx_word' id='word_1_270' title='bbox 252 2907 467 2953; x_wconf 88' lang='lat' dir='ltr'>curandi.</span> <span class='ocrx_word' id='word_1_271' title='bbox 506 2908 646 2963; x_wconf 80' lang='lat' dir='ltr'>Quod</span> <span class='ocrx_word' id='word_1_272' title='bbox 677 2908 723 2954; x_wconf 80' lang='lat' dir='ltr'>si</span> <span class='ocrx_word' id='word_1_273' title='bbox 755 2907 893 2955; x_wconf 87' lang='lat' dir='ltr'>dolor</span> <span class='ocrx_word' id='word_1_274' title='bbox 923 2926 1019 2956; x_wconf 88' lang='lat' dir='ltr'>non</span> <span class='ocrx_word' id='word_1_275' title='bbox 1043 2910 1264 2961; x_wconf 82' lang='lat' dir='ltr'>sedatur.</span> <span class='ocrx_word' id='word_1_276' title='bbox 1298 2922 1410 2956; x_wconf 85' lang='lat' dir='ltr'>ante</span> <span class='ocrx_word' id='word_1_277' title='bbox 1443 2927 1593 2974; x_wconf 83' lang='lat' dir='ltr'>quam</span> <span class='ocrx_word' id='word_1_278' title='bbox 1616 2911 1835 2958; x_wconf 81' lang='lat' dir='ltr'>letalium</span> <span class='ocrx_word' id='word_1_279' title='bbox 1862 2912 2099 2957; x_wconf 82' lang='lat' dir='ltr'>malorum</span> <span class='ocrx_word' id='word_1_280' title='bbox 2130 2909 2320 2972; x_wconf 81' lang='lat' dir='ltr'>aliquid</span> <span class='ocrx_word' id='word_1_281' title='bbox 2348 2908 2516 2971; x_wconf 76' lang='lat' dir='ltr'>progi-</span> 
     </span>
     <span class='ocr_line' id='line_1_36' title="bbox 250 2983 2516 3051; baseline 0.001 -22"><span class='ocrx_word' id='word_1_282' title='bbox 250 2995 458 3047; x_wconf 80' lang='lat' dir='ltr'>gnaeur,</span> <span class='ocrx_word' id='word_1_283' title='bbox 487 2983 705 3048; x_wconf 79' lang='lat' dir='ltr'>philonio</span> <span class='ocrx_word' id='word_1_284' title='bbox 736 3001 957 3037; x_wconf 83' lang='lat' dir='ltr'>romano,</span> <span class='ocrx_word' id='word_1_285' title='bbox 991 2987 1120 3050; x_wconf 83' lang='lat' dir='ltr'>quod</span> <span class='ocrx_word' id='word_1_286' title='bbox 1149 3003 1181 3033; x_wconf 86' lang='lat' dir='ltr'>a</span> <span class='ocrx_word' id='word_1_287' title='bbox 1212 2999 1364 3033; x_wconf 81' lang='lat' dir='ltr'>morte</span> <span class='ocrx_word' id='word_1_288' title='bbox 1391 2987 1600 3034; x_wconf 83' lang='lat' dir='ltr'>liberans</span> <span class='ocrx_word' id='word_1_289' title='bbox 1626 2987 1685 3034; x_wconf 87' lang='lat' dir='ltr'>ob</span> <span class='ocrx_word' id='word_1_290' title='bbox 1716 2987 1770 3033; x_wconf 84' lang='lat' dir='ltr'>id</span> <span class='ocrx_word' id='word_1_291' title='bbox 1798 2988 2092 3051; x_wconf 61' lang='lat' dir='ltr'>appellatum</span> <span class='ocrx_word' id='word_1_292' title='bbox 2119 2998 2205 3032; x_wconf 82' lang='lat' dir='ltr'>aut</span> <span class='ocrx_word' id='word_1_293' title='bbox 2236 2986 2281 3032; x_wconf 85' lang='lat' dir='ltr'>si</span> <span class='ocrx_word' id='word_1_294' title='bbox 2310 2985 2516 3031; x_wconf 80' lang='lat' dir='ltr'>calidior</span> 
     </span>
     <span class='ocr_line' id='line_1_37' title="bbox 250 3061 2513 3126; baseline -0 -18"><span class='ocrx_word' id='word_1_295' title='bbox 250 3061 316 3108; x_wconf 82' lang='lat' dir='ltr'>sit</span> <span class='ocrx_word' id='word_1_296' title='bbox 347 3062 582 3113; x_wconf 81' lang='lat' dir='ltr'>materia,</span> <span class='ocrx_word' id='word_1_297' title='bbox 613 3061 830 3109; x_wconf 81' lang='lat' dir='ltr'>theriaca</span> <span class='ocrx_word' id='word_1_298' title='bbox 865 3075 1078 3118; x_wconf 61' lang='lat' dir='ltr'>alemun-</span> <span class='ocrx_word' id='word_1_299' title='bbox 1107 3063 1372 3126; x_wconf 50' lang='lat' dir='ltr'>somnifera</span> <span class='ocrx_word' id='word_1_300' title='bbox 1401 3064 1530 3110; x_wconf 83' lang='lat' dir='ltr'>enim</span> <span class='ocrx_word' id='word_1_301' title='bbox 1561 3075 1690 3111; x_wconf 77' lang='lat' dir='ltr'>sunt.</span> <span class='ocrx_word' id='word_1_302' title='bbox 1721 3065 1936 3111; x_wconf 88' lang='lat' dir='ltr'>Valescus</span> <span class='ocrx_word' id='word_1_303' title='bbox 1968 3064 2027 3110; x_wconf 92' lang='lat' dir='ltr'>de</span> <span class='ocrx_word' id='word_1_304' title='bbox 2055 3066 2246 3110; x_wconf 89' lang='lat' dir='ltr'>Taranta</span> <span class='ocrx_word' id='word_1_305' title='bbox 2270 3063 2513 3125; x_wconf 88' lang='lat' dir='ltr'>Monspelii</span> 
     </span>
     <span class='ocr_line' id='line_1_38' title="bbox 251 3138 2513 3204; baseline 0 -19"><span class='ocrx_word' id='word_1_306' title='bbox 251 3154 358 3185; x_wconf 89' lang='lat' dir='ltr'>cum</span> <span class='ocrx_word' id='word_1_307' title='bbox 381 3140 431 3185; x_wconf 92' lang='lat' dir='ltr'>in</span> <span class='ocrx_word' id='word_1_308' title='bbox 456 3139 714 3186; x_wconf 89' lang='lat' dir='ltr'>medicinae</span> <span class='ocrx_word' id='word_1_309' title='bbox 736 3139 897 3188; x_wconf 87' lang='lat' dir='ltr'>schola</span> <span class='ocrx_word' id='word_1_310' title='bbox 922 3156 1007 3204; x_wconf 89' lang='lat' dir='ltr'>per</span> <span class='ocrx_word' id='word_1_311' title='bbox 1032 3157 1179 3188; x_wconf 89' lang='lat' dir='ltr'>annos</span> <span class='ocrx_word' id='word_1_312' title='bbox 1201 3142 1385 3204; x_wconf 85' lang='lat' dir='ltr'>triginta</span> <span class='ocrx_word' id='word_1_313' title='bbox 1409 3157 1511 3195; x_wconf 88' lang='lat' dir='ltr'>sex,</span> <span class='ocrx_word' id='word_1_314' title='bbox 1530 3156 1698 3203; x_wconf 91' lang='lat' dir='ltr'>magna</span> <span class='ocrx_word' id='word_1_315' title='bbox 1722 3156 1828 3187; x_wconf 93' lang='lat' dir='ltr'>cum</span> <span class='ocrx_word' id='word_1_316' title='bbox 1850 3140 1990 3187; x_wconf 88' lang='lat' dir='ltr'>laude</span> <span class='ocrx_word' id='word_1_317' title='bbox 2012 3149 2058 3186; x_wconf 91' lang='lat' dir='ltr'>et</span> <span class='ocrx_word' id='word_1_318' title='bbox 2082 3140 2339 3186; x_wconf 90' lang='lat' dir='ltr'>multorum</span> <span class='ocrx_word' id='word_1_319' title='bbox 2358 3138 2513 3186; x_wconf 86' lang='lat' dir='ltr'>fructu</span> 
     </span>
     <span class='ocr_line' id='line_1_39' title="bbox 252 3216 2512 3281; baseline 0 -19"><span class='ocrx_word' id='word_1_320' title='bbox 252 3217 589 3271; x_wconf 88' lang='lat' dir='ltr'>continuasset,</span> <span class='ocrx_word' id='word_1_321' title='bbox 620 3233 942 3280; x_wconf 90' lang='lat' dir='ltr'>quaecumque</span> <span class='ocrx_word' id='word_1_322' title='bbox 972 3226 1019 3266; x_wconf 92' lang='lat' dir='ltr'>et</span> <span class='ocrx_word' id='word_1_323' title='bbox 1050 3218 1248 3266; x_wconf 90' lang='lat' dir='ltr'>lectione</span> <span class='ocrx_word' id='word_1_324' title='bbox 1281 3226 1327 3265; x_wconf 90' lang='lat' dir='ltr'>et</span> <span class='ocrx_word' id='word_1_325' title='bbox 1348 3219 1631 3280; x_wconf 89' lang='lat' dir='ltr'>quotidianis</span> <span class='ocrx_word' id='word_1_326' title='bbox 1659 3218 1985 3281; x_wconf 86' lang='lat' dir='ltr'>experimentis</span> <span class='ocrx_word' id='word_1_327' title='bbox 2018 3216 2268 3280; x_wconf 87' lang='lat' dir='ltr'>didicerat,</span> <span class='ocrx_word' id='word_1_328' title='bbox 2292 3217 2341 3262; x_wconf 92' lang='lat' dir='ltr'>in</span> <span class='ocrx_word' id='word_1_329' title='bbox 2367 3232 2512 3262; x_wconf 91' lang='lat' dir='ltr'>unum</span> 
     </span>
     <span class='ocr_line' id='line_1_40' title="bbox 251 3293 2510 3359; baseline 0 -20"><span class='ocrx_word' id='word_1_330' title='bbox 251 3294 476 3340; x_wconf 59' lang='lat' dir='ltr'>xolumen</span> <span class='ocrx_word' id='word_1_331' title='bbox 509 3295 765 3357; x_wconf 89' lang='lat' dir='ltr'>congessit,</span> <span class='ocrx_word' id='word_1_332' title='bbox 791 3295 923 3358; x_wconf 93' lang='lat' dir='ltr'>quod</span> <span class='ocrx_word' id='word_1_333' title='bbox 946 3293 1162 3343; x_wconf 67' lang='lat' dir='ltr'>Philome·</span> <span class='ocrx_word' id='word_1_334' title='bbox 1192 3297 1380 3343; x_wconf 90' lang='lat' dir='ltr'>nomine</span> <span class='ocrx_word' id='word_1_335' title='bbox 1410 3294 1470 3342; x_wconf 89' lang='lat' dir='ltr'>ab</span> <span class='ocrx_word' id='word_1_336' title='bbox 1501 3296 1592 3342; x_wconf 91' lang='lat' dir='ltr'>hoc</span> <span class='ocrx_word' id='word_1_337' title='bbox 1623 3295 1815 3342; x_wconf 91' lang='lat' dir='ltr'>Philone</span> <span class='ocrx_word' id='word_1_338' title='bbox 1842 3294 2165 3359; x_wconf 85' lang='lat' dir='ltr'>circumfertur</span> <span class='ocrx_word' id='word_1_339' title='bbox 2194 3294 2276 3357; x_wconf 86' lang='lat'>(2).</span> <span class='ocrx_word' id='word_1_340' title='bbox 2313 3295 2407 3341; x_wconf 92' lang='lat' dir='ltr'>Nec</span> <span class='ocrx_word' id='word_1_341' title='bbox 2438 3294 2510 3339; x_wconf 92' lang='lat' dir='ltr'>di-</span> 
     </span>
     <span class='ocr_line' id='line_1_41' title="bbox 249 3371 2509 3438; baseline 0.001 -20"><span class='ocrx_word' id='word_1_342' title='bbox 249 3386 437 3418; x_wconf 84' lang='lat' dir='ltr'>versum</span> <span class='ocrx_word' id='word_1_343' title='bbox 463 3371 523 3419; x_wconf 90' lang='lat' dir='ltr'>ab</span> <span class='ocrx_word' id='word_1_344' title='bbox 547 3372 638 3420; x_wconf 92' lang='lat' dir='ltr'>hoc</span> <span class='ocrx_word' id='word_1_345' title='bbox 671 3383 812 3436; x_wconf 89' lang='lat' dir='ltr'>puto,</span> <span class='ocrx_word' id='word_1_346' title='bbox 837 3375 919 3436; x_wconf 91' lang='lat' dir='ltr'>qui</span> <span class='ocrx_word' id='word_1_347' title='bbox 953 3375 1013 3421; x_wconf 92' lang='lat' dir='ltr'>de</span> <span class='ocrx_word' id='word_1_348' title='bbox 1040 3373 1219 3422; x_wconf 86' lang='lat' dir='ltr'>viribus</span> <span class='ocrx_word' id='word_1_349' title='bbox 1251 3374 1505 3421; x_wconf 91' lang='lat' dir='ltr'>herbarum</span> <span class='ocrx_word' id='word_1_350' title='bbox 1532 3374 1769 3437; x_wconf 89' lang='lat' dir='ltr'>scripsisse</span> <span class='ocrx_word' id='word_1_351' title='bbox 1796 3374 2030 3435; x_wconf 89' lang='lat' dir='ltr'>colligitur</span> <span class='ocrx_word' id='word_1_352' title='bbox 2054 3390 2111 3420; x_wconf 84' lang='lat' dir='ltr'>ex</span> <span class='ocrx_word' id='word_1_353' title='bbox 2138 3375 2400 3438; x_wconf 90' lang='lat' dir='ltr'>Epiphanio</span> <span class='ocrx_word' id='word_1_354' title='bbox 2432 3390 2509 3435; x_wconf 85' lang='lat' dir='ltr'>cy·</span> 
     </span>
     <span class='ocr_line' id='line_1_42' title="bbox 250 3438 2501 3537; baseline 0 -43"><span class='ocrx_word' id='word_1_355' title='bbox 250 3449 357 3510; x_wconf 91' lang='lat' dir='ltr'>prio</span> <span class='ocrx_word' id='word_1_356' title='bbox 387 3447 474 3495; x_wconf 89' lang='lat' dir='ltr'>lib.</span> <span class='ocrx_word' id='word_1_357' title='bbox 504 3450 541 3495; x_wconf 87' lang='lat'>1.</span> <span class='ocrx_word' id='word_1_358' title='bbox 572 3451 620 3496; x_wconf 85' lang='lat'>3.</span> <span class='ocrx_word' id='word_1_359' title='bbox 649 3460 812 3498; x_wconf 90' lang='lat' dir='ltr'>contra</span> <span class='ocrx_word' id='word_1_360' title='bbox 844 3451 1072 3498; x_wconf 88' lang='lat' dir='ltr'>haereses.</span> <span class='ocrx_word' id='word_1_361' title='bbox 1111 3441 1212 3495; x_wconf 77' lang='grc' dir='ltr'>Καὶ</span> <span class='ocrx_word' id='word_1_362' title='bbox 1252 3439 1553 3537; x_wconf 66' lang='grc' dir='ltr'><em>Νίκανδρος</em></span> <span class='ocrx_word' id='word_1_363' title='bbox 1573 3441 1695 3513; x_wconf 82' lang='grc' dir='ltr'><strong>μὲν,</strong></span> <span class='ocrx_word' id='word_1_364' title='bbox 1725 3442 1749 3493; x_wconf 84' lang='grc' dir='ltr'>ὁ</span> <span class='ocrx_word' id='word_1_365' title='bbox 1782 3438 2103 3514; x_wconf 74' lang='grc' dir='ltr'><em>συγΓραφεῦς</em></span> <span class='ocrx_word' id='word_1_366' title='bbox 2142 3438 2300 3517; x_wconf 72' lang='grc' dir='ltr'><em>θηρων</em></span> <span class='ocrx_word' id='word_1_367' title='bbox 2327 3464 2380 3496; x_wconf 74' lang='grc' dir='ltr'>τε</span> <span class='ocrx_word' id='word_1_368' title='bbox 2418 3464 2501 3496; x_wconf 83' lang='grc' dir='ltr'>και</span> 
     </span>
     <span class='ocr_line' id='line_1_43' title="bbox 255 3514 2499 3614; baseline 0 -45"><span class='ocrx_word' id='word_1_369' title='bbox 255 3514 491 3586; x_wconf 78' lang='grc' dir='ltr'><em>ἑρπέΤων,</em></span> <span class='ocrx_word' id='word_1_370' title='bbox 521 3516 786 3574; x_wconf 70' lang='grc' dir='ltr'>ἐποιῆσοὶῖο</span> <span class='ocrx_word' id='word_1_371' title='bbox 814 3541 911 3574; x_wconf 77' lang='grc' dir='ltr'>των</span> <span class='ocrx_word' id='word_1_372' title='bbox 946 3516 1139 3583; x_wconf 81' lang='grc' dir='ltr'><em>φύσεων</em></span> <span class='ocrx_word' id='word_1_373' title='bbox 1165 3541 1250 3575; x_wconf 70' lang='grc' dir='ltr'>την</span> <span class='ocrx_word' id='word_1_374' title='bbox 1283 3535 1486 3614; x_wconf 75' lang='grc' dir='ltr'><strong><em>γνωσιν·</em></strong></span> <span class='ocrx_word' id='word_1_375' title='bbox 1516 3515 1680 3572; x_wconf 73' lang='grc' dir='ltr'>ἄλλοι</span> <span class='ocrx_word' id='word_1_376' title='bbox 1716 3515 1769 3570; x_wconf 69' lang='grc' dir='ltr'>δὲ</span> <span class='ocrx_word' id='word_1_377' title='bbox 1806 3517 2118 3590; x_wconf 76' lang='grc' dir='ltr'><em>συγΓραφεις</em></span> <span class='ocrx_word' id='word_1_378' title='bbox 2143 3518 2299 3593; x_wconf 80' lang='grc' dir='ltr'><strong><em>ῥιζων</em></strong></span> <span class='ocrx_word' id='word_1_379' title='bbox 2329 3541 2381 3572; x_wconf 77' lang='grc' dir='ltr'>τε</span> <span class='ocrx_word' id='word_1_380' title='bbox 2416 3541 2499 3572; x_wconf 83' lang='grc' dir='ltr'>και</span> 
     </span>
     <span class='ocr_line' id='line_1_44' title="bbox 250 3591 2506 3670; baseline 0 -24"><span class='ocrx_word' id='word_1_381' title='bbox 250 3592 472 3655; x_wconf 79' lang='grc' dir='ltr'><em>βόΤανων</em></span> <span class='ocrx_word' id='word_1_382' title='bbox 504 3592 597 3655; x_wconf 75' lang='grc' dir='ltr'>τὰς</span> <span class='ocrx_word' id='word_1_383' title='bbox 634 3591 794 3658; x_wconf 78' lang='grc' dir='ltr'><strong>ὕλας,</strong></span> <span class='ocrx_word' id='word_1_384' title='bbox 824 3596 889 3657; x_wconf 81' lang='grc' dir='ltr'>ὦς</span> <span class='ocrx_word' id='word_1_385' title='bbox 922 3591 1289 3668; x_wconf 75' lang='grc' dir='ltr'><em>Διοσκουρίδης</em></span> <span class='ocrx_word' id='word_1_386' title='bbox 1323 3593 1414 3666; x_wconf 73' lang='grc' dir='ltr'>μὲν</span> <span class='ocrx_word' id='word_1_387' title='bbox 1448 3594 1472 3648; x_wconf 81' lang='grc' dir='ltr'>ὁ</span> <span class='ocrx_word' id='word_1_388' title='bbox 1508 3592 1787 3667; x_wconf 72' lang='grc' dir='ltr'><em>ὁλοὟόμος,</em></span> <span class='ocrx_word' id='word_1_389' title='bbox 1815 3593 2094 3666; x_wconf 71' lang='grc' dir='ltr'>Πάμφιλός</span> <span class='ocrx_word' id='word_1_390' title='bbox 2120 3618 2173 3650; x_wconf 77' lang='grc' dir='ltr'>τε</span> <span class='ocrx_word' id='word_1_391' title='bbox 2202 3618 2285 3650; x_wconf 83' lang='grc' dir='ltr'>και</span> <span class='ocrx_word' id='word_1_392' title='bbox 2317 3593 2506 3670; x_wconf 76' lang='grc' dir='ltr'><em>Μιθρι</em></span> 
     </span>
    </p>
   </div>
   <div class='ocr_carea' id='block_1_3' title="bbox 252 3725 2502 3896">
    <p class='ocr_par' dir='ltr' id='par_1_3' title="bbox 252 3725 2502 3896">
     <span class='ocr_line' id='line_1_45' title="bbox 334 3725 2502 3776; baseline 0.001 -14"><span class='ocrx_word' id='word_1_393' title='bbox 334 3727 383 3768; x_wconf 83' lang='grc'>(1)</span> <span class='ocrx_word' id='word_1_394' title='bbox 407 3726 487 3763; x_wconf 85' lang='lat' dir='ltr'>Hae</span> <span class='ocrx_word' id='word_1_395' title='bbox 517 3725 747 3764; x_wconf 88' lang='lat' dir='ltr'>medicorum</span> <span class='ocrx_word' id='word_1_396' title='bbox 778 3727 1014 3766; x_wconf 83' lang='lat' dir='ltr'>auctoritates</span> <span class='ocrx_word' id='word_1_397' title='bbox 1044 3726 1238 3765; x_wconf 87' lang='lat' dir='ltr'>commode</span> <span class='ocrx_word' id='word_1_398' title='bbox 1267 3727 1439 3775; x_wconf 86' lang='lat' dir='ltr'>legentur</span> <span class='ocrx_word' id='word_1_399' title='bbox 1467 3726 1507 3764; x_wconf 88' lang='lat' dir='ltr'>in</span> <span class='ocrx_word' id='word_1_400' title='bbox 1537 3731 1746 3775; x_wconf 84' lang='lat' dir='ltr'>praestante</span> <span class='ocrx_word' id='word_1_401' title='bbox 1776 3731 1813 3764; x_wconf 87' lang='lat' dir='ltr'>et</span> <span class='ocrx_word' id='word_1_402' title='bbox 1841 3738 1926 3765; x_wconf 87' lang='lat' dir='ltr'>rara</span> <span class='ocrx_word' id='word_1_403' title='bbox 1949 3729 1997 3765; x_wconf 86' lang='lat' dir='ltr'>H.</span> <span class='ocrx_word' id='word_1_404' title='bbox 2024 3728 2202 3776; x_wconf 85' lang='lat' dir='ltr'>Stephani</span> <span class='ocrx_word' id='word_1_405' title='bbox 2228 3728 2389 3766; x_wconf 85' lang='lat' dir='ltr'>editione</span> <span class='ocrx_word' id='word_1_406' title='bbox 2404 3756 2414 3774; x_wconf 91' lang='lat'>‚</span> <span class='ocrx_word' id='word_1_407' title='bbox 2441 3729 2502 3765; x_wconf 79' lang='lat' dir='ltr'>cui</span> 
     </span>
     <span class='ocr_line' id='line_1_46' title="bbox 252 3783 2499 3836; baseline 0.001 -16"><span class='ocrx_word' id='word_1_408' title='bbox 252 3783 407 3821; x_wconf 84' lang='lat' dir='ltr'>titulus:</span> <span class='ocrx_word' id='word_1_409' title='bbox 434 3785 607 3823; x_wconf 79' lang='lat' dir='ltr'>medicae</span> <span class='ocrx_word' id='word_1_410' title='bbox 632 3789 735 3824; x_wconf 79' lang='lat' dir='ltr'>artis</span> <span class='ocrx_word' id='word_1_411' title='bbox 760 3790 958 3836; x_wconf 76' lang='lat' dir='ltr'>principes</span> <span class='ocrx_word' id='word_1_412' title='bbox 982 3790 1076 3836; x_wconf 76' lang='lat' dir='ltr'>post</span> <span class='ocrx_word' id='word_1_413' title='bbox 1095 3789 1375 3836; x_wconf 75' lang='lat' dir='ltr'>Hippocratem</span> <span class='ocrx_word' id='word_1_414' title='bbox 1398 3789 1438 3824; x_wconf 81' lang='lat' dir='ltr'>et</span> <span class='ocrx_word' id='word_1_415' title='bbox 1460 3786 1668 3833; x_wconf 75' lang='lat' dir='ltr'>Calenum,</span> <span class='ocrx_word' id='word_1_416' title='bbox 1691 3786 1783 3825; x_wconf 89' lang='lat' dir='ltr'>tomi</span> <span class='ocrx_word' id='word_1_417' title='bbox 1806 3792 1881 3826; x_wconf 83' lang='lat' dir='ltr'>tres</span> <span class='ocrx_word' id='word_1_418' title='bbox 1908 3788 1946 3825; x_wconf 90' lang='lat' dir='ltr'>in</span> <span class='ocrx_word' id='word_1_419' title='bbox 1971 3787 2035 3826; x_wconf 88' lang='lat' dir='ltr'>fol.</span> <span class='ocrx_word' id='word_1_420' title='bbox 2063 3789 2214 3827; x_wconf 87' lang='lat' dir='ltr'>Parisiis</span> <span class='ocrx_word' id='word_1_421' title='bbox 2242 3793 2349 3826; x_wconf 81' lang='lat'>1567.</span> <span class='ocrx_word' id='word_1_422' title='bbox 2376 3790 2421 3824; x_wconf 86' lang='lat' dir='ltr'>A.</span> <span class='ocrx_word' id='word_1_423' title='bbox 2448 3789 2499 3823; x_wconf 88' lang='grc' dir='ltr'><strong>Μ.</strong></span> 
     </span>
     <span class='ocr_line' id='line_1_47' title="bbox 336 3843 2012 3896; baseline 0.003 -17"><span class='ocrx_word' id='word_1_424' title='bbox 336 3847 384 3888; x_wconf 79' lang='lat'>(2)</span> <span class='ocrx_word' id='word_1_425' title='bbox 406 3843 482 3882; x_wconf 86' lang='lat' dir='ltr'>Adi</span> <span class='ocrx_word' id='word_1_426' title='bbox 503 3846 652 3894; x_wconf 84' lang='lat' dir='ltr'>Lipenii</span> <span class='ocrx_word' id='word_1_427' title='bbox 674 3844 939 3886; x_wconf 84' lang='lat' dir='ltr'>bibliothecam</span> <span class='ocrx_word' id='word_1_428' title='bbox 963 3847 1145 3887; x_wconf 87' lang='lat' dir='ltr'>medicam</span> <span class='ocrx_word' id='word_1_429' title='bbox 1170 3857 1207 3895; x_wconf 85' lang='lat' dir='ltr'>p.</span> <span class='ocrx_word' id='word_1_430' title='bbox 1237 3851 1317 3886; x_wconf 82' lang='lat'>131.</span> <span class='ocrx_word' id='word_1_431' title='bbox 1342 3846 1380 3886; x_wconf 88' lang='lat' dir='ltr'>h.</span> <span class='ocrx_word' id='word_1_432' title='bbox 1406 3852 1444 3886; x_wconf 86' lang='lat' dir='ltr'>et</span> <span class='ocrx_word' id='word_1_433' title='bbox 1466 3857 1503 3896; x_wconf 83' lang='lat' dir='ltr'>p.</span> <span class='ocrx_word' id='word_1_434' title='bbox 1532 3851 1615 3887; x_wconf 72' lang='lat'>809.</span> <span class='ocrx_word' id='word_1_435' title='bbox 1639 3857 1674 3885; x_wconf 87' lang='lat' dir='ltr'>a.</span> <span class='ocrx_word' id='word_1_436' title='bbox 1700 3849 1747 3885; x_wconf 84' lang='lat' dir='ltr'>A.</span> <span class='ocrx_word' id='word_1_437' title='bbox 1772 3848 1824 3886; x_wconf 86' lang='grc' dir='ltr'>Μ.</span> <span class='ocrx_word' id='word_1_438' title='bbox 2007 3867 2012 3870; x_wconf 98' lang='grc'>-</span> 
     </span>
    </p>
   </div>
  </div>
 </body>
</html>
