2970 4420
462 267 551 310 162
1403 276 1553 309 Leonis
1585 276 1763 307 ALLATn

453 363 652 409 celebres
676 362 875 408 Domini
904 363 1242 409 sollemnitates
1269 361 1492 407 laudibus
1513 360 1841 423 prosequitur,
1865 363 2223 427 praeclarisque
2246 364 2544 412 orationibus
2572 379 2714 413 exor-

456 451 558 485 nat.
587 439 748 501 Neque
768 456 849 485 eas
875 451 1085 490 tantum,
1109 439 1193 486 sed
1210 450 1253 483 et
1278 437 1540 500 Deiparae,
1563 448 1610 482 et
1630 438 1962 484 Praecursoris
1985 439 2244 503 baptistae,
2267 442 2401 488 euius
2420 454 2466 488 ec
2490 443 2615 490 vitae
2639 443 2713 489 in-

454 516 675 562 stitutum
696 532 728 562 a
752 516 887 573 rebus
910 515 1036 562 hisee
1054 514 1279 560 humanis
1302 514 1442 577 longe
1463 513 1683 560 dissitum
1703 527 1889 561 venuste
1906 517 2167 563 collaudat.
2188 520 2253 564 Ex
2278 520 2350 565 his
2371 535 2513 567 unam
2532 521 2581 565 in
2606 521 2715 566 ado-

455 592 690 639 rationem
716 593 955 656 pretiosae
986 604 1030 637 et
1066 591 1280 652 vivificae
1307 590 1486 640 erucis,
1521 606 1641 652 quae
1676 592 1867 654 incipit)
1899 582 2255 646 οἷΓαλλιοίσεως
2284 585 2367 651 καὶ
2405 586 2709 659 εὐφροσύνης

454 659 644 732 ἡμέρα,
680 670 826 716 edidit
859 685 1021 730 graece
1052 677 1097 715 et
1131 668 1270 714 latine
1298 660 1537 714 Gretserus
1566 665 1696 714 tomo
1723 670 1780 714 11.
1813 669 1891 731 (p.
1921 669 2064 731 231.)
2090 667 2332 718 de'cruce.
2370 673 2472 720 Alia
2505 674 2711 720 eiusdem

454 750 500 793 in
537 755 746 793 sanctum
783 747 1046 798 Platonem,
1082 746 1154 790 cui
1186 745 1284 806 ipse
1319 745 1367 789 in
1403 744 1569 790 eodem
1606 747 1889 791 monasterio
1927 747 2167 799 successit,
2204 756 2249 793 et
2282 749 2466 811 incipit,
2502 739 2709 814 ῥήτορσι

453 814 544 884 μὲν
576 813 659 867 καὶ
698 813 961 878 σοφισὛαῒς
995 813 1019 868 ti
1050 813 1188 865 πᾶσα
1219 807 1435 873 σπουδῆ,
1471 820 1611 867 latine
1639 822 1761 868 edita
1786 830 1854 868 est
1881 822 2006 884 apud
2032 824 2216 869 Surium
2241 832 2369 870 tomo
2387 826 2470 879 vt,
2497 835 2713 888 extatque

453 917 614 963 graece
646 902 693 946 in
723 899 1017 946 bibliothecis
1049 899 1279 950 vaticana,
1308 897 1581 951 barberina,
1610 908 1656 946 et
1679 898 1780 945 aliis
1805 886 1886 962 (1).
1924 900 2133 945 Meminit
2159 915 2346 962 quoque
2370 902 2495 948 illius
2516 902 2712 949 Michael

455 978 709 1024 monachus
735 978 782 1022 in
808 978 906 1022 eius
933 976 1052 1021 vita:
1092 963 1173 1018 καὶ
1209 964 1232 1016 ὁ
1263 964 1350 1026 τῆς
1384 963 1931 1037 προκαἻονομασθείσκς
1962 963 2202 1037 οἷοιδίμου
2240 969 2534 1030 ΘεοκἻίστκς
2571 970 2713 1040 ὁμαί-

451 1069 555 1116 μων
590 1042 809 1097 Πλάτων
847 1043 871 1094 0‘
912 1039 1344 1113 σεβασμιώτατος·
1381 1040 1491 1114 περὶ
1533 1037 1592 1094 οὗ
1626 1039 1715 1095 nai
1746 1042 1993 1116 λαμπρῶς
2032 1040 2351 1101 ἐσπουδάσθη
2385 1045 2457 1116 τῷ
2489 1044 2710 1119 μεγάλῳ

457 1119 708 1193 Θεοδώρῳ
747 1118 943 1179 ἔπαινος
969 1117 1054 1176 τὴν
1084 1109 1248 1172 advo&
1277 1115 1571 1191 ἐκτιθεμένῳ
1607 1119 1925 1192 ἀξιοπρεπῶς
1957 1123 2237 1174 πολιτείαν.
2272 1131 2337 1175 Ει
2364 1142 2508 1177 antea
2541 1132 2712 1178 lauda-

440 1220 531 1281 'tae
571 1206 763 1252 celebris
800 1204 1078 1251 Tlteoetistes
1098 1205 1269 1266 frater
1299 1205 1441 1251 Plato
1477 1221 1623 1267 quam
1657 1205 1873 1251 maxime
1906 1205 2207 1256 reverendus,
2246 1205 2305 1251 de
2336 1222 2427 1268 quo
2455 1208 2714 1271 praeclara

452 1282 672 1330 laudatio
707 1280 994 1327 concinnata
1027 1292 1096 1327 est
1133 1297 1164 1327 a
1200 1297 1380 1345 magno
1419 1280 1680 1333 Theodoro,
1716 1281 1847 1328 illius
1880 1281 2006 1329 vitae
2040 1281 2312 1327 institutum
2342 1298 2434 1346 pro
2473 1269 2713 1346 dignitate

452 1371 730 1424 exponente.
771 1359 985 1419 (Scilicet
1019 1359 1067 1404 in
1101 1360 1194 1405 vita
1227 1359 1401 1406 inedita
1434 1374 1547 1406 vero
1582 1359 1793 1406 Michaeli
1827 1360 2049 1421 inscripta
2082 1359 2187 1405 cod.
2217 1374 2265 1421 p.
2300 1359 2444 1421 137.)

579 1436 784 1483 Ineditae
812 1444 943 1489 sunt,
977 1435 1105 1497 quod
1131 1437 1230 1497 ipse
1258 1436 1426 1490 sciam,
1468 1424 1704 1497 ἐΓκῶμιον
1736 1426 1806 1491 εἷς
1833 1425 1920 1482 τὴν
1948 1431 2178 1497 κοίμκσιν
2207 1426 2295 1487 τῆς
2326 1426 2485 1497 ἁγίας
2521 1421 2713 1479 δεσποί·

453 1528 531 1566 νης
567 1504 702 1574 ἡμῶν
739 1502 1011 1556 Θεοτόκου.
1047 1512 1289 1558 Laudatio
1324 1512 1373 1558 in
1406 1512 1740 1559 dormitionem
1763 1519 1958 1558 sanetae
1982 1511 2205 1558 dominae
2237 1522 2429 1557 nostrae
2451 1511 2710 1574 Deiparae.

451 1587 504 1634 P.
540 1579 708 1638 Φωνῆν
746 1579 1033 1651 σάλπιγΓος
1068 1584 1324 1653 κερατίνκς
1361 1580 1487 1645 βοῆς
1522 1578 1874 1652 οἶλαλοίζουσα
1907 1576 2253 1653 γεγονώς-ερον
2292 1578 2379 1651 (2).

574 1654 862 1732 ’Eynoiutov
900 1656 971 1717 εἷς
1004 1654 1061 1709 τὸ
1098 1654 1324 1723 ’γενέσιον
1353 1655 1587 1711 Ἰωοίννου
1624 1657 1717 1710 τοῦ
1750 1654 2059 1731 προδρόμου.
2096 1664 2338 1711 Laudatio
2375 1664 2426 1710 in
2461 1663 2588 1710 diem
2622 1680 2713 1711 na-

449 1747 595 1792 talem
627 1743 859 1791 Iohannis
886 1743 1235 1807 praecursoris.
1274 1738 1328 1786 P.
1359 1731 1567 1791 Ἀηδόνι
1604 1732 1701 1788 τινὶ
1740 1731 2022 1806 πολυφώνῳ
2063 1733 2149 1800 (3).

575 1810 847 1882 ἘΓκώμιον
879 1811 949 1871 εἷς
983 1810 1069 1868 τὴν
1099 1809 1348 1881 οἱπόῖομὴν
1381 1811 1468 1871 τῆς
1503 1811 1732 1876 κεφαλῆς
1761 1810 1857 1863 τοῦ
1883 1807 2195 1883 προδρόμου.
2231 1819 2515 1865 Encomium
2547 1819 2598 1865 in
2631 1818 2712 1864 de-

448 1898 748 1945 collationem
770 1896 929 1951 saneti
954 1895 1186 1943 Iohannis
1205 1896 1551 1960 praecursoris.
1591 1892 1645 1940 P.
1674 1883 1862 1943 Φαεινῆ
1891 1885 1975 1940 καὶ
2012 1884 2264 1959 θεοχαρὴς
2293 1887 2318 1943 ἦ
2353 1886 2713 1958 συναΓείρουσα
2766 1919 2770 1926 ·

449 1967 581 2039 ἡμεῖς
615 1965 753 2040 «πρὸς
791 1963 1071 2039 ἑορτασμόν
1111 1966 1198 2034 (4).
1234 1975 1575 2036 Epitomatores
1614 1973 1897 2036 gesneriani:
1939 1970 2174 2018 Theodori
2208 1971 2429 2017 Studitae
2468 1987 2619 2018 sermo
2655 1971 2713 2016 de

452 2051 715 2100 inventione
743 2051 917 2114 eapitis
941 2049 1100 2097 sancti
1121 2049 1354 2096 Iohannis
1381 2049 1619 2113 baptistae
1628 2068 1642 2102 ,·
1670 2048 1935 2094 encomium
1968 2047 2019 2093 in
2045 2058 2262 2094 sanctum
2280 2058 2471 2111 patrem
2496 2046 2714 2112 Epipkat-

452 2131 603 2177 nium.
641 2129 708 2175 Ni
738 2129 960 2174 mendum
996 2127 1059 2174 sit
1091 2127 1141 2173 in
1169 2127 1354 2191 primo,
1392 2138 1438 2172 et
1466 2143 1558 2190 pro
1591 2125 1855 2172 inventione
1888 2125 2086 2189 eapitis,
2122 2124 2406 2171 abscissione
2437 2125 2611 2189 eapitis
2648 2125 2714 2171 le·-

456 2206 665 2270 gendum
700 2206 782 2268 (5).
820 2205 1027 2251 Alteram
1058 2204 1109 2251 in
1137 2216 1355 2250 sanetum
1381 2202 1712 2268 Epiphanium
1744 2203 1956 2250 nondum
1985 2202 2146 2250 videre
2175 2203 2368 2264 contigit
2402 2202 2483 2265 (6).

583 2283 812 2330 Gerardus
842 2283 1030 2328 Vossius
1062 2283 1110 2327 in
1146 2282 1266 2328 notis
1300 2281 1359 2328 ad
1387 2282 1781 2343 Thaumaturgum
1817 2279 1925 2343 (ed.
1955 2295 2003 2342 p.
2037 2278 2181 2342 109.)
2217 2279 2359 2326 tradit
2380 2280 2428 2326 in
2452 2281 2712 2326 manuscri-

454 2369 539 2423 pto
574 2358 821 2407 cardinalis
852 2359 1002 2406 Sirleti
1034 2358 1123 2405 sub
1155 2375 1286 2405 num.
1327 2346 1406 2402 ια’.
1441 2357 1602 2404 haberi
1632 2357 1865 2404 Theodori
1900 2357 2107 2403 Studitae
2141 2371 2403 2403 sermonem
2441 2356 2492 2403 in
2525 2372 2714 2402 annun-

456 2436 713 2482 ciationem
749 2436 917 2481 beatae
945 2434 1133 2481 Mariae
1169 2435 1371 2499 virginis
1406 2435 1488 2498 (7).
2327 2448 2328 2451 ’

582 2515 726 2560 Penes
753 2529 827 2559 me
854 2521 922 2559 est
943 2513 1094 2558 oratio
1120 2513 1264 2574 ipsius
1285 2513 1561 2559 catechetica
1583 2513 1632 2558 in
1661 2512 1942 2558 dominicam
1966 2510 2335 2557 resurrectionis.
2374 2503 2429 2553 P.
2466 2503 2535 2552 Τι’
2559 2499 2711 2553 τοῦτο

457 2578 678 2645 ἀδελφοὶ
719 2578 976 2654 ἀγαπητοὶ
1018 2576 1106 2633 καὶ
1143 2578 1410 2654 φιλέορτοι
1452 2581 1541 2648 (8).
2437 2644 2440 2645 ⁷

583 2666 797 2714 Relatum
827 2675 894 2712 est
925 2666 1036 2711 mihi
1072 2665 1388 2712 doctissimum
1414 2665 1714 2712 Sit-mondum
1745 2664 1914 2711 edendi
1945 2663 2135 2710 huiusce
2163 2664 2307 2726 patris
2335 2661 2546 2709 laborem
2570 2663 2715 2708 inter-

454 2745 658 2796 misisse,
694 2742 824 2805 quod
866 2743 1112 2805 plerasque
1143 2742 1269 2790 illius
1307 2744 1543 2789 orationes
1585 2743 1634 2788 in
1667 2742 1821 2788 varios
1856 2749 2063 2795 sanctos,
2100 2755 2219 2802 quae
2250 2738 2592 2786 nunciabantur
2626 2739 2714 2800 ipsi

454 2821 651 2867 Scoriaci
692 2821 991 2874 delitescere,
1027 2819 1240 2866 nondum
1279 2821 1531 2883 impetrare
1574 2827 1804 2882 potuerat.
1841 2819 2016 2866 Vereor
2051 2833 2109 2864 ne
2145 2817 2279 2863 fucus
2311 2817 2380 2862 illi
2416 2815 2564 2862 factus
2597 2816 2656 2862 sit
2687 2830 2714 2861 a

455 2898 599 2944 sciolo
632 2899 855 2960 quopiam
883 2897 944 2960 (9)
961 2932 973 2951 ‚
1000 2898 1080 2959 qui
1117 2913 1225 2944 cum
1248 2898 1348 2944 eius
1373 2897 1630 2945 catecheses
1662 2911 1940 2959 percurrens
1973 2896 2185 2948 vidisset,
2213 2895 2363 2940 varias
2395 2891 2463 2939 ibi
2487 2893 2712 2954 praeponi

457 2975 815 3028 sollemnitates,
842 2983 889 3020 et
910 2982 1178 3031 sanctorum
1203 2975 1422 3027 nomina‚‘
1454 2973 1599 3020 veluti
1636 2963 1708 3024 εἷς
1734 2962 1791 3018 τὸ
1820 2961 2028 3032 Ποίσχα.
2065 2961 2155 3023 Εἷς
2183 2960 2269 3019 τὴν
2304 2958 2711 3032 μεταμόρφωσιν.

543 3070 592 3112 (1)
616 3066 726 3104 Edita
751 3071 877 3115 postea
903 3077 958 3114 gr.
985 3072 1022 3104 et
1045 3067 1110 3104 lat.
1138 3067 1236 3115 apud
1259 3066 1525 3104 Bollandianos
1549 3068 1592 3103 T.
1620 3067 1650 3102 1.
1677 3067 1784 3114 april.
1811 3065 1968 3114 append.
1995 3076 2031 3113 p.
2059 3068 2119 3101 46.
2144 3067 2190 3101 Α.
2217 3065 2269 3100 M.

544 3131 593 3172 (2)
618 3126 814 3164 Edidimus
838 3137 906 3163 nos
931 3127 971 3163 in
994 3132 1096 3164 tomo
1120 3128 1163 3174 V.
1190 3126 1437 3164 bibliothecae
1460 3137 1574 3176 novae
1598 3127 1751 3163 Patrum
1776 3131 1870 3174 part.
1898 3126 1946 3161 11.
1974 3135 2010 3173 p.
2036 3128 2095 3161 54.
2123 3126 2168 3160 Α.
2195 3124 2247 3160 Μ.

541 3190 595 3230 (3)
621 3185 732 3233 Apud
757 3196 826 3222 nos
850 3191 941 3222 tom.
969 3185 1032 3222 cit.
1059 3196 1095 3233 p.
1123 3190 1183 3223 33.
1209 3188 1255 3222 Α.
1281 3187 1335 3222 Μ.
1522 3177 1527 3182 Χ
1991 3185 1993 3187 ’

543 3249 591 3289 (4)
617 3247 712 3282 Item
737 3244 836 3292 apud
860 3255 929 3282 nos
953 3250 1044 3283 tom.
1073 3245 1134 3282 cit.
1162 3256 1198 3292 p.
1225 3248 1285 3282 43.
1311 3247 1357 3281 A.
1384 3247 1435 3281 M.

543 3307 590 3347 (5)
615 3305 663 3340 Et
687 3304 735 3340 cle
758 3304 1033 3350 decollatione,
1059 3309 1096 3341 et
1118 3304 1167 3341 de
1191 3306 1403 3341 inventione
1427 3303 1557 3351 capitis
1581 3304 1617 3340 S.
1642 3302 1895 3340 Praecursoris
1917 3307 2043 3340 extant
2066 3300 2250 3338 orationes
2273 3297 2460 3342 studitae,
2481 3302 2525 3334 ut
2549 3295 2711 3334 diximus

460 3364 500 3399 in
525 3362 612 3400 adn.
641 3369 731 3399 tom.
760 3363 822 3399 cit.
849 3375 886 3411 p.
914 3369 972 3400 77.
999 3366 1045 3400 A.
1071 3365 1124 3400 M.

547 3426 594 3465 (6)
618 3423 673 3459 Ne
698 3423 806 3459 nohis
831 3423 981 3470 quidem
1007 3424 1097 3461 haec
1121 3426 1162 3460 in
1191 3424 1455 3471 Epiphaniam
1485 3423 1604 3459 oratio
1635 3422 1807 3459 occurrit.
1833 3423 2003 3459 Fortasse
2032 3421 2290 3468 epitomatores
2319 3416 2529 3464 gesneriani
2557 3416 2712 3463 scripse-

461 3487 551 3518 runt
575 3481 750 3519 mendose
774 3485 815 3519 in
841 3483 1104 3531 Epiphaniam
1128 3494 1193 3531 pro
1220 3483 1489 3531 Epitaphium.
1517 3482 1664 3520 Etenim
1687 3486 1764 3520 tres
1788 3482 2014 3530 epitaphicas
2038 3478 2205 3517 studitae
2227 3477 2410 3514 orationes
2435 3486 2504 3513 nos
2530 3484 2709 3513 memora-

460 3541 580 3577 vimus
604 3546 695 3577 tom.
723 3541 784 3577 cit.
812 3552 848 3589 p.
875 3546 934 3578 77.
962 3544 1006 3579 A.
1033 3543 1085 3578 M.

544 3602 592 3642 (7)
618 3598 835 3645 Quaerenda
861 3605 916 3636 est
940 3600 1031 3637 haec
1055 3611 1202 3648 quoque
1227 3600 1358 3637 oratio.
1384 3602 1430 3637 A.
1457 3601 1509 3637 M.

545 3661 592 3702 (8)
618 3657 727 3704 Apud
751 3668 819 3694 nos
844 3664 934 3695 tom.
963 3660 1025 3696 cit.
1053 3671 1089 3706 p.
1119 3664 1178 3696 24.
1207 3662 1251 3696 A.
1279 3661 1331 3696 M.

546 3720 593 3762 (9)
618 3717 741 3753 Fucus
765 3717 961 3754 Sirmondo
992 3729 1068 3755 non
1103 3725 1159 3756 est
1189 3718 1332 3764 factus3
1358 3723 1504 3758 constat
1533 3718 1633 3755 enim
1665 3729 1707 3755 ex
1737 3716 1870 3755 Baunii
1896 3714 2119 3764 praefatione
2148 3711 2196 3749 ad
2219 3717 2361 3749 tomum
2386 3710 2707 3757 sirmondianum,

462 3775 662 3813 nonnullas
687 3774 870 3812 orationes
896 3775 942 3811 ab
968 3776 1127 3814 Arcudio
1153 3778 1208 3814 illi
1234 3779 1273 3814 in
1298 3777 1461 3816 Galliam
1485 3777 1639 3823 missas,
1662 3776 1773 3824 idque
1798 3775 1992 3814 confirmat
2015 3770 2197 3809 Holstenii
2223 3770 2377 3818 epistola
2397 3775 2463 3816 77,
2484 3776 2527 3807 ut
2550 3769 2711 3807 diximus

462 3842 552 3873 tom.
579 3835 642 3871 cit.
670 3845 705 3881 p.
736 3838 771 3870 1.
799 3837 844 3870 A.
873 3835 923 3870 M.
