2970 4420
229 3818 242 3832 *
266 3815 346 3846 Chit.
366 3817 416 3846 lV.

209 3851 295 3881 Cent.
315 3852 351 3882 V.
374 3856 418 3882 49.

448 263 508 306 1ιὲ
1390 278 1540 309 ιΕοΝιε
1574 278 1748 309 ALLAru

445 361 638 435 ρώσαΎο
674 369 978 428 βασιλείαν,
1007 365 1333 437 Πτολεμαῖος
1373 362 1423 418 δὲ
1463 365 1486 417 ὁ
1525 363 1723 426 Adrou,
1756 363 2008 432 ΑἶγόπὙου
2039 364 2126 420 καὶ
2156 366 2572 441 Ἀλεξανδρείας.
2605 369 2697 423 Σεέ

447 449 629 499 λευκος
667 436 695 492 ὃ
729 439 816 508 καὶ
852 441 1115 514 Νικάνωρ,
1146 441 1236 494 διὰ
1274 440 1330 495 τὸ
1370 440 1616 506 ἀναβῆναι
1650 441 1720 501 εἷς
1749 442 2065 507 Βαβυλῶνα,
2095 440 2183 497 καί
2210 444 2456 517 κρατῆσαι
2497 445 2696 518 βαρβά-

446 539 569 588 ρων,
601 521 787 591 Συρίας
817 518 899 572 καὶ
939 520 1262 583 Βαβυλῶνος.
1293 517 1718 580 ἈντίΓονος,ήτη”ς
1745 516 1867 589 πρὸς
1895 518 1967 591 τῷ
1994 519 2175 595 Ταύρῳ
2207 525 2461 583 Κιλικίας.
2496 518 2699 585 Φίλων,

448 590 694 655 Μηδείας.
729 591 948 657 Πύθων,
976 599 1209 669 Φρυγίας
1241 592 1323 647 καὶ
1361 589 1572 654 Λυδίας.
1606 592 1951 666 Μελέαγρος,
1978 599 2347 664 Παφλαγονίας
2381 617 2469 655 etc.
2507 611 2560 655 In
2592 610 2712 656 Phi-.

448 680 568 726 lonis
595 683 781 728 nomine
807 697 1013 728 errorem
1041 697 1133 728 non
1155 698 1275 735 esse,
1303 682 1490 742 antiqua
1513 681 1819 744 exemplaria,
1849 682 1897 727 in
1920 681 2089 744 quibus
2121 676 2293 729 Φίλων
2329 685 2569 740 scribitur,
2595 701 2694 733 ma-

447 758 665 804 nifestum
700 758 968 817 faciunt32et
1000 758 1244 828 Iustinilih.
1277 758 1400 803 XIII.
1428 759 1474 804 lt.
1503 759 1768 806 testimonio
1803 758 2159 821 comprobatur:
2188 760 2419 818 confinem
2445 761 2557 807 huic
2582 778 2696 825 pro-

447 834 628 883 vinciae
648 835 842 898 Syriam
866 829 1138 882 Laumedoiz
1161 831 1496 898 mitylenaeus,
1524 835 1740 881 Ciliciam
1765 834 2015 887 Philotas,
2031 835 2169 882 Philo
2192 837 2407 900 Illyrios,
2432 837 2691 902 accipiunt.

449 913 533 961 Ubi
564 914 670 959 licet
704 914 750 958 in
785 914 1129 959 enumeratione
1164 913 1507 974 provinciarum
1543 920 1752 959 auctores
1778 912 2081 966 dissentiant,
2102 922 2277 960 certum
2305 923 2458 961 tamen
2488 922 2556 961 est
2576 915 2697 960 inter

446 989 696 1035 Alexandri
728 1004 1011 1035 successores
1045 989 1285 1034 Philonem
1324 989 1474 1043 hunc,
1502 990 1710 1051 quisquis
1746 989 1825 1035 ille
1862 989 2027 1044 fuerit,
2057 989 2211 1036 fuisse.

575 1068 652 1112 lx.
678 1066 935 1118 .Coelaeus;
967 1067 1004 1111 is
1039 1074 1144 1128 post
1176 1074 1398 1127 tyrannos
1429 1081 1454 1111 a
1485 1066 1776 1128 Thrasybulo
1803 1068 1850 1112 in
1880 1055 2094 1113 ordinem
2127 1075 2330 1121 coactos,
2359 1067 2601 1130 legemque
2629 1068 2698 1113 la-

447 1152 539 1188 tam
572 1143 630 1189 de
663 1142 899 1190 oblivione
923 1144 1198 1189 iniuriarum
1231 1158 1350 1206 quae
1386 1143 1706 1205 superioribus
1740 1142 2030 1206 temporibus
2055 1144 2181 1190 ultro
2211 1145 2420 1207 citroque
2449 1144 2595 1191 factae
2626 1160 2715 1211 esf

449 1229 570 1273 sent,
601 1220 779 1267 delatus
813 1221 952 1267 falsae
988 1221 1254 1282 legationis,
1283 1237 1389 1268 cum
1416 1237 1463 1267 se
1492 1223 1646 1284 ipsum
1679 1221 1931 1269 defendere
1955 1237 2050 1268 non
2085 1230 2264 1284 posset,
2285 1222 2383 1268 ‘hac
2408 1237 2498 1267 una
2521 1222 2623 1283 lege
2651 1230 2697 1268 et

448 1297 656 1351 foedere,
685 1298 816 1344 nullo
841 1298 1012 1345 iudicio
1036 1299 1094 1345 de
1119 1314 1175 1345 eo
1200 1298 1349 1354 facto,
1364 1296 1594 1346 'dimissus
1617 1308 1700 1346 est.
1739 1301 1962 1346 Isocrates
1985 1300 2034 1345 in
2058 1301 2325 1361 exceptione
2352 1299 2572 1346 adversus
2597 1299 2698 1346 eat-

446 1374 696 1421 limachum*
733 1375 839 1436 (ed.
869 1376 1005 1422 Basa.
1040 1377 1179 1423 1594.
1208 1378 1257 1422 T.
1287 1378 1345 1422 11.
1375 1393 1421 1439 p.
1453 1377 1599 1439 896.)
1636 1367 1741 1420 Νῦν
1780 1363 1836 1419 δὲ
1874 1367 1929 1419 οὐ
1965 1365 2116 1438 μόνον
2150 1366 2194 1421 ἐν
2221 1366 2285 1436 τῇ
2317 1365 2462 1420 θέσει
2492 1366 2588 1421 τῶν
2625 1365 2694 1420 νό-

446 1464 549 1512 μων
587 1439 908 1515 ἐπεδείξασθε
945 1442 1058 1516 περὶ,
1084 1443 1292 1497 πολλοῦ
1324 1442 1615 1514 ποιούμενοι
1649 1442 1740 1504 τοὶς
1776 1441 2047 1506 συνθήκας,
2077 1442 2225 1497 ἀλλὰ
2254 1442 2334 1496 καὶ
2369 1447 2580 1498 Φίλωνα
2612 1440 2698 1497 τᾶν

450 1519 501 1571 ἐκ
537 1524 728 1580 Κοίλης
768 1516 1104 1589 ἐνδειχθέντα
1136 1519 1649 1594 παραπρεσβεύεσὸαι
1670 1564 1681 1583 ,
1711 1519 1795 1574 καὶ
1827 1519 1935 1592 περὶ
1972 1518 2062 1591 μὲν
2089 1520 2184 1573 τοῦ
2210 1518 2516 1594 πράγματος
2550 1516 2696 1574 οὐδὲν

451 1593 638 1664 ἔχοντα
671 1596 1138 1664 ἀπολογήσασθαι,
1166 1597 1258 1660 τοὶς
1296 1596 1349 1651 δὲ
1390 1596 1647 1658 συνθήκας
1683 1595 2061 1670 παρεχόμενον,
2093 1594 2270 1670 ἔδοξεν
2307 1598 2426 1667 ὑμῖν
2462 1597 2697 1662 ἀφεῖναι,

447 1672 530 1726 καὶ
568 1670 699 1743 μηδὲ
734 1678 893 1747 κρίσιν
921 1671 1034 1749 περὶ
1062 1675 1223 1729 αὐτοῦ
1257 1672 1583 1730 ποιήσασθαι.
1619 1684 1796 1731 Eodem
1831 1693 2041 1747 tempore
2063 1685 2221 1745 Lysias
2250 1692 2409 1730 orator
2442 1683 2699 1730 orationem

446 1759 609 1806 habuit
630 1747 803 1807 ‘contra
837 1761 1076 1808 Philonem
1093 1797 1104 1816 ,
1132 1778 1191 1808 ne
1226 1763 1398 1809 scilicet
1431 1761 1754 1808 admitteretur
1779 1761 1837 1807 ad
1861 1761 2206 1823 magistratum,
2235 1760 2333 1806 eius
2359 1760 2568 1822 pessimis
2601 1774 2700 1806 mo-

391 1884 406 1887 „
446 1835 576 1883 ribus
609 1841 774 1885 acriter
805 1840 1062 1901 exagitatis,
1090 1839 1218 1901 quod
1252 1841 1430 1902 privata
1465 1839 1724 1886 commodis
1756 1838 1955 1901 publicis
1988 1838 2283 1901 praetulerit,
2311 1836 2440 1898 quod
2472 1837 2520 1882 in
2554 1836 2711 1882 maxi-⁴

447 1915 534 1961 mis
565 1915 902 1963 calamitatibus
927 1916 1263 1980 rempublicam
1286 1918 1566 1971 deseruerit,
1594 1914 1723 1978 quod
1748 1924 1964 1977 quaestus
1988 1930 2124 1962 causa
2149 1916 2247 1961 iura
2273 1914 2429 1961 divina
2453 1921 2592 1975 atque
2612 1913 2701 1959 hu-

420 1995 580 2040 ‘mana
603 1995 862 2041 violaturus
884 2004 1023 2050 esset,
1052 1995 1169 2042 adeo
1191 2003 1242 2041 ut
1267 2011 1325 2041 ne
1351 2003 1499 2042 mater
1521 1994 1710 2056 quidem
1728 1994 1802 2040 illi
1825 1993 1966 2039 fidem
1989 1994 2038 2039 in
2062 1993 2261 2038 maxime
2282 1991 2546 2038 necessariis
2567 2005 2701 2052 prae-

447 2072 626 2118 stiterit.
667 2072 830 2119 Utrum
856 2073 980 2118 idem
1006 2089 1113 2119 cum
1138 2073 1359 2127 Coelaeo,
1389 2088 1447 2119 an
1481 2065 1695 2119 diversus
1722 2072 1804 2126 sit,
1833 2071 1987 2117 dicent
2012 2070 2088 2117 alii
2113 2069 2454 2132 praestantiora
2470 2068 2590 2113 nacti
2619 2081 2700 2112 ve-

449 2156 598 2195 terum
633 2159 950 2197 monumenta.
2703 2136 2710 2142 .

575 2228 632 2272 Χ.
672 2227 985 2281 Atheniensis,
1007 2227 1244 2274 Aeschinis
1267 2229 1467 2274 oratoris
1493 2222 1664 2280 affinis,
1694 2226 1953 2273 Philodemi
1977 2224 2124 2278 filius,
2150 2224 2292 2270 frater
2314 2222 2561 2284 Epicratis,
2586 2234 2702 2266 uxo-

448 2303 603 2364 risque
629 2304 1046 2350 Aeschinis.·Hunc
1071 2306 1291 2351 acerrime
1316 2304 1522 2351 defendit
1548 2319 1573 2350 a
1597 2299 1838 2350 calumniis
1862 2302 2183 2350 Demosthenis
2206 2299 2454 2347 Aeschines
2477 2300 2574 2360 ipse
2595 2312 2702 2363 ora-

452 2380 577 2426 tione
610 2367 723 2444 περῖ
758 2377 1193 2444 παραπρεσβείας,
1228 2384 1276 2428 in
1313 2397 1452 2444 quem
1489 2380 1724 2428 invehitur
1755 2389 1992 2442 tamquam
2026 2379 2246 2425 adversus
2278 2375 2597 2440 benefactores
2629 2375 2703 2419 in-

450 2458 657 2518 gratum,
686 2459 1126 2520 mendaciorumque
1161 2459 1516 2506 conflandorum
1550 2459 1898 2515 callidissimum
1933 2455 2172 2504 artificem.

579 2537 657 2582 XI.
695 2536 850 2590 Philo,
880 2532 1023 2598 a‘quo
1048 2553 1193 2599 pagus
1216 2537 1407 2599 quidam
1433 2537 1673 2599 aegyptius
1695 2551 1867 2583 nomen
1889 2535 2102 2597 sumpsit.
2133 2530 2297 2581 Strabo
2320 2530 2403 2577 lib.
2431 2530 2569 2576 XVII.
2599 2527 2699 2590 (ed.

451 2607 677 2675 Amstssp.
710 2613 854 2676 805.)
885 2605 947 2655 ‘H
978 2601 1030 2656 δὲ
1064 2603 1200 2676 ἀρχὴ
1231 2604 1318 2665 ‘rig
1350 2601 1601 2676 διώρυγος
1630 2603 1717 2665 ‘rig
1753 2599 2049 2663 ἐκδιδούσης
2085 2599 2155 2662 εἷς
2190 2595 2274 2655 την
2298 2594 2576 2670 Ἐρυθρὰν,
2605 2591 2704 2647 οἷπδ

452 2678 617 2748 κώμης
654 2677 873 2752 ἄρχεται
910 2680 1234 2743 Φακκούσης,
1269 2677 1300 2751 ᾖ
1332 2680 1547 2749 ’συνεχής
1587 2680 1690 2734 ἐστι
1730 2677 1810 2733 καὶ
1851 2680 1878 2736 η
1913 2682 2143 2738 Φίλωνος
2178 2674 2332 2746 κώμη.
2369 2685 2474 2730 Fuit
2506 2692 2554 2729 et
2586 2682 2703 2728 alius

451 2766 655 2813 Philonis
681 2768 808 2814 vicus
834 2769 881 2813 iu
905 2767 1075 2829 Libya,
1105 2776 1149 2813 et
1173 2768 1289 2813 alius
1313 2769 1361 2813 in
1385 2767 1648 2829 Pentapoli,
1677 2775 1728 2813 ut
1753 2766 1895 2812 refert
1916 2765 2208 2812 Ptolemaeus
2232 2762 2486 2825 geograph.
2513 2758 2597 2806 lib.
2627 2759 2702 2805 lv.

452 2859 552 2905 cap.
584 2845 629 2890 4.
659 2853 703 2891 et
730 2838 775 2890 5.
816 2846 981 2891 Utrum
1017 2845 1075 2891 ab
1108 2845 1275 2892 eodem
1310 2845 1528 2898 Philone,
1557 2860 1615 2890 an
1651 2844 1709 2890 ab
1744 2844 1836 2891 alio
1862 2852 2040 2908 *nomen
2068 2841 2349 2903 acceperint,
2376 2839 2494 2886 sicut
2527 2845 2572 2884 et
2603 2836 2706 2897 quis

453 2919 590 2966 fuerit
625 2923 825 2984 aegyptii
861 2923 967 2984 pagi
1003 2930 1189 2975 auctor,
1218 2937 1410 2984 prorsus
1444 2923 1626 2984 ignoro.
1871 2910 1874 2916 ’
2451 2968 2453 2970 .

579 3001 679 3045 XII.
718 3000 873 3055 Philo,
901 3001 1059 3046 uxoris
1092 2999 1313 3061 pudicitia
1338 3015 1498 3047 amore
1524 3009 1714 3062 cateque
1739 2999 1864 3046 dicto
1898 2996 2179 3051 celebratus,
2208 2996 2281 3042 cui
2305 3008 2416 3056 prae
2439 2991 2567 3038 omni
2591 3004 2706 3036 auro

456 3069 760 3139 geinmeoque
793 3086 1070 3124 ornamento
1105 3078 1258 3124 mariti
1281 3078 1429 3125 virtus
1463 3077 1566 3123 fuit.
1597 3076 1820 3123 Stobaeus
1851 3079 1900 3123 in
1933 3074 2189 3138 praeceptis
2218 3068 2531 3146 nuptialibus:
2568 3056 2594 3112 ἦ
2623 3057 2710 3142 Φ]-

458 3152 615 3204 λωνος
652 3143 777 3219 γυνη
821 3145 1168 3214 ἐρωτηθεῖσα,
1201 3142 1289 3198 διὰ
1324 3149 1378 3198 τί
1398 3142 1525 3217 μόνη
1563 3144 1658 3198 τῶν
1695 3141 1875 3198 ἄλλων
1910 3141 1958 3196 ἐν
1988 3137 2180 3213 συνόδῳ
2212 3139 2267 3192 οὐ
2300 3153 2440 3208 φορει
2480 3153 2706 3218 χρυσοῦν

457 3218 668 3289 κόσμον,
702 3218 793 3285 ἔφη
826 3217 903 3274 ὅτι
935 3219 1188 3294 αὐτάρκης
1219 3219 1406 3293 κόσμος
1434 3244 1522 3294 μοι
1557 3220 1683 3275 ἐσἻὶν
1714 3221 1739 3277 251
1769 3219 1863 3273 ποτ’]
1890 3214 2072 3291 ἀνδρὸς
2101 3213 2258 3290 οἷρεὟη.
2295 3225 2361 3269 Ex
2393 3217 2732 3291 Stobaeo·ha-‹.

455 3294 556 3341 buit
582 3290 810 3342 Antonius
833 3297 1088 3343 monachus
1114 3297 1162 3342 in
1185 3297 1389 3350 Melissa;
1417 3313 1472 3343 ex
1506 3304 1706 3357 utroque
1733 3294 1995 3352 Ludovicus
2017 3293 2152 3338 Vives
2178 3290 2237 3336 de
2259 3289 2429 3335 femina
2463 3284 2710 3331 christiana

457 3374 539 3419 lib.
569 3376 626 3419 lt.
666 3390 765 3435 cap.
804 3374 863 3420 de
896 3374 1205 3427 ornamentis:
1242 3372 1479 3424 Philonis,
1518 3371 1785 3436 sapientiae
1815 3368 2085 3419 metatoris,
2124 3382 2251 3413 umor
2283 3381 2388 3412 cum
2421 3363 2522 3409 sine
2554 3375 2703 3410 aurea

458 3467 631 3496 corona
661 3437 958 3513 processisset
984 3451 1034 3496 in
1060 3450 1330 3515 publicum,
1361 3463 1406 3496 et
1431 3450 1559 3496 aliae
1589 3459 1853 3513 gestarent,
1882 3457 2058 3511 rogata
2091 3461 2176 3491 cur
2205 3460 2299 3490 non
2329 3455 2374 3488 et
2401 3442 2506 3505 ipsa
2527 3441 2709 3503 ferret,-

459 3527 631 3577 uoeori,
662 3527 925 3589 respondit,
956 3527 1075 3574 satis
1109 3529 1307 3574 ονηαιίις
1343 3544 1439 3574 esse
1475 3527 1566 3574 viri
1584 3526 1822 3574 virtutem<
1850 3535 1895 3570 et
1926 3522 2107 3569 laudes.

588 3605 708 3649 XIII.
746 3603 902 3656 Philo,
931 3620 955 3650 a
989 3621 1083 3665 quo
1114 3614 1273 3652 natum
1297 3605 1536 3667 adagium:
1578 3593 1767 3666 ὑπῆρξε
1796 3590 1879 3647 καὶ
1909 3594 2102 3645 Φίλωνι
2134 3586 2301 3641 οὐκέτι
2336 3591 2503 3642 συκίνη
2532 3583 2711 3652 βακὛνῖ·

460 3694 576 3742 ρια;
612 3667 739 3726 cuius
763 3681 843 3740 qui
869 3682 1154 3737 meminerit,
1182 3691 1366 3744 praeter
1390 3682 1725 3744 Alciphronem
1761 3678 1874 3742 (lib.
1903 3678 1940 3725 1.
1968 3676 2102 3739 epist.
2133 3676 2211 3721 39.
2234 3674 2248 3736 )
2283 3676 2494 3754 Megarae
2517 3671 2577 3718 ad
2600 3673 2729 3757 Bac:-

463 3757 672 3811 chidem‚
702 3757 809 3802 novi
843 3757 1094 3803 neminem.
1132 3761 1226 3805 Nec
1256 3759 1439 3808 diversa
1473 3758 1598 3806 illius
1623 3764 1691 3804 est
1714 3751 2031 3804 sententiaeb
2059 3752 2211 3821 >altera
2243 3750 2346 3797 illa:
2387 3739 2587 3812 ἐγενετο
2625 3761 2707 3792 και

463 3821 741 3897 Μάνδρωνι
781 3828 947 3881 συκίνη
984 3824 1101 3883 ναῧς
1120 3865 1131 3886 ,
1165 3850 1308 3896 quam
1333 3836 1523 3898 exponit
1546 3835 1762 3883 Erasmus
1785 3834 1832 3879 in
1858 3830 2030 3894 adagiis
2063 3829 2106 3875 ἐ
2144 3844 2279 3875 omne
2303 3826 2391 3875 vile
2421 3841 2480 3879 ac
2511 3836 2717 3882 contem-
