2970 4420
1248 273 1304 304 nr.-
1336 271 1519 305 moeris.
2452 262 2508 308 31

259 357 386 404 risiis
407 356 455 402 in
481 356 526 402 8.
556 370 680 402 anno
709 356 849 402 1580.
877 356 1060 420 Reliqui
1085 358 1132 404 in
1165 373 1251 406 suo
1273 358 1489 420 squalore
1511 356 1686 410 relicti,
1713 353 1904 403 ubinam
1929 355 2074 403 modo
2098 356 2292 412 lateant,
2321 361 2519 423 scripse-

260 435 355 480 rint
380 433 456 479 alii
477 431 560 494 (1).
583 431 730 478 Addit
749 432 986 480 Morellus.
1015 436 1131 480 Mox
1154 451 1202 481 se
1225 434 1375 481 index
1397 450 1579 498 quoque
1602 431 1778 498 aperit,
1800 449 1882 479 seu
1899 426 2132 483 elenchus,
2163 449 2255 495 quo
2280 451 2517 483 summam

262 508 494 556 librorum
526 505 746 554 thesauri
767 508 932 572 capita
957 511 1210 562 notantur,
1244 525 1276 557 a
1307 510 1479 557 Niceta
1513 509 1615 574 ipso
1644 519 1692 555 et
1721 508 2006 573 compositus
2030 519 2075 554 et
2097 508 2324 571 scriptus,
2359 527 2517 572 quem-

265 584 524 630 admodum
556 595 604 630 et
633 583 749 630 libri
781 600 941 631 omnes
982 584 1125 632 huius
1158 585 1335 650 operis,
1373 586 1585 650 exceptis
1617 584 1800 632 duobus
1839 584 2048 636 ultimis,
2086 585 2172 648 qui
2209 600 2240 630 a
2284 584 2521 634 Theodoro

261 662 526 708 scutariota
549 660 718 725 scripti
739 673 848 708 sunt
862 699 875 714 ‚
903 662 989 725 qui
1009 662 1286 709 monodiam
1307 679 1489 726 quoque
1510 662 1758 710 Michaelis
1782 661 2022 726 scripsisse
2046 662 2249 710 videtur.
2292 661 2522 710 Theodori

261 726 595 803 αὐτόγραφον
630 755 747 790 esse,
785 756 850 785 ex
881 739 1141 804 appendice
1178 739 1247 786 ad
1282 739 1486 786 indicem
1521 739 1638 787 libri
1666 740 1804 787 XXV.
1841 739 2032 803 colligo.
2067 740 2147 785 Et:
2185 750 2239 784 ut
2271 755 2334 784 ex
2369 739 2519 786 verbis

254 815 482 878 pauculis
505 816 831 868 Scutariotae,
856 816 1008 863 indici
1029 816 1226 863 Nicetae
1250 816 1454 868 addisstls
1478 816 1645 864 videre
1657 828 1750 868 est,
1773 833 1854 880 qut
1850 816 2182 880 appendicem
2209 815 2368 867 illam,
2396 833 2519 879 quae

261 903 408 938 antea
443 892 831 950 desiderabatur,
868 893 918 939 in
941 893 1052 955 fine
1085 892 1305 956 ν”ἱςεεινηι
1339 893 1499 955 qui'ntl
1532 893 1649 940 libri
1680 893 1866 940 alicubi
1902 903 2148 977 repertam
2176 909 2226 938 se
2258 893 2523 940 attexuisse

219 1023 223 1027 Α
254 969 486 1029 affirmat.
525 971 576 1016 ln
614 970 776 1017 codice
803 972 1015 1018 vaticano
1046 971 1208 1019 titulus
1240 971 1304 1017 ita
1336 984 1388 1017 se
1421 959 1818 1019 habet.N12en‘¹roe
1849 961 1946 1014 τοῦ
1973 957 2269 1029 χωνιοίτου,
2300 959 2396 1014 τοῦ
2429 959 2535 1015 καὶ“

299 1034 544 1109 εγονότος
583 1036 664 1091 ἐπι
702 1061 801 1101 των
836 1043 1041 1133 κρίσεων
1069 1060 1151 1091 και
1187 1035 1377 1133 φόρου,
1408 1035 1583 1092 ἔπειτα
1611 1033 1669 1091 δε
1695 1060 1779 1091 και
1810 1035 2111 1105 >tayo-Siron
2144 1059 2242 1092 των
2273 1035 2519 1109 σεκρνῖτων

253 1059 544 1184 {cynnamum
583 1119 872 1177 ravon->tim
901 1137 1012 1172 mot
1049 1112 1292 1186 συλλογὴ
1328 1137 1425 1168 των
1455 1113 1588 1170 ὅλων
1617 1112 1806 1184 σχεδὸν
1842 1111 2039 1187 ὃοξων,
2066 1137 2151 1168 και
2191 1114 2395 1188 ἱστορία
2421 1137 2516 1169 των

253 1188 600 1246 ἅποτεκόντων
627 1190 823 1253 ταύτας
851 1188 1060 1263 ἀνδρων·
1091 1188 1163 1244 ἔτι
1195 1188 1249 1243 δὲ
1283 1189 1652 1264 ἀντιρῥνῖσεις
1634 1191 1701 1245 εντ’
1735 1191 1888 1253 ἐνίαις
1913 1189 2135 1254 τούτων,
2162 1214 2247 1246 και
2279 1189 2518 1263 μάλιστα

251 1266 350 1321 τῶν
379 1266 765 1341 παλαιοτέρων,
793 1267 878 1322 καὶ
913 1265 1060 1342 ἕτερα
1092 1266 1222 1322 τινοί.
1260 1271 1314 1320 P.
1346 1268 1464 1341 Θεῷ
1495 1290 1577 1322 και
1609 1267 1919 1334 θεοφιλέων
1948 1265 2161 1340 οἷνδροὶσι
2194 1273 2272 1330 ’τίς
2301 1265 2360 1323 ἀν
2389 1269 2519 1341 αξιά

252 1342 559 1419 προσαΓωγῆ
589 1343 826 1417 γένοιτος
862 1357 915 1401 In
937 1354 1222 1402 bibliotheca
1243 1355 1457 1401 bavarica
1481 1371 1538 1402 ex
1560 1354 1727 1402 eodem
1751 1371 1894 1418 opere
1918 1365 2235 1410 asservantur,
2264 1356 2370 1402 cod.
2404 1357 2512 1401 119.

179 1477 185 1489 ,
252 1429 454 1476 Nicetae
494 1430 748 1478 choniatae
781 1432 840 1478 de
871 1432 1204 1478 Armeniorum
1239 1430 1428 1478 haeresi
1461 1443 1614 1478 tomus
1649 1432 1860 1478 decimus
1891 1432 2134 1496 septimus.
2173 1433 2402 1479 Eiusdem
2438 1433 2519 1478 de-

248 1507 406 1560 cimus
429 1519 624 1554 octavus
647 1520 815 1554 contra
843 1508 1171 1559 Paulicianos,
1202 1521 1247 1554 et
1273 1508 1484 1555 decimus
1505 1525 1656 1556 nonus
1678 1501 1845 1555 contra
1872 1509 2168 1573 BogomzYos,
2198 1522 2243 1555 et
2267 1509 2520 1574 vigesimus

257 1597 425 1631 contra
466 1586 752 1631 Saracenos.
791 1586 959 1632 Modus
999 1586 1261 1650 recipiendi
1299 1586 1405 1633 illos
1423 1621 1436 1637 ,
1475 1586 1560 1648 qui
1596 1602 1627 1632 a
1669 1586 1923 1633 Saracenis
1966 1587 2035 1633 ad
2067 1586 2334 1633 christiana
2378 1603 2519 1633 sacra

251 1674 522 1709 transeunt.
902 1663 910 1670 '

381 1742 541 1802 Neque
572 1741 664 1787 hoc
698 1741 916 1787 thesauro
947 1741 1102 1803 minus
1135 1741 1329 1788 illustris
1361 1750 1431 1788 est
1462 1741 1670 1789 eiusdem
1700 1740 1929 1793 historia,
1968 1758 2110 1803 quam
2146 1743 2431 1805 auspicatus,
2468 1750 2520 1789 ut

251 1812 351 1879 ipse
377 1817 519 1864 tradit
542 1819 591 1864 in
617 1819 848 1881 principio
874 1817 934 1865 ab
956 1819 1011 1865 iis
1034 1818 1174 1865 rebus
1190 1854 1201 1873 ‚
1228 1835 1348 1881 quae
1379 1828 1486 1882 post
1513 1820 1661 1866 Alexii
1678 1855 1690 1874 ,
1721 1821 1861 1883 primi
1889 1836 1944 1867 ex
1977 1821 2210 1866 Comnena
2239 1819 2411 1865 familia
2433 1821 2522 1866 im-

251 1895 505 1957 peratoris,
531 1887 715 1941 obitum
737 1895 1030 1949 acciderunt,
1052 1895 1174 1942 ultra
1195 1911 1315 1959 quae
1340 1897 1595 1959 superioris
1620 1899 1779 1944 aetatis
1803 1898 2010 1944 historici
2035 1912 2131 1942 non
2155 1905 2262 1943 sunt
2288 1898 2521 1959 progressi

251 1971 482 2042 Iohannes
514 1972 739 2025 Zonaras,
768 1972 1094 2019 Constantinus
1125 1973 1381 2028 Manasses‚
1417 1975 1642 2035 Georgius
1675 1974 1935 2027 Cedrenus,
1974 1973 2194 2019 Iohannis
2225 1974 2523 2035 imperatoris

251 2049 420 2102 vitam,
457 2049 537 2111 qui
571 2049 736 2096 Alexio
765 2050 981 2096 successit
1014 2048 1219 2110 breviter
1251 2051 1545 2112 perstringit:
1582 2066 1669 2097 nee
1703 2067 1864 2097 earum
1895 2066 2054 2097 rerum
2089 2050 2521 2096 commemorationi

251 2126 427 2173 diutius
449 2127 752 2181 immoratur,
779 2142 896 2190 quas
922 2127 1002 2174 ille
1026 2143 1123 2174 non
1147 2127 1362 2181 viderat:
1386 2128 1468 2174 sed
1492 2127 1551 2173 ab
1579 2129 1634 2174 iis
1667 2129 1867 2191 accepit,
1894 2130 1975 2190 qui
1996 2143 2086 2189 ,eas
2119 2128 2361 2179 viderunt,
2390 2142 2518 2173 eum-

252 2219 347 2265 que
376 2205 425 2250 in
453 2203 828 2266 expeditionibus
862 2205 1066 2251 comitati
1104 2214 1234 2252 suntz
1261 2204 1504 2252 subsecuta
1535 2221 1650 2252 vero
1680 2205 1860 2267 reliqua
1894 2205 2083 2252 uberius
2118 2213 2298 2250 tractat.
2330 2195 2414 2248 Ἔν
2443 2216 2516 2247 κε-

254 2268 580 2334 φαλαιωδεσι
618 2268 668 2324 3’
709 2271 975 2342 ἓπιτομαῖς
1008 2271 1074 2326 τοὶ
1111 2272 1244 2327 κατοὶ
1278 2271 1366 2326 τόν
1401 2271 1759 2345 αὐτοκράτορα
1787 2271 2016 2330 Ἰωάννην
2049 2271 2108 2326 τὸ
2150 2271 2373 2343 ἱστορεῖν
2409 2268 2514 2328 3177-

252 2345 494 2420 γῆσεὙαι,
525 2345 578 2410 ὃς
600 2350 829 2423 Ἄλεξίς.)
860 2345 1114 2418 διάδοχος
1141 2347 1414 2425 ‘ye‘ye'vn‘foec
1449 2373 1539 2412 της
1569 2350 1749 2424 ἀρχῆς·
1779 2347 1892 2402 0133’
1922 2347 2236 2433 ἐμβραὸυνει
2262 2348 2380 2409 ταῖς
2411 2371 2503 2401 κατ
2568 2377 2573 2380 ’

255 2423 412 2480 αὐτὸν
449 2424 795 2500 ἀφηγησεσιν,
825 2422 984 2498 ὥσπερ
1025 2426 1071 2480 ἐν
1105 2427 1218 2488 τοῖς
1251 2426 1492 2499 ἐφεξης’
1475 2426 1752 2499 εργοίσεται
1783 2425 2004 2499 λόγοις,
2035 2431 2123 2480 οἱα
2151 2425 2247 2480 καί
2272 2449 2409 2496 ημων
2445 2448 2510 2496 μιν

252 2500 319 2554 τοὶ
354 2501 466 2564 τοῖς
502 2503 815 2574 ὀφθαλμοῖς
853 2502 929 2557 ἐπι
970 2499 1098 2576 τῷδε
1133 2503 1540 2599 «παρειλημμένα
1574 2503 2035 2578 συγγραφομένων
2073 2503 2349 2576 κᾴντεῦθεν
2388 2498 2513 2573 μηδ’

252 2577 526 2637 οἶωοταδην
565 2578 786 2649 ἐχόντων
819 2602 983 2634 ταυτα
1019 2577 1300 2653 διεξιέναι,
1335 2580 1457 2635 ἀλλ’
1495 2577 1618 2653 άπερ
1659 2581 1731 2642 εἷς
1766 2579 1918 2636 duom
1953 2581 2106 2634 ὠτίου
2146 2578 2428 2649 ειλνῖφαμεν
2465 2579 2516 2630 ἐκ

253 2677 351 2709 των
395 2652 506 2710 σ’σοι
549 2657 646 2711 ’τῶν
688 2657 814 2715 καθ’
858 2680 990 2727 κμας
1015 2655 1116 2715 τὸν
1158 2656 1390 2725 βασιλέα
1429 2680 1626 2711 τουτονι
1678 2655 1992 2719 ἐθεάσαντο,
2028 2680 2111 2711 και
2159 2654 2513 2727 συνωμοίρτουν

258 2731 423 2804 ἐκείνῳ
450 2731 570 2806 πρὸς
601 2733 846 2794 ἐνανἻιόυς
872 2755 1157 2806 χωρουντι,
1188 2757 1271 2787 και
1304 2733 1397 2796 τοὶς
1423 2732 1603 2806 μα’χας
1632 2732 2034 2790 συνέΤολύπ-ευον.
2071 2745 2137 2789 Ac
2160 2741 2393 2789 Iohannis
2423 2741 2516 2786 im-

249 2818 490 2881 peratoris
522 2819 692 2870 vitam,
726 2819 811 2882 qui
834 2819 1053 2866 successit
1078 2820 1273 2871 Alexio,
1304 2820 1506 2867 breviter
1532 2821 1911 2884 perstringemus
1919 2840 1936 2873 ,·
1972 2837 2120 2882 neque
2151 2835 2319 2865 earum
2355 2833 2513 2863 rerum

253 2896 695 2942 commemorationi
723 2896 908 2942 diutius
945 2897 1330 2948 immorabimur,
1368 2912 1490 2959 quas
1521 2897 1615 2960 ipsi
1646 2914 1740 2943 non
1773 2897 1998 2948 vidimus,
2030 2896 2115 2942 sed
2145 2896 2207 2941 ab
2241 2894 2352 2940 aliis
2380 2910 2514 2940 acce-

211 3003 215 3010 ·
248 2971 434 3036 pimus,
465 2973 551 3035 qui
580 2990 688 3019 eum
724 2973 961 3024 viderunt,
991 2985 1037 3018 et
1072 2973 1121 3018 in
1156 2973 1482 3036 expeditiones
1517 2973 1737 3019 comitati
1766 2985 1893 3019 sunt.
1930 2975 1991 3018 In
2016 2971 2182 3018 ceteris
2213 2983 2373 3017 autem
2402 2970 2516 3016 ube-

253 3049 355 3095 rius
382 3049 700 3096 tractabimus
724 3066 908 3097 omnia.
944 3050 1074 3097 Idem
1100 3051 1362 3097 institutum
1395 3059 1578 3096 secutus
1610 3059 1678 3096 est
1701 3059 1747 3096 et
1771 3051 2000 3096 Iohannes
2027 3050 2296 3100 Cinnamus,
2324 3049 2404 3108 qui
2439 3062 2513 3092 res

251 3136 403 3188 gestas
428 3127 647 3174 Iohannis
670 3136 716 3174 et
739 3128 1052 3174 Emmanuelis
1077 3129 1269 3174 historia
1295 3136 1569 3190 prosecutus
1593 3136 1678 3173 est.
1693 3114 1982 3212 Εἷρῆσέῗαι
2011 3112 2070 3168 δέ
2094 3138 2182 3186 μοι
2208 3138 2275 3168 τα
2301 3114 2392 3184 μὲν
2418 3114 2513 3167 τοῦ

247 3193 481 3249 [ωοίννου
517 3195 623 3248 κατ’
664 3193 930 3266 ἐπιτομκν,
958 3218 1040 3248 και
1083 3217 1238 3269 ωσπερ
1279 3194 1327 3249 ἐν
1361 3198 1656 3266 κεφαλαίῳ,
1687 3191 1764 3247 δ’τι
1800 3189 1922 3264 μηδ’
1957 3192 2004 3247 ἐν
2037 3214 2150 3253 τοις
2185 3191 2287 3245 κατ’
2325 3191 2509 3245 ἐκεινου

255 3267 370 3367 ὅπερ
397 3268 492 3368 ›13’n
523 3270 643 3336 ἔφην
671 3270 877 3346 γέγονα
902 3270 1124 3346 χρόνοις·
1152 3296 1221 3326 τα
1247 3293 1309 3345 γε
1337 3293 1433 3344 μην
1461 3293 1551 3323 του
1581 3270 1686 3342 μετ’
1719 3269 1902 3324 ἐκεινον
1930 3267 2243 3363 πράγματα,
2271 3269 2360 3321 οὐκ
2389 3263 2511 3321 οἰδα

255 3370 296 3401 ει
336 3371 414 3409 τις
452 3348 602 3420 ἐμου-
596 3347 837 3404 -κοίλλιον
874 3349 1230 3445 ἐξιστορκησαι
1241 3346 1366 3417 ἔχει·
1398 3346 1502 3401 ἐπει
1542 3369 1626 3400 και
1669 3344 1804 3400 οὔπω
1837 3350 2081 3419 μειρακίῳ
2112 3342 2216 3401 ἕντι
2250 3368 2338 3417 μοι
2372 3350 2511 3398 πλεί

255 3445 376 3486 στας
418 3423 898 3497 συνεκᾶεδημηκέναι
945 3426 992 3478 οἱ
1035 3449 1152 3487 ιωως
1187 3447 1260 3486 εις
1294 3446 1508 3498 ηωειρον
1553 3422 1790 3498 ἑκατέραν
1833 3421 2125 3489 συνέβαινεν
2165 3422 2507 3496 ἐκστρατειων.

337 3542 387 3584 (1)
411 3541 466 3578 De
488 3540 638 3578 Nicetae
661 3541 835 3589 panoplia
861 3541 1013 3590 eiusque
1036 3539 1250 3586 codicibus,
1278 3539 1387 3588 plene
1410 3549 1479 3577 nos
1504 3537 1618 3576 locuti
1641 3547 1773 3575 sumus
1796 3537 1839 3574 in
1861 3537 2061 3586 Spicilegio
2085 3548 2179 3575 rom.
2206 3539 2250 3574 Τ.
2274 3538 2335 3574 IV.
2362 3548 2398 3585 p.
2426 3542 2507 3574 :‘.338

256 3607 457 3647 rursusque
482 3610 518 3648 p.
546 3601 704 3644 4983<in
728 3608 845 3649 eoque
867 3606 970 3639 tomo
994 3601 1155 3648 capitula
1180 3610 1311 3637 novem
1336 3599 1532 3648 praecipua
1557 3608 1686 3646 graece
1710 3596 1897 3636 edidimus
1921 3608 1964 3636 ex
1988 3597 2065 3635 illis
2088 3609 2183 3646 quae
2210 3597 2402 3635 Morellius
2426 3598 2508 3634 luce

257 3667 334 3694 non
365 3656 576 3696 donaverat.
607 3661 752 3697 Rursus
776 3660 818 3697 in
847 3660 918 3697 hac
947 3661 1099 3697 Patrum
1130 3658 1356 3698 bibliotheca
1386 3659 1430 3695 T.
1463 3658 1526 3695 IV.
1558 3657 1720 3706 capitula
1751 3656 1797 3695 de
1828 3657 2056 3695 Manichaeis
2086 3662 2124 3695 et
2152 3656 2201 3694 de
2230 3656 2510 3694 Mohamedanis

258 3727 387 3763 graece
411 3718 599 3767 latineque
623 3719 872 3767 exposuimus.
899 3721 1013 3757 Porro
1038 3719 1148 3756 etiam
1173 3718 1267 3755 duas
1291 3715 1473 3767 synodos,
1491 3721 1529 3756 et
1545 3716 1746 3754 secundam
1764 3716 1965 3755 Theoriani
1986 3728 2072 3755 cum
2088 3717 2276 3754 Armeniis
2295 3715 2510 3764 disputatio-

257 3785 366 3820 nem,
385 3777 455 3813 etsi
481 3777 653 3826 panoplia
677 3778 826 3816 Nicetae
851 3777 1146 3823 continerentur,
1164 3788 1233 3815 nos
1256 3778 1368 3823 item,
1389 3775 1454 3815 sed
1479 3775 1693 3814 melioribus
1710 3775 1794 3814 aliis
1811 3776 1872 3814 usi
1897 3775 2107 3823 codicibus,
2125 3782 2211 3814 ante
2235 3776 2302 3813 hos
2327 3786 2445 3812 annos
2469 3775 2513 3812 iu.

253 3838 385 3885 quarto
409 3840 583 3884 sextoque
608 3837 836 3885 Scriptorum
861 3844 931 3876 vet.
958 3844 1083 3884 tomo,
1106 3843 1143 3875 et
1166 3837 1211 3875 in
1231 3835 1374 3875 decimo
1398 3835 1585 3886 spicilegii
1610 3845 1738 3884 graece
1763 3846 1806 3874 ac
1831 3835 1947 3875 latine
1971 3841 2092 3874 extare
2117 3835 2314 3874 voluimus.
2342 3837 2387 3871 A.
2415 3835 2466 3871 Μ.
