<?xml version="1.0" encoding="UTF-8"?>
<!DOCTYPE html PUBLIC "-//W3C//DTD XHTML 1.0 Transitional//EN"
    "http://www.w3.org/TR/xhtml1/DTD/xhtml1-transitional.dtd">
<html xmlns="http://www.w3.org/1999/xhtml" xml:lang="en" lang="en">
 <head>
  <title>
</title>
<meta http-equiv="Content-Type" content="text/html;charset=utf-8" />
  <meta name='ocr-system' content='tesseract 3.04.00' />
  <meta name='ocr-capabilities' content='ocr_page ocr_carea ocr_par ocr_line ocrx_word'/>
</head>
<body>
  <div class='ocr_page' id='page_1' title='image "./novaepatrumbibli06maiauoft/novaepatrumbibli06maiauoft_0750.png"; bbox 0 0 2970 4420; ppageno 0'>
   <div class='ocr_carea' id='block_1_1' title="bbox 488 248 581 295">
    <p class='ocr_par' dir='ltr' id='par_1_1' title="bbox 488 248 581 295">
     <span class='ocr_line' id='line_1_1' title="bbox 488 248 581 295; baseline -0.011 0"><span class='ocrx_word' id='word_1_1' title='bbox 488 248 581 295; x_wconf 79' lang='lat'>512</span> 
     </span>
    </p>
   </div>
   <div class='ocr_carea' id='block_1_2' title="bbox 469 351 1576 3656">
    <p class='ocr_par' dir='ltr' id='par_1_2' title="bbox 469 351 1576 3181">
     <span class='ocr_line' id='line_1_2' title="bbox 486 351 1572 412; baseline 0.002 -17"><span class='ocrx_word' id='word_1_2' title='bbox 486 364 618 404; x_wconf 90' lang='lat' dir='ltr'>nam,</span> <span class='ocrx_word' id='word_1_3' title='bbox 644 364 763 412; x_wconf 92' lang='lat' dir='ltr'>quae</span> <span class='ocrx_word' id='word_1_4' title='bbox 785 365 1030 398; x_wconf 90' lang='lat' dir='ltr'>murorum</span> <span class='ocrx_word' id='word_1_5' title='bbox 1053 353 1199 398; x_wconf 86' lang='lat' dir='ltr'>instar</span> <span class='ocrx_word' id='word_1_6' title='bbox 1222 351 1462 398; x_wconf 90' lang='lat' dir='ltr'>ecclesiam</span> <span class='ocrx_word' id='word_1_7' title='bbox 1488 353 1572 398; x_wconf 88' lang='lat' dir='ltr'>cir·</span> 
     </span>
     <span class='ocr_line' id='line_1_3' title="bbox 485 427 1575 490; baseline 0.003 -17"><span class='ocrx_word' id='word_1_8' title='bbox 485 427 769 473; x_wconf 86' lang='lat' dir='ltr'>cummunit:</span> <span class='ocrx_word' id='word_1_9' title='bbox 796 428 1196 490; x_wconf 86' lang='lat' dir='ltr'>quemadmodum</span> <span class='ocrx_word' id='word_1_10' title='bbox 1219 429 1472 475; x_wconf 86' lang='lat' dir='ltr'>Paternitas</span> <span class='ocrx_word' id='word_1_11' title='bbox 1497 438 1575 476; x_wconf 90' lang='lat' dir='ltr'>tua</span> 
     </span>
     <span class='ocr_line' id='line_1_4' title="bbox 482 503 1576 566; baseline 0.003 -16"><span class='ocrx_word' id='word_1_12' title='bbox 482 503 736 551; x_wconf 89' lang='lat' dir='ltr'>immundis</span> <span class='ocrx_word' id='word_1_13' title='bbox 765 504 986 552; x_wconf 90' lang='lat' dir='ltr'>omnibus</span> <span class='ocrx_word' id='word_1_14' title='bbox 1018 505 1305 566; x_wconf 86' lang='lat' dir='ltr'>impurisque</span> <span class='ocrx_word' id='word_1_15' title='bbox 1335 505 1576 553; x_wconf 80' lang='lat' dir='ltr'><strong>haereticis</strong></span> 
     </span>
     <span class='ocr_line' id='line_1_5' title="bbox 482 582 1574 645; baseline 0.002 -17"><span class='ocrx_word' id='word_1_16' title='bbox 482 582 852 637; x_wconf 87' lang='lat' dir='ltr'>demonstravit,</span> <span class='ocrx_word' id='word_1_17' title='bbox 890 583 970 645; x_wconf 92' lang='lat' dir='ltr'>qui</span> <span class='ocrx_word' id='word_1_18' title='bbox 1011 582 1298 629; x_wconf 83' lang='lat' dir='ltr'>damnationi</span> <span class='ocrx_word' id='word_1_19' title='bbox 1335 582 1574 630; x_wconf 87' lang='lat' dir='ltr'>subiacent</span> 
     </span>
     <span class='ocr_line' id='line_1_6' title="bbox 482 658 1575 722; baseline 0.001 -16"><span class='ocrx_word' id='word_1_20' title='bbox 482 661 583 707; x_wconf 93' lang='lat' dir='ltr'>iure</span> <span class='ocrx_word' id='word_1_21' title='bbox 617 661 877 721; x_wconf 88' lang='lat' dir='ltr'>meritoque</span> <span class='ocrx_word' id='word_1_22' title='bbox 901 660 1011 721; x_wconf 89' lang='lat' dir='ltr'>ipsis</span> <span class='ocrx_word' id='word_1_23' title='bbox 1036 658 1255 705; x_wconf 81' lang='lat' dir='ltr'>inflictae.</span> <span class='ocrx_word' id='word_1_24' title='bbox 1284 660 1427 706; x_wconf 87' lang='lat' dir='ltr'>Tuam</span> <span class='ocrx_word' id='word_1_25' title='bbox 1461 675 1575 722; x_wconf 93' lang='lat' dir='ltr'>por-</span> 
     </span>
     <span class='ocr_line' id='line_1_7' title="bbox 482 734 1573 790; baseline 0.001 -7"><span class='ocrx_word' id='word_1_26' title='bbox 482 753 538 783; x_wconf 89' lang='lat' dir='ltr'>ro</span> <span class='ocrx_word' id='word_1_27' title='bbox 560 738 886 784; x_wconf 88' lang='lat' dir='ltr'>Paternitatem</span> <span class='ocrx_word' id='word_1_28' title='bbox 918 735 1234 790; x_wconf 85' lang='lat' dir='ltr'>laudavimus,</span> <span class='ocrx_word' id='word_1_29' title='bbox 1267 751 1298 782; x_wconf 94' lang='lat' dir='ltr'>o</span> <span class='ocrx_word' id='word_1_30' title='bbox 1323 734 1470 790; x_wconf 90' lang='lat' dir='ltr'>bone,</span> <span class='ocrx_word' id='word_1_31' title='bbox 1498 738 1573 784; x_wconf 89' lang='lat' dir='ltr'>cui</span> 
     </span>
     <span class='ocr_line' id='line_1_8' title="bbox 480 812 1573 878; baseline -0.002 -15"><span class='ocrx_word' id='word_1_32' title='bbox 480 815 679 878; x_wconf 88' lang='lat' dir='ltr'>placuit,</span> <span class='ocrx_word' id='word_1_33' title='bbox 707 814 820 860; x_wconf 89' lang='lat' dir='ltr'>nihil</span> <span class='ocrx_word' id='word_1_34' title='bbox 850 813 1043 860; x_wconf 92' lang='lat' dir='ltr'>omnino</span> <span class='ocrx_word' id='word_1_35' title='bbox 1065 812 1301 859; x_wconf 80' lang='lat' dir='ltr'>introduci</span> <span class='ocrx_word' id='word_1_36' title='bbox 1330 812 1573 861; x_wconf 90' lang='lat' dir='ltr'>turbidum</span> 
     </span>
     <span class='ocr_line' id='line_1_9' title="bbox 481 889 1573 951; baseline -0.003 -12"><span class='ocrx_word' id='word_1_37' title='bbox 481 901 559 939; x_wconf 89' lang='lat' dir='ltr'>aut</span> <span class='ocrx_word' id='word_1_38' title='bbox 593 893 819 939; x_wconf 90' lang='lat' dir='ltr'>novitium</span> <span class='ocrx_word' id='word_1_39' title='bbox 840 926 851 944; x_wconf 91' lang='lat'>,</span> <span class='ocrx_word' id='word_1_40' title='bbox 888 890 963 937; x_wconf 85' lang='lat' dir='ltr'>vel</span> <span class='ocrx_word' id='word_1_41' title='bbox 996 889 1174 951; x_wconf 88' lang='lat' dir='ltr'>aliquid</span> <span class='ocrx_word' id='word_1_42' title='bbox 1213 892 1573 938; x_wconf 88' lang='lat' dir='ltr'>commemorari</span> 
     </span>
     <span class='ocr_line' id='line_1_10' title="bbox 480 967 1574 1031; baseline -0.004 -13"><span class='ocrx_word' id='word_1_43' title='bbox 480 971 614 1018; x_wconf 87' lang='lat' dir='ltr'>aliter</span> <span class='ocrx_word' id='word_1_44' title='bbox 647 977 726 1015; x_wconf 88' lang='lat' dir='ltr'>aut</span> <span class='ocrx_word' id='word_1_45' title='bbox 756 967 1006 1031; x_wconf 85' lang='lat' dir='ltr'>postulari,</span> <span class='ocrx_word' id='word_1_46' title='bbox 1043 982 1185 1029; x_wconf 87' lang='lat' dir='ltr'>quam</span> <span class='ocrx_word' id='word_1_47' title='bbox 1221 982 1246 1013; x_wconf 90' lang='lat' dir='ltr'>a</span> <span class='ocrx_word' id='word_1_48' title='bbox 1281 969 1448 1014; x_wconf 90' lang='lat' dir='ltr'>sanctis</span> <span class='ocrx_word' id='word_1_49' title='bbox 1482 968 1574 1014; x_wconf 91' lang='lat' dir='ltr'>illis</span> 
     </span>
     <span class='ocr_line' id='line_1_11' title="bbox 479 1042 1574 1107; baseline -0.003 -12"><span class='ocrx_word' id='word_1_50' title='bbox 479 1048 749 1107; x_wconf 85' lang='lat' dir='ltr'>selectisque</span> <span class='ocrx_word' id='word_1_51' title='bbox 774 1042 985 1107; x_wconf 90' lang='lat' dir='ltr'>patribus</span> <span class='ocrx_word' id='word_1_52' title='bbox 1009 1044 1310 1090; x_wconf 90' lang='lat' dir='ltr'>constitutum</span> <span class='ocrx_word' id='word_1_53' title='bbox 1336 1044 1440 1091; x_wconf 77' lang='lat' dir='ltr'>fuit.</span> <span class='ocrx_word' id='word_1_54' title='bbox 1469 1047 1574 1092; x_wconf 86' lang='lat' dir='ltr'>&#39;Nos</span> 
     </span>
     <span class='ocr_line' id='line_1_12' title="bbox 480 1121 1573 1185; baseline -0.002 -14"><span class='ocrx_word' id='word_1_55' title='bbox 480 1125 665 1171; x_wconf 88' lang='lat' dir='ltr'>dulcem</span> <span class='ocrx_word' id='word_1_56' title='bbox 691 1138 855 1185; x_wconf 90' lang='lat' dir='ltr'>aquam</span> <span class='ocrx_word' id='word_1_57' title='bbox 872 1156 883 1175; x_wconf 92' lang='lat'><strong>‚</strong></span> <span class='ocrx_word' id='word_1_58' title='bbox 911 1121 1111 1184; x_wconf 85' lang='lat' dir='ltr'>limpido</span> <span class='ocrx_word' id='word_1_59' title='bbox 1136 1121 1196 1168; x_wconf 93' lang='lat' dir='ltr'>de</span> <span class='ocrx_word' id='word_1_60' title='bbox 1222 1121 1352 1168; x_wconf 90' lang='lat' dir='ltr'>fonte</span> <span class='ocrx_word' id='word_1_61' title='bbox 1382 1138 1573 1169; x_wconf 87' lang='lat' dir='ltr'>manan-</span> 
     </span>
     <span class='ocr_line' id='line_1_13' title="bbox 479 1199 1574 1263; baseline -0.004 -13"><span class='ocrx_word' id='word_1_62' title='bbox 479 1212 571 1250; x_wconf 85' lang='lat' dir='ltr'>tem</span> <span class='ocrx_word' id='word_1_63' title='bbox 588 1237 598 1256; x_wconf 93' lang='lat'>,</span> <span class='ocrx_word' id='word_1_64' title='bbox 626 1216 718 1263; x_wconf 88' lang='lat' dir='ltr'>qua</span> <span class='ocrx_word' id='word_1_65' title='bbox 749 1199 889 1247; x_wconf 91' lang='lat' dir='ltr'>hodie</span> <span class='ocrx_word' id='word_1_66' title='bbox 927 1207 1192 1246; x_wconf 89' lang='lat' dir='ltr'>nostrarum</span> <span class='ocrx_word' id='word_1_67' title='bbox 1217 1200 1479 1246; x_wconf 89' lang='lat' dir='ltr'>animarum</span> <span class='ocrx_word' id='word_1_68' title='bbox 1511 1202 1574 1246; x_wconf 89' lang='lat' dir='ltr'>si-</span> 
     </span>
     <span class='ocr_line' id='line_1_14' title="bbox 479 1276 1573 1333; baseline -0.003 -8"><span class='ocrx_word' id='word_1_69' title='bbox 479 1280 561 1326; x_wconf 91' lang='lat' dir='ltr'>tim</span> <span class='ocrx_word' id='word_1_70' title='bbox 595 1278 849 1331; x_wconf 81' lang='lat' dir='ltr'>extinxisti,</span> <span class='ocrx_word' id='word_1_71' title='bbox 883 1277 942 1323; x_wconf 90' lang='lat' dir='ltr'>ad</span> <span class='ocrx_word' id='word_1_72' title='bbox 976 1277 1174 1323; x_wconf 88' lang='lat' dir='ltr'>salutem</span> <span class='ocrx_word' id='word_1_73' title='bbox 1207 1276 1466 1333; x_wconf 89' lang='lat' dir='ltr'>ebibimus;</span> <span class='ocrx_word' id='word_1_74' title='bbox 1501 1279 1573 1323; x_wconf 83' lang='lat' dir='ltr'>vi-</span> 
     </span>
     <span class='ocr_line' id='line_1_15' title="bbox 477 1353 1572 1419; baseline -0.001 -17"><span class='ocrx_word' id='word_1_75' title='bbox 477 1365 549 1402; x_wconf 90' lang='lat' dir='ltr'>tae</span> <span class='ocrx_word' id='word_1_76' title='bbox 573 1356 765 1417; x_wconf 87' lang='lat' dir='ltr'>inquam</span> <span class='ocrx_word' id='word_1_77' title='bbox 791 1367 981 1416; x_wconf 82' lang='lat' dir='ltr'>aquam3</span> <span class='ocrx_word' id='word_1_78' title='bbox 1009 1354 1126 1419; x_wconf 16' lang='lat' dir='ltr'>sictut</span> <span class='ocrx_word' id='word_1_79' title='bbox 1148 1354 1196 1400; x_wconf 91' lang='lat' dir='ltr'>in</span> <span class='ocrx_word' id='word_1_80' title='bbox 1220 1369 1307 1400; x_wconf 92' lang='lat' dir='ltr'>suo</span> <span class='ocrx_word' id='word_1_81' title='bbox 1329 1353 1572 1415; x_wconf 82' lang='lat' dir='ltr'>evangelio</span> 
     </span>
     <span class='ocr_line' id='line_1_16' title="bbox 478 1432 1570 1493; baseline -0.002 -14"><span class='ocrx_word' id='word_1_82' title='bbox 478 1432 685 1480; x_wconf 85' lang='lat' dir='ltr'>Christus</span> <span class='ocrx_word' id='word_1_83' title='bbox 718 1432 859 1479; x_wconf 84' lang='lat' dir='ltr'>dixit:</span> <span class='ocrx_word' id='word_1_84' title='bbox 894 1446 981 1493; x_wconf 83' lang='lat' dir='ltr'>ego</span> <span class='ocrx_word' id='word_1_85' title='bbox 1015 1447 1119 1477; x_wconf 92' lang='lat' dir='ltr'>sum</span> <span class='ocrx_word' id='word_1_86' title='bbox 1153 1446 1271 1493; x_wconf 89' lang='lat' dir='ltr'>aqua</span> <span class='ocrx_word' id='word_1_87' title='bbox 1305 1432 1496 1486; x_wconf 83' lang='lat' dir='ltr'>vivens3</span> <span class='ocrx_word' id='word_1_88' title='bbox 1535 1433 1570 1478; x_wconf 91' lang='lat' dir='ltr'>si</span> 
     </span>
     <span class='ocr_line' id='line_1_17' title="bbox 475 1507 1573 1572; baseline -0.001 -16"><span class='ocrx_word' id='word_1_89' title='bbox 475 1511 580 1572; x_wconf 90' lang='lat' dir='ltr'>quis</span> <span class='ocrx_word' id='word_1_90' title='bbox 613 1511 731 1564; x_wconf 89' lang='lat' dir='ltr'>sitit,</span> <span class='ocrx_word' id='word_1_91' title='bbox 769 1509 829 1556; x_wconf 90' lang='lat' dir='ltr'>ad</span> <span class='ocrx_word' id='word_1_92' title='bbox 861 1525 937 1555; x_wconf 91' lang='lat' dir='ltr'>me</span> <span class='ocrx_word' id='word_1_93' title='bbox 970 1510 1151 1563; x_wconf 87' lang='lat' dir='ltr'>veniat,</span> <span class='ocrx_word' id='word_1_94' title='bbox 1180 1516 1225 1554; x_wconf 92' lang='lat' dir='ltr'>et</span> <span class='ocrx_word' id='word_1_95' title='bbox 1260 1507 1390 1555; x_wconf 91' lang='lat' dir='ltr'>bibet</span> <span class='ocrx_word' id='word_1_96' title='bbox 1424 1510 1573 1556; x_wconf 84' lang='lat' dir='ltr'>vivet-</span> 
     </span>
     <span class='ocr_line' id='line_1_18' title="bbox 475 1586 1573 1651; baseline 0 -18"><span class='ocrx_word' id='word_1_97' title='bbox 475 1603 568 1651; x_wconf 91' lang='lat' dir='ltr'>que</span> <span class='ocrx_word' id='word_1_98' title='bbox 601 1589 648 1634; x_wconf 91' lang='lat' dir='ltr'>in</span> <span class='ocrx_word' id='word_1_99' title='bbox 683 1596 941 1634; x_wconf 88' lang='lat' dir='ltr'>aeternum.</span> <span class='ocrx_word' id='word_1_100' title='bbox 981 1587 1135 1649; x_wconf 91' lang='lat' dir='ltr'>Atque</span> <span class='ocrx_word' id='word_1_101' title='bbox 1164 1595 1217 1633; x_wconf 88' lang='lat' dir='ltr'>ut</span> <span class='ocrx_word' id='word_1_102' title='bbox 1253 1586 1382 1633; x_wconf 91' lang='lat' dir='ltr'>nulla</span> <span class='ocrx_word' id='word_1_103' title='bbox 1417 1587 1465 1632; x_wconf 91' lang='lat' dir='ltr'>in</span> <span class='ocrx_word' id='word_1_104' title='bbox 1499 1586 1573 1633; x_wconf 94' lang='lat' dir='ltr'>lo-</span> 
     </span>
     <span class='ocr_line' id='line_1_19' title="bbox 474 1664 1572 1728; baseline -0.001 -16"><span class='ocrx_word' id='word_1_105' title='bbox 474 1665 648 1728; x_wconf 91' lang='lat' dir='ltr'>quendi</span> <span class='ocrx_word' id='word_1_106' title='bbox 673 1665 818 1712; x_wconf 91' lang='lat' dir='ltr'>modo</span> <span class='ocrx_word' id='word_1_107' title='bbox 852 1665 972 1710; x_wconf 88' lang='lat' dir='ltr'>circa</span> <span class='ocrx_word' id='word_1_108' title='bbox 1007 1664 1091 1710; x_wconf 91' lang='lat' dir='ltr'>has</span> <span class='ocrx_word' id='word_1_109' title='bbox 1119 1665 1241 1726; x_wconf 89' lang='lat' dir='ltr'>ipsas</span> <span class='ocrx_word' id='word_1_110' title='bbox 1276 1679 1351 1711; x_wconf 90' lang='lat' dir='ltr'>res</span> <span class='ocrx_word' id='word_1_111' title='bbox 1385 1672 1572 1711; x_wconf 89' lang='lat' dir='ltr'>contra-</span> 
     </span>
     <span class='ocr_line' id='line_1_20' title="bbox 475 1742 1569 1803; baseline -0.002 -13"><span class='ocrx_word' id='word_1_112' title='bbox 475 1743 619 1790; x_wconf 87' lang='lat' dir='ltr'>dictio</span> <span class='ocrx_word' id='word_1_113' title='bbox 660 1743 858 1797; x_wconf 85' lang='lat' dir='ltr'>existat,</span> <span class='ocrx_word' id='word_1_114' title='bbox 906 1757 1012 1788; x_wconf 92' lang='lat' dir='ltr'>cum</span> <span class='ocrx_word' id='word_1_115' title='bbox 1056 1742 1316 1788; x_wconf 89' lang='lat' dir='ltr'>animarum</span> <span class='ocrx_word' id='word_1_116' title='bbox 1365 1742 1569 1803; x_wconf 86' lang='lat' dir='ltr'>pernicie</span> 
     </span>
     <span class='ocr_line' id='line_1_21' title="bbox 476 1818 1571 1883; baseline -0.003 -16"><span class='ocrx_word' id='word_1_117' title='bbox 476 1820 648 1883; x_wconf 90' lang='lat' dir='ltr'>(quam</span> <span class='ocrx_word' id='word_1_118' title='bbox 682 1822 805 1866; x_wconf 91' lang='lat' dir='ltr'>Deus</span> <span class='ocrx_word' id='word_1_119' title='bbox 839 1819 1098 1881; x_wconf 87' lang='lat' dir='ltr'>avertat!);</span> <span class='ocrx_word' id='word_1_120' title='bbox 1134 1818 1215 1865; x_wconf 88' lang='lat' dir='ltr'>illa</span> <span class='ocrx_word' id='word_1_121' title='bbox 1251 1818 1424 1866; x_wconf 86' lang='lat' dir='ltr'>scilicet</span> <span class='ocrx_word' id='word_1_122' title='bbox 1459 1833 1571 1864; x_wconf 91' lang='lat' dir='ltr'>con-</span> 
     </span>
     <span class='ocr_line' id='line_1_22' title="bbox 473 1896 1570 1958; baseline -0.003 -14"><span class='ocrx_word' id='word_1_123' title='bbox 473 1897 712 1951; x_wconf 89' lang='lat' dir='ltr'>tradictio,</span> <span class='ocrx_word' id='word_1_124' title='bbox 740 1897 789 1943; x_wconf 92' lang='lat' dir='ltr'>in</span> <span class='ocrx_word' id='word_1_125' title='bbox 813 1911 956 1958; x_wconf 90' lang='lat' dir='ltr'>quam</span> <span class='ocrx_word' id='word_1_126' title='bbox 984 1896 1251 1942; x_wconf 82' lang='lat' dir='ltr'>decessores</span> <span class='ocrx_word' id='word_1_127' title='bbox 1276 1896 1570 1957; x_wconf 86' lang='lat' dir='ltr'>maioresque</span> 
     </span>
     <span class='ocr_line' id='line_1_23' title="bbox 474 1973 1571 2036; baseline -0.002 -15"><span class='ocrx_word' id='word_1_128' title='bbox 474 1976 620 2022; x_wconf 86' lang='lat' dir='ltr'>nostri</span> <span class='ocrx_word' id='word_1_129' title='bbox 657 1991 682 2021; x_wconf 87' lang='lat' dir='ltr'>a</span> <span class='ocrx_word' id='word_1_130' title='bbox 714 1976 813 2020; x_wconf 92' lang='lat' dir='ltr'>Deo</span> <span class='ocrx_word' id='word_1_131' title='bbox 847 1973 982 2020; x_wconf 88' lang='lat' dir='ltr'>electi</span> <span class='ocrx_word' id='word_1_132' title='bbox 1018 1974 1322 2036; x_wconf 89' lang='lat' dir='ltr'>imperatores</span> <span class='ocrx_word' id='word_1_133' title='bbox 1360 1974 1571 2019; x_wconf 90' lang='lat' dir='ltr'>incurre-</span> 
     </span>
     <span class='ocr_line' id='line_1_24' title="bbox 473 2050 1570 2114; baseline -0.001 -16"><span class='ocrx_word' id='word_1_134' title='bbox 473 2060 586 2098; x_wconf 91' lang='lat' dir='ltr'>runt</span> <span class='ocrx_word' id='word_1_135' title='bbox 620 2051 857 2114; x_wconf 90' lang='lat' dir='ltr'>(quorum</span> <span class='ocrx_word' id='word_1_136' title='bbox 889 2050 1108 2097; x_wconf 83' lang='lat' dir='ltr'>videlicet</span> <span class='ocrx_word' id='word_1_137' title='bbox 1140 2059 1319 2097; x_wconf 87' lang='lat' dir='ltr'>mentes</span> <span class='ocrx_word' id='word_1_138' title='bbox 1357 2066 1570 2097; x_wconf 90' lang='lat' dir='ltr'>commu-</span> 
     </span>
     <span class='ocr_line' id='line_1_25' title="bbox 473 2126 1569 2191; baseline -0.002 -15"><span class='ocrx_word' id='word_1_139' title='bbox 473 2130 546 2176; x_wconf 87' lang='lat' dir='ltr'>nis</span> <span class='ocrx_word' id='word_1_140' title='bbox 568 2129 712 2176; x_wconf 91' lang='lat' dir='ltr'>hostis</span> <span class='ocrx_word' id='word_1_141' title='bbox 738 2129 945 2191; x_wconf 87' lang='lat' dir='ltr'>decepit,</span> <span class='ocrx_word' id='word_1_142' title='bbox 972 2136 1110 2190; x_wconf 90' lang='lat' dir='ltr'>atque</span> <span class='ocrx_word' id='word_1_143' title='bbox 1136 2127 1195 2174; x_wconf 92' lang='lat' dir='ltr'>ab</span> <span class='ocrx_word' id='word_1_144' title='bbox 1218 2127 1299 2174; x_wconf 90' lang='lat' dir='ltr'>illa</span> <span class='ocrx_word' id='word_1_145' title='bbox 1325 2135 1451 2174; x_wconf 90' lang='lat' dir='ltr'>recta</span> <span class='ocrx_word' id='word_1_146' title='bbox 1476 2126 1569 2174; x_wconf 87' lang='lat' dir='ltr'>fide</span> 
     </span>
     <span class='ocr_line' id='line_1_26' title="bbox 473 2204 1564 2269; baseline -0.004 -15"><span class='ocrx_word' id='word_1_147' title='bbox 473 2207 683 2269; x_wconf 88' lang='lat' dir='ltr'>depulit,</span> <span class='ocrx_word' id='word_1_148' title='bbox 725 2221 867 2268; x_wconf 90' lang='lat' dir='ltr'>super</span> <span class='ocrx_word' id='word_1_149' title='bbox 902 2204 1034 2251; x_wconf 93' lang='lat' dir='ltr'>illam</span> <span class='ocrx_word' id='word_1_150' title='bbox 1077 2213 1256 2267; x_wconf 88' lang='lat' dir='ltr'>petram</span> <span class='ocrx_word' id='word_1_151' title='bbox 1292 2204 1564 2259; x_wconf 88' lang='lat' dir='ltr'>aedificata,</span> 
     </span>
     <span class='ocr_line' id='line_1_27' title="bbox 471 2282 1569 2346; baseline -0.003 -15"><span class='ocrx_word' id='word_1_152' title='bbox 471 2292 633 2331; x_wconf 89' lang='lat' dir='ltr'>contra</span> <span class='ocrx_word' id='word_1_153' title='bbox 666 2299 807 2346; x_wconf 91' lang='lat' dir='ltr'>quam</span> <span class='ocrx_word' id='word_1_154' title='bbox 833 2291 999 2345; x_wconf 89' lang='lat' dir='ltr'>portae</span> <span class='ocrx_word' id='word_1_155' title='bbox 1015 2282 1159 2329; x_wconf 86' lang='lat' dir='ltr'>inferi</span> <span class='ocrx_word' id='word_1_156' title='bbox 1196 2298 1290 2328; x_wconf 92' lang='lat' dir='ltr'>non</span> <span class='ocrx_word' id='word_1_157' title='bbox 1326 2283 1569 2345; x_wconf 89' lang='lat' dir='ltr'>praevale—</span> 
     </span>
     <span class='ocr_line' id='line_1_28' title="bbox 469 2360 1567 2423; baseline -0.001 -15"><span class='ocrx_word' id='word_1_158' title='bbox 469 2361 589 2408; x_wconf 92' lang='lat' dir='ltr'>bunt</span> <span class='ocrx_word' id='word_1_159' title='bbox 622 2377 771 2423; x_wconf 90' lang='lat' dir='ltr'>usque</span> <span class='ocrx_word' id='word_1_160' title='bbox 803 2360 863 2406; x_wconf 87' lang='lat' dir='ltr'>ad</span> <span class='ocrx_word' id='word_1_161' title='bbox 900 2366 1168 2422; x_wconf 83' lang='lat' dir='ltr'>temporum</span> <span class='ocrx_word' id='word_1_162' title='bbox 1204 2361 1567 2407; x_wconf 87' lang='lat' dir='ltr'>consummatio-</span> 
     </span>
     <span class='ocr_line' id='line_1_29' title="bbox 469 2437 1569 2500; baseline -0.001 -15"><span class='ocrx_word' id='word_1_163' title='bbox 469 2438 612 2500; x_wconf 87' lang='lat' dir='ltr'>nem)</span> <span class='ocrx_word' id='word_1_164' title='bbox 649 2439 961 2484; x_wconf 88' lang='lat' dir='ltr'>necessarium</span> <span class='ocrx_word' id='word_1_165' title='bbox 990 2438 1281 2500; x_wconf 89' lang='lat' dir='ltr'>putavimus,</span> <span class='ocrx_word' id='word_1_166' title='bbox 1311 2445 1363 2483; x_wconf 91' lang='lat' dir='ltr'>ut</span> <span class='ocrx_word' id='word_1_167' title='bbox 1394 2438 1443 2483; x_wconf 92' lang='lat' dir='ltr'>in</span> <span class='ocrx_word' id='word_1_168' title='bbox 1478 2437 1569 2484; x_wconf 89' lang='lat' dir='ltr'>hoc</span> 
     </span>
     <span class='ocr_line' id='line_1_30' title="bbox 471 2515 1567 2579; baseline -0.003 -15"><span class='ocrx_word' id='word_1_169' title='bbox 471 2532 643 2579; x_wconf 86' lang='lat' dir='ltr'>magno</span> <span class='ocrx_word' id='word_1_170' title='bbox 663 2525 897 2563; x_wconf 89' lang='lat' dir='ltr'>conventu</span> <span class='ocrx_word' id='word_1_171' title='bbox 912 2551 923 2570; x_wconf 94' lang='lat'>‚</span> <span class='ocrx_word' id='word_1_172' title='bbox 947 2524 1188 2578; x_wconf 83' lang='lat' dir='ltr'>praesente</span> <span class='ocrx_word' id='word_1_173' title='bbox 1212 2515 1356 2562; x_wconf 90' lang='lat' dir='ltr'>Paulo</span> <span class='ocrx_word' id='word_1_174' title='bbox 1381 2524 1567 2562; x_wconf 89' lang='lat' dir='ltr'>nostrae</span> 
     </span>
     <span class='ocr_line' id='line_1_31' title="bbox 471 2594 1567 2656; baseline -0.003 -14"><span class='ocrx_word' id='word_1_175' title='bbox 471 2595 609 2642; x_wconf 91' lang='lat' dir='ltr'>huius</span> <span class='ocrx_word' id='word_1_176' title='bbox 642 2594 1113 2656; x_wconf 90' lang='lat' dir='ltr'>Constantinopoleos</span> <span class='ocrx_word' id='word_1_177' title='bbox 1147 2608 1172 2639; x_wconf 90' lang='lat' dir='ltr'>a</span> <span class='ocrx_word' id='word_1_178' title='bbox 1206 2594 1304 2640; x_wconf 89' lang='lat' dir='ltr'>Deo</span> <span class='ocrx_word' id='word_1_179' title='bbox 1332 2601 1567 2656; x_wconf 88' lang='lat' dir='ltr'>protectae</span> 
     </span>
     <span class='ocr_line' id='line_1_32' title="bbox 469 2670 1567 2736; baseline -0.002 -17"><span class='ocrx_word' id='word_1_180' title='bbox 469 2671 733 2736; x_wconf 88' lang='lat' dir='ltr'>patriarcha</span> <span class='ocrx_word' id='word_1_181' title='bbox 749 2706 760 2726; x_wconf 87' lang='lat'>,</span> <span class='ocrx_word' id='word_1_182' title='bbox 788 2671 984 2734; x_wconf 89' lang='lat' dir='ltr'>epistola</span> <span class='ocrx_word' id='word_1_183' title='bbox 1009 2670 1300 2716; x_wconf 87' lang='lat' dir='ltr'>Paternitatis</span> <span class='ocrx_word' id='word_1_184' title='bbox 1324 2678 1431 2716; x_wconf 87' lang='lat' dir='ltr'>tuae</span> <span class='ocrx_word' id='word_1_185' title='bbox 1456 2685 1567 2732; x_wconf 86' lang='lat' dir='ltr'>cog-</span> 
     </span>
     <span class='ocr_line' id='line_1_33' title="bbox 470 2748 1567 2798; baseline -0.005 0"><span class='ocrx_word' id='word_1_186' title='bbox 470 2759 775 2798; x_wconf 88' lang='lat' dir='ltr'>nosceretur:</span> <span class='ocrx_word' id='word_1_187' title='bbox 822 2749 975 2795; x_wconf 92' lang='lat' dir='ltr'>cuncti</span> <span class='ocrx_word' id='word_1_188' title='bbox 1018 2756 1173 2794; x_wconf 90' lang='lat' dir='ltr'>autem</span> <span class='ocrx_word' id='word_1_189' title='bbox 1207 2748 1414 2793; x_wconf 91' lang='lat' dir='ltr'>unanimi</span> <span class='ocrx_word' id='word_1_190' title='bbox 1454 2754 1567 2794; x_wconf 85' lang='lat' dir='ltr'>voto</span> 
     </span>
     <span class='ocr_line' id='line_1_34' title="bbox 469 2823 1567 2879; baseline -0.004 -6"><span class='ocrx_word' id='word_1_191' title='bbox 469 2826 626 2873; x_wconf 88' lang='lat' dir='ltr'>laetati</span> <span class='ocrx_word' id='word_1_192' title='bbox 650 2841 836 2879; x_wconf 90' lang='lat' dir='ltr'>sumus,</span> <span class='ocrx_word' id='word_1_193' title='bbox 858 2826 1011 2871; x_wconf 85' lang='lat' dir='ltr'>cuncti</span> <span class='ocrx_word' id='word_1_194' title='bbox 1037 2823 1333 2872; x_wconf 90' lang='lat' dir='ltr'>concorditer</span> <span class='ocrx_word' id='word_1_195' title='bbox 1359 2839 1462 2870; x_wconf 91' lang='lat' dir='ltr'>eam</span> <span class='ocrx_word' id='word_1_196' title='bbox 1488 2840 1567 2870; x_wconf 94' lang='lat' dir='ltr'>su-</span> 
     </span>
     <span class='ocr_line' id='line_1_35' title="bbox 470 2901 1560 2966; baseline -0.003 -16"><span class='ocrx_word' id='word_1_197' title='bbox 470 2905 731 2966; x_wconf 89' lang='lat' dir='ltr'>scepimus,</span> <span class='ocrx_word' id='word_1_198' title='bbox 775 2902 1020 2965; x_wconf 90' lang='lat' dir='ltr'>eidemque</span> <span class='ocrx_word' id='word_1_199' title='bbox 1060 2902 1203 2948; x_wconf 81' lang='lat' dir='ltr'>fidem</span> <span class='ocrx_word' id='word_1_200' title='bbox 1244 2901 1560 2948; x_wconf 88' lang='lat' dir='ltr'>adhibuimus.</span> 
     </span>
     <span class='ocr_line' id='line_1_36' title="bbox 470 2976 1566 3028; baseline -0.001 -2"><span class='ocrx_word' id='word_1_201' title='bbox 470 2983 619 3028; x_wconf 91' lang='lat' dir='ltr'>Porro</span> <span class='ocrx_word' id='word_1_202' title='bbox 637 2996 712 3027; x_wconf 89' lang='lat' dir='ltr'>res</span> <span class='ocrx_word' id='word_1_203' title='bbox 730 2976 999 3027; x_wconf 85' lang='lat' dir='ltr'>huiusmodi</span> <span class='ocrx_word' id='word_1_204' title='bbox 1017 2979 1076 3026; x_wconf 90' lang='lat' dir='ltr'>ad</span> <span class='ocrx_word' id='word_1_205' title='bbox 1096 2979 1276 3026; x_wconf 89' lang='lat' dir='ltr'>domini</span> <span class='ocrx_word' id='word_1_206' title='bbox 1295 2979 1441 3025; x_wconf 89' lang='lat' dir='ltr'>nostri</span> <span class='ocrx_word' id='word_1_207' title='bbox 1462 2980 1566 3025; x_wconf 89' lang='lat' dir='ltr'>Iesu</span> 
     </span>
     <span class='ocr_line' id='line_1_37' title="bbox 470 3057 1565 3119; baseline -0.001 -16"><span class='ocrx_word' id='word_1_208' title='bbox 470 3057 638 3104; x_wconf 90' lang='lat' dir='ltr'>Christi</span> <span class='ocrx_word' id='word_1_209' title='bbox 672 3058 869 3119; x_wconf 85' lang='lat' dir='ltr'>gloriam</span> <span class='ocrx_word' id='word_1_210' title='bbox 912 3057 1239 3119; x_wconf 90' lang='lat' dir='ltr'>honoremque</span> <span class='ocrx_word' id='word_1_211' title='bbox 1283 3064 1565 3119; x_wconf 90' lang='lat' dir='ltr'>perpetuum</span> 
     </span>
     <span class='ocr_line' id='line_1_38' title="bbox 471 3135 960 3181; baseline -0.004 0"><span class='ocrx_word' id='word_1_212' title='bbox 471 3135 754 3181; x_wconf 86' lang='lat' dir='ltr'>redundant.</span> <span class='ocrx_word' id='word_1_213' title='bbox 792 3135 960 3180; x_wconf 90' lang='lat' dir='ltr'>Amen.</span> 
     </span>
    </p>

    <p class='ocr_par' dir='ltr' id='par_1_3' title="bbox 473 3210 1567 3656">
     <span class='ocr_line' id='line_1_39' title="bbox 569 3210 1562 3266; baseline -0.002 -8"><span class='ocrx_word' id='word_1_214' title='bbox 569 3215 616 3259; x_wconf 83' lang='lat'>2.</span> <span class='ocrx_word' id='word_1_215' title='bbox 655 3214 722 3258; x_wconf 90' lang='lat' dir='ltr'>De</span> <span class='ocrx_word' id='word_1_216' title='bbox 740 3220 894 3259; x_wconf 87' lang='lat' dir='ltr'>cetero</span> <span class='ocrx_word' id='word_1_217' title='bbox 907 3247 918 3266; x_wconf 95' lang='lat'><strong>‚</strong></span> <span class='ocrx_word' id='word_1_218' title='bbox 941 3227 1028 3258; x_wconf 90' lang='lat' dir='ltr'>nos</span> <span class='ocrx_word' id='word_1_219' title='bbox 1045 3210 1196 3257; x_wconf 86' lang='lat' dir='ltr'>solida</span> <span class='ocrx_word' id='word_1_220' title='bbox 1221 3225 1330 3257; x_wconf 87' lang='lat' dir='ltr'>cum</span> <span class='ocrx_word' id='word_1_221' title='bbox 1348 3211 1538 3257; x_wconf 89' lang='lat' dir='ltr'>caritate</span> <span class='ocrx_word' id='word_1_222' title='bbox 1551 3245 1562 3263; x_wconf 96' lang='lat'>‚</span> 
     </span>
     <span class='ocr_line' id='line_1_40' title="bbox 473 3286 1567 3351; baseline -0.003 -16"><span class='ocrx_word' id='word_1_223' title='bbox 473 3288 656 3335; x_wconf 89' lang='lat' dir='ltr'>caelesti</span> <span class='ocrx_word' id='word_1_224' title='bbox 682 3289 863 3335; x_wconf 87' lang='lat' dir='ltr'>favente</span> <span class='ocrx_word' id='word_1_225' title='bbox 889 3289 1057 3351; x_wconf 85' lang='lat' dir='ltr'>gratia,</span> <span class='ocrx_word' id='word_1_226' title='bbox 1086 3295 1268 3333; x_wconf 89' lang='lat' dir='ltr'>sanctae</span> <span class='ocrx_word' id='word_1_227' title='bbox 1293 3294 1339 3333; x_wconf 90' lang='lat' dir='ltr'>et</span> <span class='ocrx_word' id='word_1_228' title='bbox 1371 3286 1567 3333; x_wconf 90' lang='lat' dir='ltr'>catholi-</span> 
     </span>
     <span class='ocr_line' id='line_1_41' title="bbox 473 3363 1567 3425; baseline -0.002 -15"><span class='ocrx_word' id='word_1_229' title='bbox 473 3379 553 3410; x_wconf 90' lang='lat' dir='ltr'>cae</span> <span class='ocrx_word' id='word_1_230' title='bbox 570 3364 680 3411; x_wconf 88' lang='lat' dir='ltr'>fidei</span> <span class='ocrx_word' id='word_1_231' title='bbox 706 3364 1037 3411; x_wconf 83' lang='lat' dir='ltr'>adhaeremus:</span> <span class='ocrx_word' id='word_1_232' title='bbox 1060 3363 1296 3425; x_wconf 87' lang='lat' dir='ltr'>fraterque</span> <span class='ocrx_word' id='word_1_233' title='bbox 1314 3371 1424 3409; x_wconf 85' lang='lat' dir='ltr'>tuus</span> <span class='ocrx_word' id='word_1_234' title='bbox 1448 3364 1567 3409; x_wconf 83' lang='lat' dir='ltr'>Pau-</span> 
     </span>
     <span class='ocr_line' id='line_1_42' title="bbox 473 3430 1567 3504; baseline 0 -18"><span class='ocrx_word' id='word_1_235' title='bbox 473 3430 555 3486; x_wconf 45' lang='lat' dir='ltr'>lus&#39;</span> <span class='ocrx_word' id='word_1_236' title='bbox 570 3442 694 3487; x_wconf 89' lang='lat' dir='ltr'>misit</span> <span class='ocrx_word' id='word_1_237' title='bbox 717 3441 777 3488; x_wconf 88' lang='lat' dir='ltr'>ad</span> <span class='ocrx_word' id='word_1_238' title='bbox 799 3442 1128 3504; x_wconf 80' lang='lat' dir='ltr'>Paternitatem</span> <span class='ocrx_word' id='word_1_239' title='bbox 1152 3448 1305 3494; x_wconf 87' lang='lat' dir='ltr'>tuam,</span> <span class='ocrx_word' id='word_1_240' title='bbox 1328 3439 1468 3486; x_wconf 92' lang='lat' dir='ltr'>solito</span> <span class='ocrx_word' id='word_1_241' title='bbox 1493 3454 1567 3486; x_wconf 91' lang='lat' dir='ltr'>sa-</span> 
     </span>
     <span class='ocr_line' id='line_1_43' title="bbox 475 3516 1567 3579; baseline -0.002 -16"><span class='ocrx_word' id='word_1_242' title='bbox 475 3517 670 3565; x_wconf 87' lang='lat' dir='ltr'>cerdotii</span> <span class='ocrx_word' id='word_1_243' title='bbox 693 3534 852 3573; x_wconf 89' lang='lat' dir='ltr'>more,</span> <span class='ocrx_word' id='word_1_244' title='bbox 874 3517 1155 3579; x_wconf 85' lang='lat' dir='ltr'>encyclicam</span> <span class='ocrx_word' id='word_1_245' title='bbox 1179 3516 1314 3563; x_wconf 90' lang='lat' dir='ltr'>dictis</span> <span class='ocrx_word' id='word_1_246' title='bbox 1338 3517 1430 3562; x_wconf 89' lang='lat' dir='ltr'>tuis</span> <span class='ocrx_word' id='word_1_247' title='bbox 1454 3530 1567 3562; x_wconf 91' lang='lat' dir='ltr'>con-</span> 
     </span>
     <span class='ocr_line' id='line_1_44' title="bbox 475 3592 1563 3656; baseline 0.001 -18"><span class='ocrx_word' id='word_1_248' title='bbox 475 3592 690 3639; x_wconf 85' lang='lat' dir='ltr'>formem.</span> <span class='ocrx_word' id='word_1_249' title='bbox 728 3595 874 3656; x_wconf 87' lang='lat' dir='ltr'>Igitur</span> <span class='ocrx_word' id='word_1_250' title='bbox 906 3609 991 3641; x_wconf 89' lang='lat' dir='ltr'>nos</span> <span class='ocrx_word' id='word_1_251' title='bbox 1016 3609 1121 3641; x_wconf 91' lang='lat' dir='ltr'>cum</span> <span class='ocrx_word' id='word_1_252' title='bbox 1150 3594 1430 3640; x_wconf 88' lang='lat' dir='ltr'>Paternitate</span> <span class='ocrx_word' id='word_1_253' title='bbox 1461 3600 1563 3646; x_wconf 88' lang='lat' dir='ltr'>tua,</span> 
     </span>
    </p>
   </div>
   <div class='ocr_carea' id='block_1_3' title="bbox 881 264 2340 303">
    <p class='ocr_par' dir='ltr' id='par_1_4' title="bbox 881 264 2340 303">
     <span class='ocr_line' id='line_1_45' title="bbox 881 264 2340 303; baseline 0.005 -7"><span class='ocrx_word' id='word_1_254' title='bbox 881 264 1104 298; x_wconf 83' lang='lat' dir='ltr'><strong>THEODORI</strong></span> <span class='ocrx_word' id='word_1_255' title='bbox 1139 267 1180 297; x_wconf 94' lang='lat'>·1·</span> <span class='ocrx_word' id='word_1_256' title='bbox 1217 266 1286 297; x_wconf 86' lang='lat' dir='ltr'>PP.</span> <span class='ocrx_word' id='word_1_257' title='bbox 1325 266 1379 297; x_wconf 85' lang='lat' dir='ltr'>ET</span> <span class='ocrx_word' id='word_1_258' title='bbox 1412 264 1695 298; x_wconf 78' lang='lat' dir='ltr'>CONSTANTINI</span> <span class='ocrx_word' id='word_1_259' title='bbox 1729 267 1916 300; x_wconf 76' lang='lat' dir='ltr'><strong>HERACL.</strong></span> <span class='ocrx_word' id='word_1_260' title='bbox 1953 268 2050 300; x_wconf 75' lang='lat' dir='ltr'>mr.</span> <span class='ocrx_word' id='word_1_261' title='bbox 2088 270 2340 303; x_wconf 78' lang='lat' dir='ltr'><strong>EPISTOLAE.</strong></span> 
     </span>
    </p>
   </div>
   <div class='ocr_carea' id='block_1_4' title="bbox 1638 353 2742 2961">
    <p class='ocr_par' dir='ltr' id='par_1_5' title="bbox 1646 353 2742 1804">
     <span class='ocr_line' id='line_1_46' title="bbox 1649 353 2739 420; baseline 0.004 -21"><span class='ocrx_word' id='word_1_262' title='bbox 1649 353 1985 417; x_wconf 87' lang='lat' dir='ltr'>praedictoque</span> <span class='ocrx_word' id='word_1_263' title='bbox 2008 358 2292 418; x_wconf 88' lang='lat' dir='ltr'>patriarcha,</span> <span class='ocrx_word' id='word_1_264' title='bbox 2317 367 2455 420; x_wconf 90' lang='lat' dir='ltr'>atque</span> <span class='ocrx_word' id='word_1_265' title='bbox 2480 358 2569 404; x_wconf 91' lang='lat' dir='ltr'>hoc</span> <span class='ocrx_word' id='word_1_266' title='bbox 2593 357 2739 404; x_wconf 87' lang='lat' dir='ltr'>nobili</span> 
     </span>
     <span class='ocr_line' id='line_1_47' title="bbox 1650 431 2740 486; baseline 0.005 -11"><span class='ocrx_word' id='word_1_267' title='bbox 1650 431 1871 477; x_wconf 79' lang='lat' dir='ltr'>universo</span> <span class='ocrx_word' id='word_1_268' title='bbox 1905 441 2166 486; x_wconf 81' lang='lat' dir='ltr'>conventu,</span> <span class='ocrx_word' id='word_1_269' title='bbox 2194 434 2354 481; x_wconf 90' lang='lat' dir='ltr'>salutis</span> <span class='ocrx_word' id='word_1_270' title='bbox 2387 443 2571 482; x_wconf 90' lang='lat' dir='ltr'>nostrae</span> <span class='ocrx_word' id='word_1_271' title='bbox 2606 450 2740 484; x_wconf 86' lang='lat' dir='ltr'>causa</span> 
     </span>
     <span class='ocr_line' id='line_1_48' title="bbox 1650 506 2742 574; baseline 0.004 -21"><span class='ocrx_word' id='word_1_272' title='bbox 1650 506 1880 561; x_wconf 86' lang='lat' dir='ltr'>adunato,</span> <span class='ocrx_word' id='word_1_273' title='bbox 1901 510 2148 570; x_wconf 90' lang='lat' dir='ltr'>cunctique</span> <span class='ocrx_word' id='word_1_274' title='bbox 2172 510 2529 558; x_wconf 89' lang='lat' dir='ltr'>occidentalium</span> <span class='ocrx_word' id='word_1_275' title='bbox 2554 513 2742 574; x_wconf 89' lang='lat' dir='ltr'>provin-</span> 
     </span>
     <span class='ocr_line' id='line_1_49' title="bbox 1649 584 2740 642; baseline 0.005 -12"><span class='ocrx_word' id='word_1_276' title='bbox 1649 584 1853 638; x_wconf 89' lang='lat' dir='ltr'>ciarum,</span> <span class='ocrx_word' id='word_1_277' title='bbox 1883 599 1936 631; x_wconf 90' lang='lat' dir='ltr'>ac</span> <span class='ocrx_word' id='word_1_278' title='bbox 1969 593 2234 632; x_wconf 87' lang='lat' dir='ltr'>nostrarum</span> <span class='ocrx_word' id='word_1_279' title='bbox 2267 586 2459 642; x_wconf 88' lang='lat' dir='ltr'>harum,</span> <span class='ocrx_word' id='word_1_280' title='bbox 2488 589 2740 636; x_wconf 82' lang='lat' dir='ltr'>orthodoxi</span> 
     </span>
     <span class='ocr_line' id='line_1_50' title="bbox 1649 663 2739 728; baseline 0.006 -22"><span class='ocrx_word' id='word_1_281' title='bbox 1649 676 1876 707; x_wconf 91' lang='lat' dir='ltr'>consensu</span> <span class='ocrx_word' id='word_1_282' title='bbox 1911 663 2119 707; x_wconf 88' lang='lat' dir='ltr'>unanimi</span> <span class='ocrx_word' id='word_1_283' title='bbox 2144 668 2333 725; x_wconf 88' lang='lat' dir='ltr'>unoque</span> <span class='ocrx_word' id='word_1_284' title='bbox 2356 679 2438 710; x_wconf 89' lang='lat' dir='ltr'>ore</span> <span class='ocrx_word' id='word_1_285' title='bbox 2462 665 2739 728; x_wconf 87' lang='lat' dir='ltr'>profitemur</span> 
     </span>
     <span class='ocr_line' id='line_1_51' title="bbox 1649 737 2736 802; baseline 0.006 -19"><span class='ocrx_word' id='word_1_286' title='bbox 1649 737 1909 784; x_wconf 86' lang='lat' dir='ltr'>doctrinam</span> <span class='ocrx_word' id='word_1_287' title='bbox 1955 738 2257 793; x_wconf 89' lang='lat' dir='ltr'>huiusmodi,</span> <span class='ocrx_word' id='word_1_288' title='bbox 2293 741 2429 802; x_wconf 86' lang='lat' dir='ltr'>eique</span> <span class='ocrx_word' id='word_1_289' title='bbox 2469 742 2736 795; x_wconf 84' lang='lat' dir='ltr'>credimus:</span> 
     </span>
     <span class='ocr_line' id='line_1_52' title="bbox 1648 806 2739 878; baseline 0.006 -19"><span class='ocrx_word' id='word_1_290' title='bbox 1648 829 1800 876; x_wconf 90' lang='lat' dir='ltr'>neque</span> <span class='ocrx_word' id='word_1_291' title='bbox 1833 806 2039 878; x_wconf 82' lang='lat' dir='ltr'>patimur</span> <span class='ocrx_word' id='word_1_292' title='bbox 2075 816 2219 863; x_wconf 86' lang='lat' dir='ltr'>ullam</span> <span class='ocrx_word' id='word_1_293' title='bbox 2260 819 2454 864; x_wconf 87' lang='lat' dir='ltr'>omnino</span> <span class='ocrx_word' id='word_1_294' title='bbox 2488 821 2739 867; x_wconf 87' lang='lat' dir='ltr'>novitatem</span> 
     </span>
     <span class='ocr_line' id='line_1_53' title="bbox 1649 891 2739 955; baseline 0.006 -18"><span class='ocrx_word' id='word_1_295' title='bbox 1649 891 1991 955; x_wconf 84' lang='lat' dir='ltr'>colluviemque</span> <span class='ocrx_word' id='word_1_296' title='bbox 2021 894 2068 939; x_wconf 89' lang='lat' dir='ltr'>in</span> <span class='ocrx_word' id='word_1_297' title='bbox 2094 894 2215 941; x_wconf 85' lang='lat' dir='ltr'>hanc</span> <span class='ocrx_word' id='word_1_298' title='bbox 2235 895 2489 942; x_wconf 86' lang='lat' dir='ltr'>introduci.</span> <span class='ocrx_word' id='word_1_299' title='bbox 2527 898 2739 954; x_wconf 86' lang='lat' dir='ltr'>Laetetur</span> 
     </span>
     <span class='ocr_line' id='line_1_54' title="bbox 1648 969 2740 1034; baseline 0.005 -20"><span class='ocrx_word' id='word_1_300' title='bbox 1648 984 1761 1030; x_wconf 85' lang='lat' dir='ltr'>ergo</span> <span class='ocrx_word' id='word_1_301' title='bbox 1795 969 2058 1017; x_wconf 88' lang='lat' dir='ltr'>orthodoxa</span> <span class='ocrx_word' id='word_1_302' title='bbox 2087 970 2228 1026; x_wconf 85' lang='lat' dir='ltr'>fides,</span> <span class='ocrx_word' id='word_1_303' title='bbox 2257 971 2433 1018; x_wconf 85' lang='lat' dir='ltr'>exultet</span> <span class='ocrx_word' id='word_1_304' title='bbox 2458 974 2632 1034; x_wconf 86' lang='lat' dir='ltr'>pariter</span> <span class='ocrx_word' id='word_1_305' title='bbox 2664 989 2740 1021; x_wconf 87' lang='lat' dir='ltr'>ca·</span> 
     </span>
     <span class='ocr_line' id='line_1_55' title="bbox 1647 1045 2740 1112; baseline 0.005 -22"><span class='ocrx_word' id='word_1_306' title='bbox 1647 1045 1820 1092; x_wconf 90' lang='lat' dir='ltr'>tholica</span> <span class='ocrx_word' id='word_1_307' title='bbox 1854 1047 2046 1094; x_wconf 83' lang='lat' dir='ltr'>ecclesia</span> <span class='ocrx_word' id='word_1_308' title='bbox 2065 1082 2083 1100; x_wconf 58' lang='lat'>,</span> <span class='ocrx_word' id='word_1_309' title='bbox 2115 1063 2168 1094; x_wconf 89' lang='lat' dir='ltr'>ac</span> <span class='ocrx_word' id='word_1_310' title='bbox 2199 1048 2377 1098; x_wconf 88' lang='lat' dir='ltr'>maiore</span> <span class='ocrx_word' id='word_1_311' title='bbox 2410 1064 2596 1112; x_wconf 87' lang='lat' dir='ltr'>semper</span> <span class='ocrx_word' id='word_1_312' title='bbox 2629 1065 2740 1111; x_wconf 84' lang='lat' dir='ltr'>pace</span> 
     </span>
     <span class='ocr_line' id='line_1_56' title="bbox 1647 1124 2739 1187; baseline 0.004 -19"><span class='ocrx_word' id='word_1_313' title='bbox 1647 1124 1928 1171; x_wconf 89' lang='lat' dir='ltr'>cumuletur.</span> <span class='ocrx_word' id='word_1_314' title='bbox 1965 1126 2061 1170; x_wconf 91' lang='lat' dir='ltr'>Nos</span> <span class='ocrx_word' id='word_1_315' title='bbox 2097 1125 2284 1171; x_wconf 88' lang='lat' dir='ltr'>interim</span> <span class='ocrx_word' id='word_1_316' title='bbox 2319 1125 2368 1170; x_wconf 91' lang='lat' dir='ltr'>in</span> <span class='ocrx_word' id='word_1_317' title='bbox 2401 1133 2504 1171; x_wconf 90' lang='lat' dir='ltr'>toto</span> <span class='ocrx_word' id='word_1_318' title='bbox 2541 1124 2739 1187; x_wconf 84' lang='lat' dir='ltr'>imperio</span> 
     </span>
     <span class='ocr_line' id='line_1_57' title="bbox 1648 1200 2738 1255; baseline 0.003 -9"><span class='ocrx_word' id='word_1_319' title='bbox 1648 1209 1810 1247; x_wconf 89' lang='lat' dir='ltr'>nostro</span> <span class='ocrx_word' id='word_1_320' title='bbox 1850 1201 2158 1255; x_wconf 86' lang='lat' dir='ltr'>mandamus,</span> <span class='ocrx_word' id='word_1_321' title='bbox 2199 1217 2258 1249; x_wconf 90' lang='lat' dir='ltr'>ne</span> <span class='ocrx_word' id='word_1_322' title='bbox 2296 1202 2419 1249; x_wconf 86' lang='lat' dir='ltr'>ullae</span> <span class='ocrx_word' id='word_1_323' title='bbox 2459 1203 2507 1248; x_wconf 94' lang='lat' dir='ltr'>in</span> <span class='ocrx_word' id='word_1_324' title='bbox 2549 1200 2738 1250; x_wconf 86' lang='lat' dir='ltr'>ecclesia</span> 
     </span>
     <span class='ocr_line' id='line_1_58' title="bbox 1648 1277 2738 1342; baseline 0.003 -19"><span class='ocrx_word' id='word_1_325' title='bbox 1648 1279 1875 1324; x_wconf 87' lang='lat' dir='ltr'>novitates</span> <span class='ocrx_word' id='word_1_326' title='bbox 1909 1277 2048 1332; x_wconf 84' lang='lat' dir='ltr'>fiant,</span> <span class='ocrx_word' id='word_1_327' title='bbox 2078 1278 2236 1326; x_wconf 90' lang='lat' dir='ltr'>nullae</span> <span class='ocrx_word' id='word_1_328' title='bbox 2259 1293 2354 1325; x_wconf 92' lang='lat' dir='ltr'>non</span> <span class='ocrx_word' id='word_1_329' title='bbox 2380 1287 2532 1326; x_wconf 86' lang='lat' dir='ltr'>rectae</span> <span class='ocrx_word' id='word_1_330' title='bbox 2555 1280 2738 1342; x_wconf 86' lang='lat' dir='ltr'>opinio-</span> 
     </span>
     <span class='ocr_line' id='line_1_59' title="bbox 1647 1349 2738 1419; baseline 0.003 -19"><span class='ocrx_word' id='word_1_331' title='bbox 1647 1370 1730 1400; x_wconf 89' lang='lat' dir='ltr'>nes</span> <span class='ocrx_word' id='word_1_332' title='bbox 1763 1356 1876 1409; x_wconf 88' lang='lat' dir='ltr'>sint,</span> <span class='ocrx_word' id='word_1_333' title='bbox 1908 1364 2089 1418; x_wconf 89' lang='lat' dir='ltr'>praeter</span> <span class='ocrx_word' id='word_1_334' title='bbox 2120 1356 2175 1402; x_wconf 52' lang='lat' dir='ltr'>id*</span> <span class='ocrx_word' id='word_1_335' title='bbox 2202 1355 2333 1418; x_wconf 90' lang='lat' dir='ltr'>quod</span> <span class='ocrx_word' id='word_1_336' title='bbox 2368 1371 2393 1402; x_wconf 91' lang='lat' dir='ltr'>a</span> <span class='ocrx_word' id='word_1_337' title='bbox 2426 1357 2593 1403; x_wconf 89' lang='lat' dir='ltr'>sanctis</span> <span class='ocrx_word' id='word_1_338' title='bbox 2625 1349 2738 1419; x_wconf 80' lang='lat' dir='ltr'>a&#39;po-</span> 
     </span>
     <span class='ocr_line' id='line_1_60' title="bbox 1646 1431 2741 1495; baseline 0.003 -19"><span class='ocrx_word' id='word_1_339' title='bbox 1646 1431 1777 1478; x_wconf 88' lang='lat' dir='ltr'>stolis</span> <span class='ocrx_word' id='word_1_340' title='bbox 1811 1434 2044 1495; x_wconf 89' lang='lat' dir='ltr'>sacrisque</span> <span class='ocrx_word' id='word_1_341' title='bbox 2079 1433 2289 1481; x_wconf 88' lang='lat' dir='ltr'>conciliis</span> <span class='ocrx_word' id='word_1_342' title='bbox 2313 1432 2539 1480; x_wconf 87' lang='lat' dir='ltr'>traditum</span> <span class='ocrx_word' id='word_1_343' title='bbox 2572 1440 2665 1486; x_wconf 89' lang='lat' dir='ltr'>est,</span> <span class='ocrx_word' id='word_1_344' title='bbox 2694 1440 2741 1479; x_wconf 90' lang='lat' dir='ltr'>et</span> 
     </span>
     <span class='ocr_line' id='line_1_61' title="bbox 1646 1509 2737 1572; baseline 0.001 -17"><span class='ocrx_word' id='word_1_345' title='bbox 1646 1518 1829 1571; x_wconf 88' lang='lat' dir='ltr'>praeter</span> <span class='ocrx_word' id='word_1_346' title='bbox 1851 1509 1901 1556; x_wconf 93' lang='lat' dir='ltr'>id</span> <span class='ocrx_word' id='word_1_347' title='bbox 1925 1510 2057 1572; x_wconf 92' lang='lat' dir='ltr'>quod</span> <span class='ocrx_word' id='word_1_348' title='bbox 2074 1512 2332 1558; x_wconf 70' lang='lat' dir='ltr'>Paternitas,</span> <span class='ocrx_word' id='word_1_349' title='bbox 2350 1518 2453 1565; x_wconf 87' lang='lat' dir='ltr'>tua,</span> <span class='ocrx_word' id='word_1_350' title='bbox 2476 1512 2609 1557; x_wconf 89' lang='lat' dir='ltr'>Pater</span> <span class='ocrx_word' id='word_1_351' title='bbox 2632 1525 2737 1568; x_wconf 87' lang='lat' dir='ltr'>san-</span> 
     </span>
     <span class='ocr_line' id='line_1_62' title="bbox 1646 1586 2738 1650; baseline 0.002 -18"><span class='ocrx_word' id='word_1_352' title='bbox 1646 1595 1739 1641; x_wconf 88' lang='lat' dir='ltr'>cte,</span> <span class='ocrx_word' id='word_1_353' title='bbox 1768 1588 1973 1649; x_wconf 87' lang='lat' dir='ltr'>scripsit:</span> <span class='ocrx_word' id='word_1_354' title='bbox 2000 1604 2087 1635; x_wconf 92' lang='lat' dir='ltr'>nec</span> <span class='ocrx_word' id='word_1_355' title='bbox 2120 1589 2403 1650; x_wconf 52' lang='lat' dir='ltr'>quicquamf</span> <span class='ocrx_word' id='word_1_356' title='bbox 2423 1587 2554 1649; x_wconf 91' lang='lat' dir='ltr'>quod</span> <span class='ocrx_word' id='word_1_357' title='bbox 2579 1586 2638 1635; x_wconf 88' lang='lat' dir='ltr'>ab</span> <span class='ocrx_word' id='word_1_358' title='bbox 2661 1603 2738 1635; x_wconf 88' lang='lat' dir='ltr'>or—</span> 
     </span>
     <span class='ocr_line' id='line_1_63' title="bbox 1646 1663 2738 1727; baseline 0.003 -18"><span class='ocrx_word' id='word_1_359' title='bbox 1646 1663 1867 1711; x_wconf 84' lang='lat' dir='ltr'>thodoxia</span> <span class='ocrx_word' id='word_1_360' title='bbox 1887 1664 2136 1727; x_wconf 88' lang='lat' dir='ltr'>expulsum</span> <span class='ocrx_word' id='word_1_361' title='bbox 2154 1665 2242 1712; x_wconf 89' lang='lat' dir='ltr'>fuit</span> <span class='ocrx_word' id='word_1_362' title='bbox 2255 1700 2266 1719; x_wconf 93' lang='lat'>,</span> <span class='ocrx_word' id='word_1_363' title='bbox 2284 1666 2379 1711; x_wconf 88' lang='lat' dir='ltr'>sive</span> <span class='ocrx_word' id='word_1_364' title='bbox 2396 1663 2624 1712; x_wconf 86' lang='lat' dir='ltr'>vocabula</span> <span class='ocrx_word' id='word_1_365' title='bbox 2642 1665 2738 1712; x_wconf 86' lang='lat' dir='ltr'>sive</span> 
     </span>
     <span class='ocr_line' id='line_1_64' title="bbox 1646 1741 2200 1804; baseline 0.002 -17"><span class='ocrx_word' id='word_1_366' title='bbox 1646 1741 1843 1804; x_wconf 87' lang='lat' dir='ltr'>capitula</span> <span class='ocrx_word' id='word_1_367' title='bbox 1860 1777 1871 1794; x_wconf 85' lang='grc'>,</span> <span class='ocrx_word' id='word_1_368' title='bbox 1899 1742 2200 1789; x_wconf 89' lang='lat' dir='ltr'>admittimus.</span> 
     </span>
    </p>

    <p class='ocr_par' dir='ltr' id='par_1_6' title="bbox 1638 1818 2738 2961">
     <span class='ocr_line' id='line_1_65' title="bbox 1708 1818 2736 1883; baseline 0.002 -19"><span class='ocrx_word' id='word_1_369' title='bbox 1708 1831 1713 1835; x_wconf 84' lang='grc'>’</span> <span class='ocrx_word' id='word_1_370' title='bbox 1742 1819 1789 1865; x_wconf 87' lang='grc'>3.</span> <span class='ocrx_word' id='word_1_371' title='bbox 1827 1819 1950 1883; x_wconf 84' lang='lat' dir='ltr'>Quin</span> <span class='ocrx_word' id='word_1_372' title='bbox 1983 1819 2100 1866; x_wconf 91' lang='lat' dir='ltr'>adeo</span> <span class='ocrx_word' id='word_1_373' title='bbox 2134 1820 2172 1866; x_wconf 91' lang='lat' dir='ltr'>si</span> <span class='ocrx_word' id='word_1_374' title='bbox 2205 1818 2320 1883; x_wconf 92' lang='lat' dir='ltr'>quid</span> <span class='ocrx_word' id='word_1_375' title='bbox 2354 1819 2475 1866; x_wconf 86' lang='lat' dir='ltr'>forte</span> <span class='ocrx_word' id='word_1_376' title='bbox 2509 1818 2637 1866; x_wconf 87' lang='lat' dir='ltr'>haud</span> <span class='ocrx_word' id='word_1_377' title='bbox 2656 1835 2736 1871; x_wconf 53' lang='lat' dir='ltr'>‘re-</span> 
     </span>
     <span class='ocr_line' id='line_1_66' title="bbox 1645 1896 2736 1959; baseline 0.002 -17"><span class='ocrx_word' id='word_1_378' title='bbox 1645 1903 1770 1942; x_wconf 90' lang='lat' dir='ltr'>ctum</span> <span class='ocrx_word' id='word_1_379' title='bbox 1783 1930 1794 1950; x_wconf 93' lang='lat'>,</span> <span class='ocrx_word' id='word_1_380' title='bbox 1812 1904 1858 1942; x_wconf 90' lang='lat' dir='ltr'>et</span> <span class='ocrx_word' id='word_1_381' title='bbox 1876 1905 2141 1943; x_wconf 89' lang='lat' dir='ltr'>sanctorum</span> <span class='ocrx_word' id='word_1_382' title='bbox 2159 1905 2345 1959; x_wconf 89' lang='lat' dir='ltr'>patrum</span> <span class='ocrx_word' id='word_1_383' title='bbox 2363 1896 2604 1944; x_wconf 85' lang='lat' dir='ltr'>doctrinae</span> <span class='ocrx_word' id='word_1_384' title='bbox 2623 1912 2736 1944; x_wconf 92' lang='lat' dir='ltr'>con-</span> 
     </span>
     <span class='ocr_line' id='line_1_67' title="bbox 1644 1974 2738 2037; baseline 0.002 -18"><span class='ocrx_word' id='word_1_385' title='bbox 1644 1975 1840 2020; x_wconf 87' lang='lat' dir='ltr'>trarium</span> <span class='ocrx_word' id='word_1_386' title='bbox 1853 2009 1863 2028; x_wconf 90' lang='lat'><strong>‚</strong></span> <span class='ocrx_word' id='word_1_387' title='bbox 1880 1974 1955 2021; x_wconf 82' lang='lat' dir='ltr'>vel</span> <span class='ocrx_word' id='word_1_388' title='bbox 1976 1974 2169 2021; x_wconf 90' lang='lat' dir='ltr'>alicuius</span> <span class='ocrx_word' id='word_1_389' title='bbox 2189 1975 2482 2037; x_wconf 88' lang='lat' dir='ltr'>imperatoris</span> <span class='ocrx_word' id='word_1_390' title='bbox 2500 1976 2738 2022; x_wconf 88' lang='lat' dir='ltr'>auctorita-</span> 
     </span>
     <span class='ocr_line' id='line_1_68' title="bbox 1643 2050 2736 2115; baseline 0.002 -18"><span class='ocrx_word' id='word_1_391' title='bbox 1643 2059 1712 2105; x_wconf 90' lang='lat' dir='ltr'>te,</span> <span class='ocrx_word' id='word_1_392' title='bbox 1735 2050 1808 2097; x_wconf 82' lang='lat' dir='ltr'>vel</span> <span class='ocrx_word' id='word_1_393' title='bbox 1833 2050 1925 2098; x_wconf 90' lang='lat' dir='ltr'>alio</span> <span class='ocrx_word' id='word_1_394' title='bbox 1943 2051 2088 2098; x_wconf 90' lang='lat' dir='ltr'>modo</span> <span class='ocrx_word' id='word_1_395' title='bbox 2103 2087 2114 2106; x_wconf 93' lang='lat'>,</span> <span class='ocrx_word' id='word_1_396' title='bbox 2136 2050 2456 2115; x_wconf 90' lang='lat' dir='ltr'>superioribus</span> <span class='ocrx_word' id='word_1_397' title='bbox 2475 2052 2606 2097; x_wconf 89' lang='lat' dir='ltr'>annis</span> <span class='ocrx_word' id='word_1_398' title='bbox 2623 2067 2736 2099; x_wconf 91' lang='lat' dir='ltr'>con-</span> 
     </span>
     <span class='ocr_line' id='line_1_69' title="bbox 1643 2127 2735 2190; baseline 0 -16"><span class='ocrx_word' id='word_1_399' title='bbox 1643 2128 1858 2174; x_wconf 91' lang='lat' dir='ltr'>stitutum</span> <span class='ocrx_word' id='word_1_400' title='bbox 1892 2127 2003 2182; x_wconf 86' lang='lat' dir='ltr'>fuit,</span> <span class='ocrx_word' id='word_1_401' title='bbox 2033 2137 2113 2174; x_wconf 91' lang='lat' dir='ltr'>aut</span> <span class='ocrx_word' id='word_1_402' title='bbox 2145 2128 2287 2190; x_wconf 92' lang='lat' dir='ltr'>paulo</span> <span class='ocrx_word' id='word_1_403' title='bbox 2316 2136 2422 2175; x_wconf 90' lang='lat' dir='ltr'>ante</span> <span class='ocrx_word' id='word_1_404' title='bbox 2454 2127 2735 2174; x_wconf 32' lang='lat' dir='ltr'>obitumvfe-</span> 
     </span>
     <span class='ocr_line' id='line_1_70' title="bbox 1643 2204 2735 2268; baseline -0.001 -16"><span class='ocrx_word' id='word_1_405' title='bbox 1643 2205 1757 2252; x_wconf 79' lang='lat' dir='ltr'>licis&#39;</span> <span class='ocrx_word' id='word_1_406' title='bbox 1775 2206 2029 2252; x_wconf 89' lang='lat' dir='ltr'>memoriae</span> <span class='ocrx_word' id='word_1_407' title='bbox 2065 2206 2129 2268; x_wconf 89' lang='lat' dir='ltr'>pii</span> <span class='ocrx_word' id='word_1_408' title='bbox 2154 2205 2465 2266; x_wconf 78' lang='lat' dir='ltr'>Constantini3</span> <span class='ocrx_word' id='word_1_409' title='bbox 2492 2220 2578 2251; x_wconf 91' lang='lat' dir='ltr'>nos</span> <span class='ocrx_word' id='word_1_410' title='bbox 2602 2204 2735 2251; x_wconf 89' lang='lat' dir='ltr'>Chri-</span> 
     </span>
     <span class='ocr_line' id='line_1_71' title="bbox 1641 2280 2734 2344; baseline -0.001 -15"><span class='ocrx_word' id='word_1_411' title='bbox 1641 2284 1699 2329; x_wconf 89' lang='lat' dir='ltr'>sti</span> <span class='ocrx_word' id='word_1_412' title='bbox 1734 2283 1947 2344; x_wconf 85' lang='lat' dir='ltr'>potestati</span> <span class='ocrx_word' id='word_1_413' title='bbox 1982 2281 2317 2344; x_wconf 88' lang='lat' dir='ltr'>obsequentes,</span> <span class='ocrx_word' id='word_1_414' title='bbox 2356 2290 2402 2327; x_wconf 89' lang='lat' dir='ltr'>et</span> <span class='ocrx_word' id='word_1_415' title='bbox 2435 2280 2734 2328; x_wconf 90' lang='lat' dir='ltr'>christianam</span> 
     </span>
     <span class='ocr_line' id='line_1_72' title="bbox 1641 2356 2733 2421; baseline -0.001 -16"><span class='ocrx_word' id='word_1_416' title='bbox 1641 2357 1828 2421; x_wconf 90' lang='lat' dir='ltr'>publice</span> <span class='ocrx_word' id='word_1_417' title='bbox 1860 2356 2003 2405; x_wconf 86' lang='lat' dir='ltr'>vitam</span> <span class='ocrx_word' id='word_1_418' title='bbox 2028 2367 2262 2420; x_wconf 86' lang='lat' dir='ltr'>gerentes,</span> <span class='ocrx_word' id='word_1_419' title='bbox 2292 2359 2331 2404; x_wconf 92' lang='lat' dir='ltr'>si</span> <span class='ocrx_word' id='word_1_420' title='bbox 2354 2357 2470 2419; x_wconf 92' lang='lat' dir='ltr'>quid</span> <span class='ocrx_word' id='word_1_421' title='bbox 2503 2366 2654 2405; x_wconf 88' lang='lat' dir='ltr'>rectae</span> <span class='ocrx_word' id='word_1_422' title='bbox 2680 2357 2733 2404; x_wconf 85' lang='lat' dir='ltr'>fi-</span> 
     </span>
     <span class='ocr_line' id='line_1_73' title="bbox 1642 2434 2735 2498; baseline -0.001 -16"><span class='ocrx_word' id='word_1_423' title='bbox 1642 2436 1717 2483; x_wconf 92' lang='lat' dir='ltr'>dei</span> <span class='ocrx_word' id='word_1_424' title='bbox 1753 2438 2039 2483; x_wconf 90' lang='lat' dir='ltr'>contrarium</span> <span class='ocrx_word' id='word_1_425' title='bbox 2068 2436 2141 2482; x_wconf 91' lang='lat' dir='ltr'>vel</span> <span class='ocrx_word' id='word_1_426' title='bbox 2168 2434 2228 2482; x_wconf 88' lang='lat' dir='ltr'>ab</span> <span class='ocrx_word' id='word_1_427' title='bbox 2253 2436 2563 2498; x_wconf 90' lang='lat' dir='ltr'>imperatore,</span> <span class='ocrx_word' id='word_1_428' title='bbox 2591 2443 2644 2481; x_wconf 90' lang='lat' dir='ltr'>ut</span> <span class='ocrx_word' id='word_1_429' title='bbox 2668 2434 2735 2481; x_wconf 91' lang='lat' dir='ltr'>di·</span> 
     </span>
     <span class='ocr_line' id='line_1_74' title="bbox 1642 2511 2735 2567; baseline -0.001 -7"><span class='ocrx_word' id='word_1_430' title='bbox 1642 2515 1793 2560; x_wconf 88' lang='lat' dir='ltr'>ximus</span> <span class='ocrx_word' id='word_1_431' title='bbox 1807 2549 1818 2567; x_wconf 88' lang='lat'>,</span> <span class='ocrx_word' id='word_1_432' title='bbox 1840 2514 1912 2560; x_wconf 90' lang='lat' dir='ltr'>vel</span> <span class='ocrx_word' id='word_1_433' title='bbox 1934 2513 2242 2560; x_wconf 87' lang='lat' dir='ltr'>irrationabili</span> <span class='ocrx_word' id='word_1_434' title='bbox 2266 2513 2353 2560; x_wconf 89' lang='lat' dir='ltr'>alia</span> <span class='ocrx_word' id='word_1_435' title='bbox 2375 2514 2554 2560; x_wconf 91' lang='lat' dir='ltr'>ratione</span> <span class='ocrx_word' id='word_1_436' title='bbox 2577 2511 2735 2559; x_wconf 89' lang='lat' dir='ltr'>obtru-</span> 
     </span>
     <span class='ocr_line' id='line_1_75' title="bbox 1641 2588 2735 2658; baseline -0.001 -21"><span class='ocrx_word' id='word_1_437' title='bbox 1641 2607 1746 2637; x_wconf 88' lang='lat' dir='ltr'>sum</span> <span class='ocrx_word' id='word_1_438' title='bbox 1769 2591 1877 2651; x_wconf 80' lang='lat' dir='ltr'>fuit3</span> <span class='ocrx_word' id='word_1_439' title='bbox 1904 2605 1991 2637; x_wconf 92' lang='lat' dir='ltr'>nos</span> <span class='ocrx_word' id='word_1_440' title='bbox 2014 2590 2063 2636; x_wconf 91' lang='lat' dir='ltr'>id</span> <span class='ocrx_word' id='word_1_441' title='bbox 2088 2590 2281 2658; x_wconf 84' lang='lat' dir='ltr'>inquam</span> <span class='ocrx_word' id='word_1_442' title='bbox 2305 2588 2548 2637; x_wconf 88' lang='lat' dir='ltr'>abolemus</span> <span class='ocrx_word' id='word_1_443' title='bbox 2563 2624 2574 2644; x_wconf 93' lang='lat'>‚</span> <span class='ocrx_word' id='word_1_444' title='bbox 2597 2597 2735 2652; x_wconf 86' lang='lat' dir='ltr'>atque</span> 
     </span>
     <span class='ocr_line' id='line_1_76' title="bbox 1642 2666 2736 2729; baseline 0 -15"><span class='ocrx_word' id='word_1_445' title='bbox 1642 2667 1701 2714; x_wconf 91' lang='lat' dir='ltr'>ab</span> <span class='ocrx_word' id='word_1_446' title='bbox 1724 2668 1925 2729; x_wconf 90' lang='lat' dir='ltr'>imperio</span> <span class='ocrx_word' id='word_1_447' title='bbox 1949 2673 2113 2713; x_wconf 91' lang='lat' dir='ltr'>nostro</span> <span class='ocrx_word' id='word_1_448' title='bbox 2138 2675 2481 2729; x_wconf 89' lang='lat' dir='ltr'>proterremus,</span> <span class='ocrx_word' id='word_1_449' title='bbox 2503 2682 2588 2714; x_wconf 89' lang='lat' dir='ltr'>ceu</span> <span class='ocrx_word' id='word_1_450' title='bbox 2607 2666 2736 2714; x_wconf 88' lang='lat' dir='ltr'>abie-</span> 
     </span>
     <span class='ocr_line' id='line_1_77' title="bbox 1640 2744 2733 2806; baseline -0.002 -14"><span class='ocrx_word' id='word_1_451' title='bbox 1640 2754 1713 2792; x_wconf 91' lang='lat' dir='ltr'>cta</span> <span class='ocrx_word' id='word_1_452' title='bbox 1745 2745 1938 2797; x_wconf 82' lang='lat' dir='ltr'>zizania3</span> <span class='ocrx_word' id='word_1_453' title='bbox 1975 2744 2272 2806; x_wconf 89' lang='lat' dir='ltr'>districteque</span> <span class='ocrx_word' id='word_1_454' title='bbox 2306 2752 2544 2803; x_wconf 87' lang='lat' dir='ltr'>vetamus,</span> <span class='ocrx_word' id='word_1_455' title='bbox 2582 2758 2733 2806; x_wconf 89' lang='lat' dir='ltr'>nequa</span> 
     </span>
     <span class='ocr_line' id='line_1_78' title="bbox 1638 2808 2734 2884; baseline -0.001 -15"><span class='ocrx_word' id='word_1_456' title='bbox 1638 2824 1687 2869; x_wconf 92' lang='lat' dir='ltr'>in</span> <span class='ocrx_word' id='word_1_457' title='bbox 1714 2822 1785 2869; x_wconf 89' lang='lat' dir='ltr'>his</span> <span class='ocrx_word' id='word_1_458' title='bbox 1810 2823 1868 2869; x_wconf 88' lang='lat' dir='ltr'>sit</span> <span class='ocrx_word' id='word_1_459' title='bbox 1885 2821 2200 2884; x_wconf 87' lang='lat' dir='ltr'>indulgentia:</span> <span class='ocrx_word' id='word_1_460' title='bbox 2222 2823 2331 2884; x_wconf 83' lang='lat' dir='ltr'>quia</span> <span class='ocrx_word' id='word_1_461' title='bbox 2356 2822 2472 2869; x_wconf 89' lang='lat' dir='ltr'>nihil</span> <span class='ocrx_word' id='word_1_462' title='bbox 2498 2808 2734 2868; x_wconf 78' lang='lat' dir='ltr'>‘subintro-</span> 
     </span>
     <span class='ocr_line' id='line_1_79' title="bbox 1640 2898 2734 2961; baseline -0.002 -15"><span class='ocrx_word' id='word_1_463' title='bbox 1640 2900 1834 2946; x_wconf 88' lang='lat' dir='ltr'>ductum</span> <span class='ocrx_word' id='word_1_464' title='bbox 1867 2900 2098 2961; x_wconf 86' lang='lat' dir='ltr'>patimur,</span> <span class='ocrx_word' id='word_1_465' title='bbox 2135 2898 2216 2945; x_wconf 91' lang='lat' dir='ltr'>sed</span> <span class='ocrx_word' id='word_1_466' title='bbox 2250 2899 2491 2946; x_wconf 88' lang='lat' dir='ltr'>ecclesiam</span> <span class='ocrx_word' id='word_1_467' title='bbox 2525 2907 2734 2946; x_wconf 88' lang='lat' dir='ltr'>nostram</span> 
     </span>
    </p>
   </div>
   <div class='ocr_carea' id='block_1_5' title="bbox 1596 2967 2734 3038">
    <p class='ocr_par' dir='ltr' id='par_1_7' title="bbox 1596 2967 2734 3038">
     <span class='ocr_line' id='line_1_80' title="bbox 1596 2967 2734 3038; baseline -0.001 -15"><span class='ocrx_word' id='word_1_468' title='bbox 1596 2984 1604 2991; x_wconf 74' lang='grc'>“’</span> <span class='ocrx_word' id='word_1_469' title='bbox 1640 2977 1915 3024; x_wconf 89' lang='lat' dir='ltr'>catholicam</span> <span class='ocrx_word' id='word_1_470' title='bbox 1950 2975 2140 3038; x_wconf 87' lang='lat' dir='ltr'>pacifice</span> <span class='ocrx_word' id='word_1_471' title='bbox 2170 2978 2328 3038; x_wconf 87' lang='lat' dir='ltr'>augeri</span> <span class='ocrx_word' id='word_1_472' title='bbox 2362 2976 2606 3030; x_wconf 78' lang='lat' dir='ltr'>volumus,</span> <span class='ocrx_word' id='word_1_473' title='bbox 2634 2967 2734 3022; x_wconf 77' lang='lat' dir='ltr'>fru-</span> 
     </span>
    </p>
   </div>
   <div class='ocr_carea' id='block_1_6' title="bbox 1637 3051 2733 3653">
    <p class='ocr_par' dir='ltr' id='par_1_8' title="bbox 1637 3051 2733 3653">
     <span class='ocr_line' id='line_1_81' title="bbox 1639 3051 2733 3116; baseline -0.003 -15"><span class='ocrx_word' id='word_1_474' title='bbox 1639 3063 1833 3116; x_wconf 88' lang='lat' dir='ltr'>ctusque</span> <span class='ocrx_word' id='word_1_475' title='bbox 1866 3054 2055 3100; x_wconf 89' lang='lat' dir='ltr'>unitatis</span> <span class='ocrx_word' id='word_1_476' title='bbox 2089 3054 2378 3115; x_wconf 88' lang='lat' dir='ltr'>germinare,</span> <span class='ocrx_word' id='word_1_477' title='bbox 2406 3052 2457 3098; x_wconf 91' lang='lat' dir='ltr'>id</span> <span class='ocrx_word' id='word_1_478' title='bbox 2492 3061 2562 3099; x_wconf 90' lang='lat' dir='ltr'>est</span> <span class='ocrx_word' id='word_1_479' title='bbox 2594 3051 2733 3099; x_wconf 87' lang='lat' dir='ltr'>soda-</span> 
     </span>
     <span class='ocr_line' id='line_1_82' title="bbox 1638 3129 2731 3182; baseline -0.003 -5"><span class='ocrx_word' id='word_1_480' title='bbox 1638 3131 1815 3177; x_wconf 88' lang='lat' dir='ltr'>litatem</span> <span class='ocrx_word' id='word_1_481' title='bbox 1833 3131 2136 3177; x_wconf 83' lang='lat' dir='ltr'>rectissimam</span> <span class='ocrx_word' id='word_1_482' title='bbox 2149 3164 2160 3182; x_wconf 91' lang='lat'>,</span> <span class='ocrx_word' id='word_1_483' title='bbox 2184 3137 2230 3175; x_wconf 87' lang='lat' dir='ltr'>et</span> <span class='ocrx_word' id='word_1_484' title='bbox 2252 3129 2301 3174; x_wconf 93' lang='lat' dir='ltr'>in</span> <span class='ocrx_word' id='word_1_485' title='bbox 2320 3137 2503 3175; x_wconf 88' lang='lat' dir='ltr'>sanctae</span> <span class='ocrx_word' id='word_1_486' title='bbox 2524 3137 2628 3175; x_wconf 85' lang='lat' dir='ltr'>tuae</span> <span class='ocrx_word' id='word_1_487' title='bbox 2650 3129 2731 3174; x_wconf 83' lang='lat' dir='ltr'>Pa-</span> 
     </span>
     <span class='ocr_line' id='line_1_83' title="bbox 1638 3206 2732 3268; baseline -0.003 -14"><span class='ocrx_word' id='word_1_488' title='bbox 1638 3208 1866 3254; x_wconf 85' lang='lat' dir='ltr'>ternitatis</span> <span class='ocrx_word' id='word_1_489' title='bbox 1888 3207 2100 3253; x_wconf 88' lang='lat' dir='ltr'>doctrina</span> <span class='ocrx_word' id='word_1_490' title='bbox 2126 3207 2533 3268; x_wconf 88' lang='lat' dir='ltr'>perseverantiam.</span> <span class='ocrx_word' id='word_1_491' title='bbox 2558 3206 2625 3251; x_wconf 90' lang='lat' dir='ltr'>Tu</span> <span class='ocrx_word' id='word_1_492' title='bbox 2644 3213 2732 3266; x_wconf 80' lang='lat' dir='ltr'>pro</span> 
     </span>
     <span class='ocr_line' id='line_1_84' title="bbox 1638 3270 2733 3346; baseline -0.004 -15"><span class='ocrx_word' id='word_1_493' title='bbox 1638 3283 1777 3331; x_wconf 91' lang='lat' dir='ltr'>nobis</span> <span class='ocrx_word' id='word_1_494' title='bbox 1809 3299 1916 3336; x_wconf 88' lang='lat' dir='ltr'>ora,</span> <span class='ocrx_word' id='word_1_495' title='bbox 1945 3299 2052 3330; x_wconf 90' lang='lat' dir='ltr'>cum</span> <span class='ocrx_word' id='word_1_496' title='bbox 2089 3298 2248 3346; x_wconf 81' lang='lat' dir='ltr'>preces</span> <span class='ocrx_word' id='word_1_497' title='bbox 2281 3284 2380 3330; x_wconf 87' lang='lat' dir='ltr'>Deo</span> <span class='ocrx_word' id='word_1_498' title='bbox 2414 3282 2583 3338; x_wconf 87' lang='lat' dir='ltr'>offers;</span> <span class='ocrx_word' id='word_1_499' title='bbox 2618 3270 2733 3327; x_wconf 86' lang='lat' dir='ltr'>dum</span> 
     </span>
     <span class='ocr_line' id='line_1_85' title="bbox 1639 3359 2728 3413; baseline -0.002 -6"><span class='ocrx_word' id='word_1_500' title='bbox 1639 3370 1685 3407; x_wconf 89' lang='lat' dir='ltr'>et</span> <span class='ocrx_word' id='word_1_501' title='bbox 1703 3376 1790 3408; x_wconf 91' lang='lat' dir='ltr'>nos</span> <span class='ocrx_word' id='word_1_502' title='bbox 1808 3362 1996 3407; x_wconf 89' lang='lat' dir='ltr'>interim</span> <span class='ocrx_word' id='word_1_503' title='bbox 2016 3362 2192 3407; x_wconf 90' lang='lat' dir='ltr'>cunctis</span> <span class='ocrx_word' id='word_1_504' title='bbox 2211 3360 2417 3407; x_wconf 88' lang='lat' dir='ltr'>indicere</span> <span class='ocrx_word' id='word_1_505' title='bbox 2435 3359 2728 3413; x_wconf 87' lang='lat' dir='ltr'>festinamus,</span> 
     </span>
     <span class='ocr_line' id='line_1_86' title="bbox 1638 3436 2731 3499; baseline -0.002 -16"><span class='ocrx_word' id='word_1_506' title='bbox 1638 3445 1698 3494; x_wconf 23' lang='lat' dir='ltr'>ut,</span> <span class='ocrx_word' id='word_1_507' title='bbox 1723 3439 1874 3484; x_wconf 89' lang='lat' dir='ltr'>Deum</span> <span class='ocrx_word' id='word_1_508' title='bbox 1908 3437 2040 3483; x_wconf 87' lang='lat' dir='ltr'>enixe</span> <span class='ocrx_word' id='word_1_509' title='bbox 2073 3451 2162 3499; x_wconf 91' lang='lat' dir='ltr'>pro</span> <span class='ocrx_word' id='word_1_510' title='bbox 2195 3436 2287 3483; x_wconf 92' lang='lat' dir='ltr'>hoc</span> <span class='ocrx_word' id='word_1_511' title='bbox 2326 3444 2501 3484; x_wconf 53' lang='lat' dir='ltr'>nostro,</span> <span class='ocrx_word' id='word_1_512' title='bbox 2530 3436 2731 3498; x_wconf 91' lang='lat' dir='ltr'>imperio</span> 
     </span>
     <span class='ocr_line' id='line_1_87' title="bbox 1638 3511 2732 3578; baseline 0.001 -19"><span class='ocrx_word' id='word_1_513' title='bbox 1638 3514 1973 3578; x_wconf 88' lang='lat' dir='ltr'>deprecentur,</span> <span class='ocrx_word' id='word_1_514' title='bbox 2001 3518 2097 3575; x_wconf 84' lang='lat' dir='ltr'>quo</span> <span class='ocrx_word' id='word_1_515' title='bbox 2130 3514 2187 3560; x_wconf 88' lang='lat' dir='ltr'>sit</span> <span class='ocrx_word' id='word_1_516' title='bbox 2220 3511 2466 3576; x_wconf 89' lang='lat' dir='ltr'>pacificum</span> <span class='ocrx_word' id='word_1_517' title='bbox 2497 3520 2543 3558; x_wconf 90' lang='lat' dir='ltr'>et</span> <span class='ocrx_word' id='word_1_518' title='bbox 2576 3513 2732 3560; x_wconf 90' lang='lat' dir='ltr'>cuius-</span> 
     </span>
     <span class='ocr_line' id='line_1_88' title="bbox 1637 3590 2434 3653; baseline -0.005 -15"><span class='ocrx_word' id='word_1_519' title='bbox 1637 3591 1716 3638; x_wconf 80' lang='lat' dir='ltr'>vis</span> <span class='ocrx_word' id='word_1_520' title='bbox 1741 3590 2012 3638; x_wconf 86' lang='lat' dir='ltr'>calamitatis</span> <span class='ocrx_word' id='word_1_521' title='bbox 2047 3605 2229 3653; x_wconf 87' lang='lat' dir='ltr'>expers.</span> <span class='ocrx_word' id='word_1_522' title='bbox 2268 3590 2434 3648; x_wconf 83' lang='lat' dir='ltr'>Amen.</span> 
     </span>
    </p>
   </div>
  </div>
 </body>
</html>
