<?xml version="1.0" encoding="UTF-8"?>
<!DOCTYPE html PUBLIC "-//W3C//DTD XHTML 1.0 Transitional//EN"
    "http://www.w3.org/TR/xhtml1/DTD/xhtml1-transitional.dtd">
<html xmlns="http://www.w3.org/1999/xhtml" xml:lang="en" lang="en">
 <head>
  <title>
</title>
<meta http-equiv="Content-Type" content="text/html;charset=utf-8" />
  <meta name='ocr-system' content='tesseract 3.04.00' />
  <meta name='ocr-capabilities' content='ocr_page ocr_carea ocr_par ocr_line ocrx_word'/>
</head>
<body>
  <div class='ocr_page' id='page_1' title='image "./novaepatrumbibli06maiauoft/novaepatrumbibli06maiauoft_0390.png"; bbox 0 0 2970 4420; ppageno 0'>
   <div class='ocr_carea' id='block_1_1' title="bbox 474 250 1811 312">
    <p class='ocr_par' dir='ltr' id='par_1_1' title="bbox 474 250 1811 312">
     <span class='ocr_line' id='line_1_1' title="bbox 474 250 1811 312; baseline -0.004 0"><span class='ocrx_word' id='word_1_1' title='bbox 474 266 564 312; x_wconf 91' lang='grc'><strong>152</strong></span> <span class='ocrx_word' id='word_1_2' title='bbox 1411 250 1562 308; x_wconf 65' lang='lat' dir='ltr'><strong>morus</strong></span> <span class='ocrx_word' id='word_1_3' title='bbox 1595 276 1772 307; x_wconf 69' lang='lat' dir='ltr'><strong>ALLAru</strong></span> <span class='ocrx_word' id='word_1_4' title='bbox 1806 296 1811 298; x_wconf 89' lang='lat'>-</span> 
     </span>
    </p>
   </div>
   <div class='ocr_carea' id='block_1_2' title="bbox 403 361 2799 3889">
    <p class='ocr_par' dir='ltr' id='par_1_2' title="bbox 414 361 2777 2041">
     <span class='ocr_line' id='line_1_2' title="bbox 470 361 2721 427; baseline -0 -17"><span class='ocrx_word' id='word_1_5' title='bbox 470 367 726 427; x_wconf 83' lang='lat' dir='ltr'><strong>imperator</strong></span> <span class='ocrx_word' id='word_1_6' title='bbox 755 363 1099 411; x_wconf 83' lang='lat' dir='ltr'><strong>damnationem</strong></span> <span class='ocrx_word' id='word_1_7' title='bbox 1126 362 1355 410; x_wconf 88' lang='lat' dir='ltr'><strong>Theodori</strong></span> <span class='ocrx_word' id='word_1_8' title='bbox 1385 362 1700 424; x_wconf 84' lang='lat' dir='ltr'><strong>mopsuesteni</strong></span> <span class='ocrx_word' id='word_1_9' title='bbox 1731 361 2084 424; x_wconf 84' lang='lat' dir='ltr'><strong>promulgasset.</strong></span> <span class='ocrx_word' id='word_1_10' title='bbox 2122 364 2427 418; x_wconf 86' lang='lat' dir='ltr'><strong>Iustinianus‚</strong></span> <span class='ocrx_word' id='word_1_11' title='bbox 2459 378 2563 410; x_wconf 81' lang='lat' dir='ltr'><strong>curn</strong></span> <span class='ocrx_word' id='word_1_12' title='bbox 2594 363 2721 410; x_wconf 90' lang='lat' dir='ltr'><strong>Pela-</strong></span> 
     </span>
     <span class='ocr_line' id='line_1_3' title="bbox 470 437 2720 504; baseline -0.001 -16"><span class='ocrx_word' id='word_1_13' title='bbox 470 443 572 504; x_wconf 84' lang='lat' dir='ltr'><strong>gius</strong></span> <span class='ocrx_word' id='word_1_14' title='bbox 607 439 930 503; x_wconf 73' lang='lat' dir='ltr'><strong>apocrisiarius</strong></span> <span class='ocrx_word' id='word_1_15' title='bbox 951 442 1154 496; x_wconf 60' lang='lat' dir='ltr'><strong>·,Romam</strong></span> <span class='ocrx_word' id='word_1_16' title='bbox 1189 445 1459 502; x_wconf 80' lang='lat' dir='ltr'><strong>remeasset,</strong></span> <span class='ocrx_word' id='word_1_17' title='bbox 1486 437 1615 499; x_wconf 90' lang='lat' dir='ltr'><strong>quod</strong></span> <span class='ocrx_word' id='word_1_18' title='bbox 1639 438 1724 484; x_wconf 91' lang='lat' dir='ltr'><strong>illo</strong></span> <span class='ocrx_word' id='word_1_19' title='bbox 1748 439 1988 485; x_wconf 78' lang='lat' dir='ltr'><strong>resistente</strong></span> <span class='ocrx_word' id='word_1_20' title='bbox 2011 441 2202 487; x_wconf 87' lang='lat' dir='ltr'><strong>minime</strong></span> <span class='ocrx_word' id='word_1_21' title='bbox 2228 455 2448 503; x_wconf 88' lang='lat' dir='ltr'><strong>peragere</strong></span> <span class='ocrx_word' id='word_1_22' title='bbox 2472 441 2720 502; x_wconf 85' lang='lat' dir='ltr'><strong>potuisset,</strong></span> 
     </span>
     <span class='ocr_line' id='line_1_4' title="bbox 473 513 2725 579; baseline -0.001 -15"><span class='ocrx_word' id='word_1_23' title='bbox 473 517 715 567; x_wconf 82' lang='lat' dir='ltr'><strong>confestim</strong></span> <span class='ocrx_word' id='word_1_24' title='bbox 750 516 955 579; x_wconf 89' lang='lat' dir='ltr'><strong>impulsu</strong></span> <span class='ocrx_word' id='word_1_25' title='bbox 986 515 1217 562; x_wconf 88' lang='lat' dir='ltr'><strong>Theodori</strong></span> <span class='ocrx_word' id='word_1_26' title='bbox 1253 513 1583 576; x_wconf 86' lang='lat' dir='ltr'><strong>archiepiscopi</strong></span> <span class='ocrx_word' id='word_1_27' title='bbox 1608 514 1862 561; x_wconf 41' lang='lat' dir='ltr'><strong>,Caesareae</strong></span> <span class='ocrx_word' id='word_1_28' title='bbox 1896 514 2098 561; x_wconf 87' lang='lat' dir='ltr'><strong>edictum</strong></span> <span class='ocrx_word' id='word_1_29' title='bbox 2136 515 2357 563; x_wconf 84' lang='lat' dir='ltr'><strong>adversus</strong></span> <span class='ocrx_word' id='word_1_30' title='bbox 2397 518 2484 562; x_wconf 87' lang='lat' dir='ltr'><strong>tria</strong></span> <span class='ocrx_word' id='word_1_31' title='bbox 2525 515 2725 578; x_wconf 88' lang='lat' dir='ltr'><strong>capitula</strong></span> 
     </span>
     <span class='ocr_line' id='line_1_5' title="bbox 472 590 2726 658; baseline -0.002 -17"><span class='ocrx_word' id='word_1_32' title='bbox 472 595 757 658; x_wconf 83' lang='lat' dir='ltr'><strong>promulgat.</strong></span> <span class='ocrx_word' id='word_1_33' title='bbox 797 594 1027 655; x_wconf 77' lang='lat' dir='ltr'><strong>Scriptum</strong></span> <span class='ocrx_word' id='word_1_34' title='bbox 1051 592 1169 638; x_wconf 91' lang='lat' dir='ltr'><strong>illud</strong></span> <span class='ocrx_word' id='word_1_35' title='bbox 1194 599 1517 652; x_wconf 86' lang='lat' dir='ltr'><strong>composuerat</strong></span> <span class='ocrx_word' id='word_1_36' title='bbox 1539 590 1811 637; x_wconf 78' lang='lat' dir='ltr'><strong>Theodorus</strong></span> <span class='ocrx_word' id='word_1_37' title='bbox 1826 626 1837 644; x_wconf 95' lang='lat'>‚</span> <span class='ocrx_word' id='word_1_38' title='bbox 1865 591 1978 637; x_wconf 86' lang='lat' dir='ltr'><strong>dicit</strong></span> <span class='ocrx_word' id='word_1_39' title='bbox 1999 592 2247 646; x_wconf 87' lang='lat' dir='ltr'><strong>Baronius,</strong></span> <span class='ocrx_word' id='word_1_40' title='bbox 2275 594 2416 655; x_wconf 84' lang='lat' dir='ltr'><strong>idque</strong></span> <span class='ocrx_word' id='word_1_41' title='bbox 2441 593 2625 640; x_wconf 86' lang='lat' dir='ltr'><strong>tradere</strong></span> <span class='ocrx_word' id='word_1_42' title='bbox 2648 593 2726 638; x_wconf 89' lang='lat' dir='ltr'><strong>Li-</strong></span> 
     </span>
     <span class='ocr_line' id='line_1_6' title="bbox 471 667 2724 731; baseline -0.001 -14"><span class='ocrx_word' id='word_1_43' title='bbox 471 670 767 729; x_wconf 58' lang='lat' dir='ltr'><strong>beratumjn</strong></span> <span class='ocrx_word' id='word_1_44' title='bbox 802 670 1033 716; x_wconf 78' lang='lat' dir='ltr'><strong>breviario</strong></span> <span class='ocrx_word' id='word_1_45' title='bbox 1064 668 1165 730; x_wconf 84' lang='lat' dir='ltr'><strong>cap..</strong></span> <span class='ocrx_word' id='word_1_46' title='bbox 1194 669 1280 721; x_wconf 62' lang='lat'><strong>24,</strong></span> <span class='ocrx_word' id='word_1_47' title='bbox 1309 676 1356 714; x_wconf 88' lang='lat' dir='ltr'><strong>et</strong></span> <span class='ocrx_word' id='word_1_48' title='bbox 1384 667 1603 729; x_wconf 72' lang='lat' dir='ltr'><strong>vigilium</strong></span> <span class='ocrx_word' id='word_1_49' title='bbox 1638 683 1809 731; x_wconf 89' lang='lat' dir='ltr'><strong>papam</strong></span> <span class='ocrx_word' id='word_1_50' title='bbox 1843 669 1891 714; x_wconf 91' lang='lat' dir='ltr'><strong>in</strong></span> <span class='ocrx_word' id='word_1_51' title='bbox 1923 668 2118 730; x_wconf 86' lang='lat' dir='ltr'><strong>epistola</strong></span> <span class='ocrx_word' id='word_1_52' title='bbox 2147 668 2456 717; x_wconf 86' lang='lat' dir='ltr'><strong>damnationis</strong></span> <span class='ocrx_word' id='word_1_53' title='bbox 2489 669 2724 719; x_wconf 86' lang='lat' dir='ltr'><strong>Theodori</strong></span> 
     </span>
     <span class='ocr_line' id='line_1_7' title="bbox 470 743 2777 810; baseline -0.002 -15"><span class='ocrx_word' id='word_1_54' title='bbox 470 749 766 795; x_wconf 86' lang='lat' dir='ltr'><strong>caesariensis</strong></span> <span class='ocrx_word' id='word_1_55' title='bbox 793 755 951 809; x_wconf 88' lang='lat' dir='ltr'><strong>postea</strong></span> <span class='ocrx_word' id='word_1_56' title='bbox 982 746 1179 808; x_wconf 87' lang='lat' dir='ltr'><strong>prolata.</strong></span> <span class='ocrx_word' id='word_1_57' title='bbox 1217 747 1312 792; x_wconf 91' lang='lat' dir='ltr'><strong>Nec</strong></span> <span class='ocrx_word' id='word_1_58' title='bbox 1334 743 1514 790; x_wconf 89' lang='lat' dir='ltr'><strong>dubitat</strong></span> <span class='ocrx_word' id='word_1_59' title='bbox 1548 743 1794 790; x_wconf 87' lang='lat' dir='ltr'><strong>Facundus</strong></span> <span class='ocrx_word' id='word_1_60' title='bbox 1819 743 1903 790; x_wconf 90' lang='lat' dir='ltr'><strong>lib.</strong></span> <span class='ocrx_word' id='word_1_61' title='bbox 1926 746 1992 791; x_wconf 88' lang='lat' dir='ltr'><strong>Il.</strong></span> <span class='ocrx_word' id='word_1_62' title='bbox 2022 760 2123 807; x_wconf 90' lang='lat' dir='ltr'><strong>cap.</strong></span> <span class='ocrx_word' id='word_1_63' title='bbox 2154 748 2198 792; x_wconf 92' lang='lat'><strong>1.</strong></span> <span class='ocrx_word' id='word_1_64' title='bbox 2236 747 2452 810; x_wconf 81' lang='lat' dir='ltr'><strong>Egerunt</strong></span> <span class='ocrx_word' id='word_1_65' title='bbox 2474 746 2601 809; x_wconf 82' lang='lat' dir='ltr'><strong>enim</strong></span> <span class='ocrx_word' id='word_1_66' title='bbox 2626 746 2729 791; x_wconf 51' lang='lat' dir='ltr'><strong>cal-u</strong></span> <span class='ocrx_word' id='word_1_67' title='bbox 2774 760 2777 764; x_wconf 68' lang='grc'>’</span> 
     </span>
     <span class='ocr_line' id='line_1_8' title="bbox 470 818 2725 889; baseline -0.003 -17"><span class='ocrx_word' id='word_1_68' title='bbox 470 818 564 872; x_wconf 79' lang='lat' dir='ltr'><strong>lide</strong></span> <span class='ocrx_word' id='word_1_69' title='bbox 587 843 679 889; x_wconf 84' lang='lat' dir='ltr'><strong>per</strong></span> <span class='ocrx_word' id='word_1_70' title='bbox 710 842 817 871; x_wconf 88' lang='lat' dir='ltr'><strong>suos</strong></span> <span class='ocrx_word' id='word_1_71' title='bbox 849 822 1117 886; x_wconf 79' lang='lat' dir='ltr'><strong>complices,</strong></span> <span class='ocrx_word' id='word_1_72' title='bbox 1146 821 1268 868; x_wconf 84' lang='lat' dir='ltr'><strong>sicut</strong></span> <span class='ocrx_word' id='word_1_73' title='bbox 1288 822 1436 868; x_wconf 85' lang='lat' dir='ltr'><strong>solent</strong></span> <span class='ocrx_word' id='word_1_74' title='bbox 1461 821 1731 868; x_wconf 73' lang='lat' dir='ltr'><strong>adversarii</strong></span> <span class='ocrx_word' id='word_1_75' title='bbox 1763 821 2001 872; x_wconf 68' lang='lat' dir='ltr'><strong>veritatis,</strong></span> <span class='ocrx_word' id='word_1_76' title='bbox 2031 834 2173 872; x_wconf 84' lang='lat' dir='ltr'><strong>ut.ea</strong></span> <span class='ocrx_word' id='word_1_77' title='bbox 2200 823 2306 887; x_wconf 90' lang='lat' dir='ltr'><strong>ipsa</strong></span> <span class='ocrx_word' id='word_1_78' title='bbox 2329 840 2452 887; x_wconf 85' lang='lat' dir='ltr'><strong>quae</strong></span> <span class='ocrx_word' id='word_1_79' title='bbox 2475 823 2622 870; x_wconf 80' lang='lat' dir='ltr'><strong>scribi</strong></span> <span class='ocrx_word' id='word_1_80' title='bbox 2643 822 2725 885; x_wconf 50' lang='lat' dir='ltr'><strong>se„</strong></span> 
     </span>
     <span class='ocr_line' id='line_1_9' title="bbox 472 899 2726 964; baseline -0.004 -14"><span class='ocrx_word' id='word_1_81' title='bbox 472 916 659 955; x_wconf 83' lang='lat' dir='ltr'><strong>cerunt,</strong></span> <span class='ocrx_word' id='word_1_82' title='bbox 688 902 834 948; x_wconf 88' lang='lat' dir='ltr'><strong>etiam</strong></span> <span class='ocrx_word' id='word_1_83' title='bbox 867 900 1007 946; x_wconf 85' lang='lat' dir='ltr'><strong>titulo</strong></span> <span class='ocrx_word' id='word_1_84' title='bbox 1041 899 1247 946; x_wconf 91' lang='lat' dir='ltr'><strong>nominis</strong></span> <span class='ocrx_word' id='word_1_85' title='bbox 1279 899 1355 945; x_wconf 87' lang='lat' dir='ltr'><strong>tui</strong></span> <span class='ocrx_word' id='word_1_86' title='bbox 1378 910 1806 962; x_wconf 87' lang='lat' dir='ltr'><strong>praenotarentur;</strong></span> <span class='ocrx_word' id='word_1_87' title='bbox 1833 899 2186 950; x_wconf 78' lang='lat' dir='ltr'><strong>existimantes,</strong></span> <span class='ocrx_word' id='word_1_88' title='bbox 2216 900 2344 962; x_wconf 86' lang='lat' dir='ltr'><strong>quod</strong></span> <span class='ocrx_word' id='word_1_89' title='bbox 2364 900 2607 964; x_wconf 87' lang='lat' dir='ltr'><strong>proposito</strong></span> <span class='ocrx_word' id='word_1_90' title='bbox 2633 911 2726 945; x_wconf 54' lang='lat' dir='ltr'><strong>ter«</strong></span> 
     </span>
     <span class='ocr_line' id='line_1_10' title="bbox 472 976 2727 1044; baseline -0.002 -17"><span class='ocrx_word' id='word_1_91' title='bbox 472 977 577 1027; x_wconf 80' lang='lat' dir='ltr'><strong>rore</strong></span> <span class='ocrx_word' id='word_1_92' title='bbox 609 992 735 1026; x_wconf 82' lang='lat' dir='ltr'><strong>tuae</strong></span> <span class='ocrx_word' id='word_1_93' title='bbox 749 994 1004 1044; x_wconf 82' lang='lat' dir='ltr'><strong>personae,</strong></span> <span class='ocrx_word' id='word_1_94' title='bbox 1044 976 1509 1028; x_wconf 81' lang='lat' dir='ltr'><strong>condemnationem,</strong></span> <span class='ocrx_word' id='word_1_95' title='bbox 1550 977 1622 1024; x_wconf 74' lang='lat' dir='ltr'><strong>vel</strong></span> <span class='ocrx_word' id='word_1_96' title='bbox 1653 977 1802 1022; x_wconf 88' lang='lat' dir='ltr'><strong>etiam</strong></span> <span class='ocrx_word' id='word_1_97' title='bbox 1834 977 2172 1024; x_wconf 76' lang='lat' dir='ltr'><strong>convictionem</strong></span> <span class='ocrx_word' id='word_1_98' title='bbox 2210 993 2326 1023; x_wconf 87' lang='lat' dir='ltr'><strong>suae</strong></span> <span class='ocrx_word' id='word_1_99' title='bbox 2363 977 2645 1023; x_wconf 86' lang='lat' dir='ltr'><strong>temeritatis</strong></span> <span class='ocrx_word' id='word_1_100' title='bbox 2682 989 2727 1023; x_wconf 82' lang='lat' dir='ltr'><strong>et</strong></span> 
     </span>
     <span class='ocr_line' id='line_1_11' title="bbox 461 1053 2729 1120; baseline -0.002 -17"><span class='ocrx_word' id='word_1_101' title='bbox 461 1057 710 1120; x_wconf 87' lang='lat' dir='ltr'><strong>salsitatis</strong></span> <span class='ocrx_word' id='word_1_102' title='bbox 743 1058 1019 1119; x_wconf 80' lang='lat' dir='ltr'><strong>effugerent.</strong></span> <span class='ocrx_word' id='word_1_103' title='bbox 1060 1056 1228 1100; x_wconf 81' lang='lat' dir='ltr'><strong>Verum</strong></span> <span class='ocrx_word' id='word_1_104' title='bbox 1263 1070 1347 1100; x_wconf 91' lang='lat' dir='ltr'><strong>nos</strong></span> <span class='ocrx_word' id='word_1_105' title='bbox 1372 1054 1459 1100; x_wconf 89' lang='lat' dir='ltr'><strong>illa</strong></span> <span class='ocrx_word' id='word_1_106' title='bbox 1483 1054 1664 1118; x_wconf 86' lang='lat' dir='ltr'><strong>scripta</strong></span> <span class='ocrx_word' id='word_1_107' title='bbox 1697 1055 1916 1100; x_wconf 84' lang='lat' dir='ltr'><strong>nolumus</strong></span> <span class='ocrx_word' id='word_1_108' title='bbox 1943 1065 2028 1100; x_wconf 87' lang='lat' dir='ltr'><strong>tua</strong></span> <span class='ocrx_word' id='word_1_109' title='bbox 2065 1054 2184 1106; x_wconf 90' lang='lat' dir='ltr'><strong>dici,</strong></span> <span class='ocrx_word' id='word_1_110' title='bbox 2214 1070 2336 1117; x_wconf 87' lang='lat' dir='ltr'><strong>quae</strong></span> <span class='ocrx_word' id='word_1_111' title='bbox 2365 1054 2538 1100; x_wconf 86' lang='lat' dir='ltr'><strong>scimus</strong></span> <span class='ocrx_word' id='word_1_112' title='bbox 2564 1053 2729 1117; x_wconf 68' lang='lat' dir='ltr'><strong>cogni—</strong></span> 
     </span>
     <span class='ocr_line' id='line_1_12' title="bbox 429 1121 2728 1195; baseline -0.003 -14"><span class='ocrx_word' id='word_1_113' title='bbox 429 1191 431 1193; x_wconf 17' lang='lat'>·</span> <span class='ocrx_word' id='word_1_114' title='bbox 472 1134 718 1192; x_wconf 32' lang='lat' dir='ltr'><strong>tae-nobis</strong></span> <span class='ocrx_word' id='word_1_115' title='bbox 743 1145 855 1178; x_wconf 89' lang='lat' dir='ltr'><strong>tuae</strong></span> <span class='ocrx_word' id='word_1_116' title='bbox 878 1132 1004 1193; x_wconf 77' lang='lat' dir='ltr'><strong>fidei</strong></span> <span class='ocrx_word' id='word_1_117' title='bbox 1027 1131 1290 1177; x_wconf 87' lang='lat' dir='ltr'><strong>contraria.</strong></span> <span class='ocrx_word' id='word_1_118' title='bbox 1328 1133 1467 1178; x_wconf 89' lang='lat' dir='ltr'><strong>Notat</strong></span> <span class='ocrx_word' id='word_1_119' title='bbox 1488 1132 1776 1190; x_wconf 86' lang='lat' dir='ltr'><strong>Sirmondus.</strong></span> <span class='ocrx_word' id='word_1_120' title='bbox 1814 1132 1920 1178; x_wconf 87' lang='lat' dir='ltr'><strong>Non</strong></span> <span class='ocrx_word' id='word_1_121' title='bbox 1946 1121 2137 1189; x_wconf 87' lang='lat' dir='ltr'><strong>dubitat</strong></span> <span class='ocrx_word' id='word_1_122' title='bbox 2168 1129 2283 1195; x_wconf 85' lang='lat' dir='ltr'><strong>ergo</strong></span> <span class='ocrx_word' id='word_1_123' title='bbox 2306 1131 2582 1182; x_wconf 81' lang='lat' dir='ltr'><strong>Facundus,</strong></span> <span class='ocrx_word' id='word_1_124' title='bbox 2612 1130 2728 1194; x_wconf 89' lang='lat' dir='ltr'><strong>quin</strong></span> 
     </span>
     <span class='ocr_line' id='line_1_13' title="bbox 474 1208 2728 1272; baseline -0.002 -15"><span class='ocrx_word' id='word_1_125' title='bbox 474 1212 614 1258; x_wconf 72' lang='lat' dir='ltr'><strong>liuius</strong></span> <span class='ocrx_word' id='word_1_126' title='bbox 649 1211 762 1257; x_wconf 83' lang='lat' dir='ltr'><strong>libri</strong></span> <span class='ocrx_word' id='word_1_127' title='bbox 779 1222 953 1255; x_wconf 84' lang='lat' dir='ltr'><strong>auctor</strong></span> <span class='ocrx_word' id='word_1_128' title='bbox 979 1220 1096 1260; x_wconf 79' lang='lat' dir='ltr'><strong>esset</strong></span> <span class='ocrx_word' id='word_1_129' title='bbox 1124 1209 1449 1261; x_wconf 78' lang='lat' dir='ltr'><strong>lastinianus,</strong></span> <span class='ocrx_word' id='word_1_130' title='bbox 1478 1209 1562 1255; x_wconf 88' lang='lat' dir='ltr'><strong>sed</strong></span> <span class='ocrx_word' id='word_1_131' title='bbox 1595 1209 1855 1268; x_wconf 78' lang='lat' dir='ltr'><strong>artificiose</strong></span> <span class='ocrx_word' id='word_1_132' title='bbox 1887 1209 2185 1255; x_wconf 86' lang='lat' dir='ltr'><strong>dissimulat:</strong></span> <span class='ocrx_word' id='word_1_133' title='bbox 2215 1212 2330 1254; x_wconf 89' lang='lat' dir='ltr'><strong>nam</strong></span> <span class='ocrx_word' id='word_1_134' title='bbox 2361 1220 2485 1255; x_wconf 89' lang='lat' dir='ltr'><strong>totus</strong></span> <span class='ocrx_word' id='word_1_135' title='bbox 2512 1208 2728 1272; x_wconf 81' lang='lat' dir='ltr'><strong>deinceps</strong></span> 
     </span>
     <span class='ocr_line' id='line_1_14' title="bbox 475 1285 2728 1350; baseline -0.002 -16"><span class='ocrx_word' id='word_1_136' title='bbox 475 1290 524 1335; x_wconf 92' lang='lat' dir='ltr'><strong>in</strong></span> <span class='ocrx_word' id='word_1_137' title='bbox 559 1289 659 1334; x_wconf 88' lang='lat' dir='ltr'><strong>eius</strong></span> <span class='ocrx_word' id='word_1_138' title='bbox 694 1286 1049 1350; x_wconf 76' lang='lat' dir='ltr'><strong>reprehensione</strong></span> <span class='ocrx_word' id='word_1_139' title='bbox 1083 1286 1363 1334; x_wconf 70' lang='lat' dir='ltr'><strong>versabitur.</strong></span> <span class='ocrx_word' id='word_1_140' title='bbox 1401 1288 1573 1349; x_wconf 84' lang='lat' dir='ltr'><strong>Itaque</strong></span> <span class='ocrx_word' id='word_1_141' title='bbox 1595 1287 1849 1348; x_wconf 79' lang='lat' dir='ltr'><strong>falluntur</strong></span> <span class='ocrx_word' id='word_1_142' title='bbox 1881 1287 1966 1349; x_wconf 84' lang='lat' dir='ltr'><strong>qui</strong></span> <span class='ocrx_word' id='word_1_143' title='bbox 1998 1303 2030 1333; x_wconf 90' lang='lat' dir='ltr'><strong>a</strong></span> <span class='ocrx_word' id='word_1_144' title='bbox 2063 1286 2291 1332; x_wconf 77' lang='lat' dir='ltr'><strong>Fac-undo</strong></span> <span class='ocrx_word' id='word_1_145' title='bbox 2327 1285 2607 1350; x_wconf 81' lang='lat' dir='ltr'><strong>impugnari</strong></span> <span class='ocrx_word' id='word_1_146' title='bbox 2634 1301 2728 1348; x_wconf 53' lang='lat' dir='ltr'><strong>pu„</strong></span> 
     </span>
     <span class='ocr_line' id='line_1_15' title="bbox 473 1360 2730 1448; baseline -0.004 -36"><span class='ocrx_word' id='word_1_147' title='bbox 473 1378 579 1412; x_wconf 83' lang='lat' dir='ltr'><strong>tant</strong></span> <span class='ocrx_word' id='word_1_148' title='bbox 606 1364 840 1416; x_wconf 83' lang='lat' dir='ltr'><strong>edictum,</strong></span> <span class='ocrx_word' id='word_1_149' title='bbox 865 1381 945 1409; x_wconf 92' lang='lat' dir='ltr'><strong>seu</strong></span> <span class='ocrx_word' id='word_1_150' title='bbox 970 1364 1221 1427; x_wconf 78' lang='lat' dir='ltr'><strong>epistolam</strong></span> <span class='ocrx_word' id='word_1_151' title='bbox 1245 1363 1526 1410; x_wconf 79' lang='lat' dir='ltr'><strong>Iustiniani</strong></span> <span class='ocrx_word' id='word_1_152' title='bbox 1569 1364 1628 1409; x_wconf 87' lang='lat' dir='ltr'><strong>Ut</strong></span> <span class='ocrx_word' id='word_1_153' title='bbox 1649 1363 1775 1408; x_wconf 89' lang='lat' dir='ltr'><strong>enim</strong></span> <span class='ocrx_word' id='word_1_154' title='bbox 1805 1363 2026 1409; x_wconf 90' lang='lat' dir='ltr'><strong>omittam</strong></span> <span class='ocrx_word' id='word_1_155' title='bbox 2051 1363 2300 1448; x_wconf 77' lang='lat' dir='ltr'><strong>epistolam</strong></span> <span class='ocrx_word' id='word_1_156' title='bbox 2324 1363 2474 1408; x_wconf 89' lang='lat' dir='ltr'><strong>multo</strong></span> <span class='ocrx_word' id='word_1_157' title='bbox 2494 1373 2606 1425; x_wconf 85' lang='lat' dir='ltr'><strong>post</strong></span> <span class='ocrx_word' id='word_1_158' title='bbox 2628 1360 2730 1414; x_wconf 53' lang='lat' dir='ltr'><strong>edis·</strong></span> 
     </span>
     <span class='ocr_line' id='line_1_16' title="bbox 472 1428 2729 1518; baseline -0.003 -29"><span class='ocrx_word' id='word_1_159' title='bbox 472 1456 574 1489; x_wconf 89' lang='lat' dir='ltr'><strong>tam</strong></span> <span class='ocrx_word' id='word_1_160' title='bbox 595 1441 782 1518; x_wconf 80' lang='lat' dir='ltr'><strong>fuisse:</strong></span> <span class='ocrx_word' id='word_1_161' title='bbox 809 1428 861 1486; x_wconf 85' lang='lat' dir='ltr'><strong>-in</strong></span> <span class='ocrx_word' id='word_1_162' title='bbox 893 1457 951 1486; x_wconf 88' lang='lat' dir='ltr'><strong>ea</strong></span> <span class='ocrx_word' id='word_1_163' title='bbox 985 1452 1108 1486; x_wconf 90' lang='lat' dir='ltr'><strong>certe</strong></span> <span class='ocrx_word' id='word_1_164' title='bbox 1137 1441 1225 1487; x_wconf 89' lang='lat' dir='ltr'><strong>illa</strong></span> <span class='ocrx_word' id='word_1_165' title='bbox 1257 1456 1351 1486; x_wconf 89' lang='lat' dir='ltr'><strong>non</strong></span> <span class='ocrx_word' id='word_1_166' title='bbox 1375 1452 1508 1491; x_wconf 89' lang='lat' dir='ltr'><strong>sunt,</strong></span> <span class='ocrx_word' id='word_1_167' title='bbox 1537 1456 1660 1503; x_wconf 86' lang='lat' dir='ltr'><strong>quae</strong></span> <span class='ocrx_word' id='word_1_168' title='bbox 1688 1441 1942 1486; x_wconf 83' lang='lat' dir='ltr'><strong>Facundus</strong></span> <span class='ocrx_word' id='word_1_169' title='bbox 1958 1441 2144 1504; x_wconf 90' lang='lat' dir='ltr'><strong>passim</strong></span> <span class='ocrx_word' id='word_1_170' title='bbox 2169 1440 2333 1501; x_wconf 86' lang='lat' dir='ltr'><strong>adfert</strong></span> <span class='ocrx_word' id='word_1_171' title='bbox 2358 1456 2422 1484; x_wconf 79' lang='lat' dir='ltr'><strong>eoe</strong></span> <span class='ocrx_word' id='word_1_172' title='bbox 2446 1438 2567 1485; x_wconf 81' lang='lat' dir='ltr'><strong>libro</strong></span> <span class='ocrx_word' id='word_1_173' title='bbox 2592 1453 2729 1501; x_wconf 83' lang='lat' dir='ltr'><strong>quem</strong></span> 
     </span>
     <span class='ocr_line' id='line_1_17' title="bbox 473 1517 2732 1582; baseline -0.003 -16"><span class='ocrx_word' id='word_1_174' title='bbox 473 1519 666 1582; x_wconf 79' lang='lat' dir='ltr'><strong>refellit.</strong></span> <span class='ocrx_word' id='word_1_175' title='bbox 706 1520 937 1581; x_wconf 86' lang='lat' dir='ltr'><strong>Scriptum</strong></span> <span class='ocrx_word' id='word_1_176' title='bbox 961 1527 1030 1564; x_wconf 88' lang='lat' dir='ltr'><strong>est</strong></span> <span class='ocrx_word' id='word_1_177' title='bbox 1053 1518 1189 1565; x_wconf 89' lang='lat' dir='ltr'><strong>valde</strong></span> <span class='ocrx_word' id='word_1_178' title='bbox 1222 1518 1485 1581; x_wconf 81' lang='lat' dir='ltr'><strong>prolixum,</strong></span> <span class='ocrx_word' id='word_1_179' title='bbox 1513 1518 1642 1564; x_wconf 88' lang='lat' dir='ltr'><strong>omni</strong></span> <span class='ocrx_word' id='word_1_180' title='bbox 1675 1517 1915 1565; x_wconf 88' lang='lat' dir='ltr'><strong>doctrinae</strong></span> <span class='ocrx_word' id='word_1_181' title='bbox 1946 1533 2114 1579; x_wconf 87' lang='lat' dir='ltr'><strong>genere</strong></span> <span class='ocrx_word' id='word_1_182' title='bbox 2147 1517 2394 1570; x_wconf 82' lang='lat' dir='ltr'><strong>refertum,</strong></span> <span class='ocrx_word' id='word_1_183' title='bbox 2422 1517 2642 1578; x_wconf 87' lang='lat' dir='ltr'><strong>omnique</strong></span> <span class='ocrx_word' id='word_1_184' title='bbox 2674 1530 2732 1560; x_wconf 84' lang='lat' dir='ltr'><strong>ex</strong></span> 
     </span>
     <span class='ocr_line' id='line_1_18' title="bbox 473 1589 2732 1658; baseline -0.002 -17"><span class='ocrx_word' id='word_1_185' title='bbox 473 1604 604 1658; x_wconf 84' lang='lat' dir='ltr'><strong>parte</strong></span> <span class='ocrx_word' id='word_1_186' title='bbox 638 1604 853 1641; x_wconf 87' lang='lat' dir='ltr'><strong>constans</strong></span> <span class='ocrx_word' id='word_1_187' title='bbox 884 1610 981 1641; x_wconf 89' lang='lat' dir='ltr'><strong>esse</strong></span> <span class='ocrx_word' id='word_1_188' title='bbox 1013 1594 1284 1641; x_wconf 87' lang='lat' dir='ltr'><strong>Theodorus</strong></span> <span class='ocrx_word' id='word_1_189' title='bbox 1315 1595 1488 1649; x_wconf 83' lang='lat' dir='ltr'><strong>voluit,</strong></span> <span class='ocrx_word' id='word_1_190' title='bbox 1518 1595 1685 1650; x_wconf 83' lang='lat' dir='ltr'><strong>additis</strong></span> <span class='ocrx_word' id='word_1_191' title='bbox 1718 1596 1857 1640; x_wconf 89' lang='lat' dir='ltr'><strong>etiam</strong></span> <span class='ocrx_word' id='word_1_192' title='bbox 1891 1594 2110 1640; x_wconf 83' lang='lat' dir='ltr'><strong>adversus</strong></span> <span class='ocrx_word' id='word_1_193' title='bbox 2142 1589 2423 1640; x_wconf 86' lang='lat' dir='ltr'><strong>dissidentes</strong></span> <span class='ocrx_word' id='word_1_194' title='bbox 2448 1592 2732 1654; x_wconf 87' lang='lat' dir='ltr'><strong>quatuorde-</strong></span> 
     </span>
     <span class='ocr_line' id='line_1_19' title="bbox 473 1666 2732 1734; baseline -0.003 -14"><span class='ocrx_word' id='word_1_195' title='bbox 473 1675 564 1720; x_wconf 89' lang='lat' dir='ltr'><strong>cim</strong></span> <span class='ocrx_word' id='word_1_196' title='bbox 598 1673 1005 1718; x_wconf 88' lang='lat' dir='ltr'><strong>anathematismis.</strong></span> <span class='ocrx_word' id='word_1_197' title='bbox 1044 1674 1405 1734; x_wconf 77' lang='lat' dir='ltr'><strong>Notatinsuper</strong></span> <span class='ocrx_word' id='word_1_198' title='bbox 1438 1666 1664 1719; x_wconf 80' lang='lat' dir='ltr'><strong>BarOnius</strong></span> <span class='ocrx_word' id='word_1_199' title='bbox 1697 1672 1756 1717; x_wconf 85' lang='lat' dir='ltr'><strong>ad</strong></span> <span class='ocrx_word' id='word_1_200' title='bbox 1791 1687 1963 1717; x_wconf 85' lang='lat' dir='ltr'><strong>annum</strong></span> <span class='ocrx_word' id='word_1_201' title='bbox 1989 1673 2100 1718; x_wconf 71' lang='lat'><strong>546.</strong></span> <span class='ocrx_word' id='word_1_202' title='bbox 2129 1671 2249 1717; x_wconf 79' lang='lat' dir='ltr'><strong>illud</strong></span> <span class='ocrx_word' id='word_1_203' title='bbox 2284 1669 2371 1716; x_wconf 90' lang='lat' dir='ltr'><strong>sub</strong></span> <span class='ocrx_word' id='word_1_204' title='bbox 2404 1669 2615 1727; x_wconf 85' lang='lat' dir='ltr'><strong>mendaci</strong></span> <span class='ocrx_word' id='word_1_205' title='bbox 2649 1683 2732 1731; x_wconf 89' lang='lat' dir='ltr'><strong>ap-</strong></span> 
     </span>
     <span class='ocr_line' id='line_1_20' title="bbox 473 1746 2732 1813; baseline -0.003 -16"><span class='ocrx_word' id='word_1_206' title='bbox 473 1752 621 1813; x_wconf 88' lang='lat' dir='ltr'><strong>posita</strong></span> <span class='ocrx_word' id='word_1_207' title='bbox 651 1765 675 1795; x_wconf 89' lang='lat' dir='ltr'><strong>a</strong></span> <span class='ocrx_word' id='word_1_208' title='bbox 710 1748 903 1795; x_wconf 89' lang='lat' dir='ltr'><strong>librario</strong></span> <span class='ocrx_word' id='word_1_209' title='bbox 920 1748 986 1795; x_wconf 71' lang='lat' dir='ltr'><strong>&#39;ad</strong></span> <span class='ocrx_word' id='word_1_210' title='bbox 1011 1749 1264 1796; x_wconf 90' lang='lat' dir='ltr'><strong>Iohannem</strong></span> <span class='ocrx_word' id='word_1_211' title='bbox 1299 1764 1468 1812; x_wconf 88' lang='lat' dir='ltr'><strong>papam</strong></span> <span class='ocrx_word' id='word_1_212' title='bbox 1502 1750 1801 1811; x_wconf 85' lang='lat' dir='ltr'><strong>inscriptione</strong></span> <span class='ocrx_word' id='word_1_213' title='bbox 1833 1749 2055 1795; x_wconf 86' lang='lat' dir='ltr'><strong>hactenus</strong></span> <span class='ocrx_word' id='word_1_214' title='bbox 2077 1749 2250 1794; x_wconf 89' lang='lat' dir='ltr'><strong>lectum</strong></span> <span class='ocrx_word' id='word_1_215' title='bbox 2274 1747 2439 1799; x_wconf 86' lang='lat' dir='ltr'><strong>fuisse,</strong></span> <span class='ocrx_word' id='word_1_216' title='bbox 2467 1761 2574 1792; x_wconf 91' lang='lat' dir='ltr'><strong>cum</strong></span> <span class='ocrx_word' id='word_1_217' title='bbox 2598 1760 2654 1791; x_wconf 85' lang='lat' dir='ltr'><strong>ex</strong></span> <span class='ocrx_word' id='word_1_218' title='bbox 2677 1746 2732 1790; x_wconf 85' lang='lat' dir='ltr'><strong>iis</strong></span> 
     </span>
     <span class='ocr_line' id='line_1_21' title="bbox 414 1823 2728 1888; baseline -0.001 -18"><span class='ocrx_word' id='word_1_219' title='bbox 414 1843 416 1845; x_wconf 64' lang='grc'>’</span> <span class='ocrx_word' id='word_1_220' title='bbox 474 1840 592 1886; x_wconf 92' lang='lat' dir='ltr'><strong>quae</strong></span> <span class='ocrx_word' id='word_1_221' title='bbox 621 1826 719 1887; x_wconf 88' lang='lat' dir='ltr'><strong>ipse</strong></span> <span class='ocrx_word' id='word_1_222' title='bbox 745 1833 901 1870; x_wconf 83' lang='lat' dir='ltr'><strong>narrat</strong></span> <span class='ocrx_word' id='word_1_223' title='bbox 933 1825 1113 1885; x_wconf 88' lang='lat' dir='ltr'><strong>liquido</strong></span> <span class='ocrx_word' id='word_1_224' title='bbox 1138 1833 1338 1878; x_wconf 84' lang='lat' dir='ltr'><strong>constet,</strong></span> <span class='ocrx_word' id='word_1_225' title='bbox 1366 1841 1462 1872; x_wconf 90' lang='lat' dir='ltr'><strong>non</strong></span> <span class='ocrx_word' id='word_1_226' title='bbox 1487 1834 1592 1871; x_wconf 91' lang='lat' dir='ltr'><strong>ante</strong></span> <span class='ocrx_word' id='word_1_227' title='bbox 1617 1825 1791 1872; x_wconf 91' lang='lat' dir='ltr'><strong>dictum</strong></span> <span class='ocrx_word' id='word_1_228' title='bbox 1826 1835 2020 1888; x_wconf 90' lang='lat' dir='ltr'><strong>tempus</strong></span> <span class='ocrx_word' id='word_1_229' title='bbox 2039 1826 2242 1887; x_wconf 89' lang='lat' dir='ltr'><strong>potuisse</strong></span> <span class='ocrx_word' id='word_1_230' title='bbox 2266 1840 2364 1871; x_wconf 88' lang='lat' dir='ltr'><strong>esse</strong></span> <span class='ocrx_word' id='word_1_231' title='bbox 2389 1823 2728 1884; x_wconf 81' lang='lat' dir='ltr'><strong>conscriptum,</strong></span> 
     </span>
     <span class='ocr_line' id='line_1_22' title="bbox 474 1897 2728 1965; baseline -0.001 -17"><span class='ocrx_word' id='word_1_232' title='bbox 474 1901 860 1964; x_wconf 87' lang='lat' dir='ltr'><strong>praecedentibus</strong></span> <span class='ocrx_word' id='word_1_233' title='bbox 894 1902 1121 1963; x_wconf 88' lang='lat' dir='ltr'><strong>primum,</strong></span> <span class='ocrx_word' id='word_1_234' title='bbox 1150 1917 1263 1963; x_wconf 86' lang='lat' dir='ltr'><strong>quas</strong></span> <span class='ocrx_word' id='word_1_235' title='bbox 1296 1897 1497 1948; x_wconf 84' lang='lat' dir='ltr'><strong>vidimus</strong></span> <span class='ocrx_word' id='word_1_236' title='bbox 1529 1903 1759 1949; x_wconf 89' lang='lat' dir='ltr'><strong>Theodori</strong></span> <span class='ocrx_word' id='word_1_237' title='bbox 1794 1919 1899 1949; x_wconf 86' lang='lat' dir='ltr'><strong>cum</strong></span> <span class='ocrx_word' id='word_1_238' title='bbox 1934 1903 2117 1965; x_wconf 87' lang='lat' dir='ltr'><strong>Pelagio</strong></span> <span class='ocrx_word' id='word_1_239' title='bbox 2150 1903 2346 1948; x_wconf 91' lang='lat' dir='ltr'><strong>diacono</strong></span> <span class='ocrx_word' id='word_1_240' title='bbox 2380 1899 2728 1950; x_wconf 84' lang='lat' dir='ltr'><strong>controversiis,</strong></span> 
     </span>
     <span class='ocr_line' id='line_1_23' title="bbox 475 1970 1746 2041; baseline -0.001 -16"><span class='ocrx_word' id='word_1_241' title='bbox 475 1995 594 2041; x_wconf 88' lang='lat' dir='ltr'><strong>quae</strong></span> <span class='ocrx_word' id='word_1_242' title='bbox 628 1977 715 2024; x_wconf 86' lang='lat' dir='ltr'><strong>suh</strong></span> <span class='ocrx_word' id='word_1_243' title='bbox 749 1993 867 2040; x_wconf 88' lang='lat' dir='ltr'><strong>papa</strong></span> <span class='ocrx_word' id='word_1_244' title='bbox 902 1978 1068 2039; x_wconf 84' lang='lat' dir='ltr'><strong>vigilio</strong></span> <span class='ocrx_word' id='word_1_245' title='bbox 1102 1972 1149 2024; x_wconf 86' lang='lat' dir='ltr'><strong>et</strong></span> <span class='ocrx_word' id='word_1_246' title='bbox 1181 1994 1274 2024; x_wconf 88' lang='lat' dir='ltr'><strong>non</strong></span> <span class='ocrx_word' id='word_1_247' title='bbox 1310 1979 1402 2025; x_wconf 89' lang='lat' dir='ltr'><strong>alio</strong></span> <span class='ocrx_word' id='word_1_248' title='bbox 1436 1970 1746 2040; x_wconf 78' lang='lat' dir='ltr'><strong>contigerun&#39;t.</strong></span> 
     </span>
    </p>

    <p class='ocr_par' dir='ltr' id='par_1_3' title="bbox 403 2054 2799 3889">
     <span class='ocr_line' id='line_1_24' title="bbox 604 2054 2731 2117; baseline -0.002 -16"><span class='ocrx_word' id='word_1_249' title='bbox 604 2057 862 2101; x_wconf 81' lang='lat' dir='ltr'><strong>LXXXVII.</strong></span> <span class='ocrx_word' id='word_1_250' title='bbox 900 2055 1132 2101; x_wconf 85' lang='lat' dir='ltr'><strong>Theodori</strong></span> <span class='ocrx_word' id='word_1_251' title='bbox 1166 2064 1465 2116; x_wconf 87' lang='lat' dir='ltr'><strong>anagnostae,</strong></span> <span class='ocrx_word' id='word_1_252' title='bbox 1492 2055 1541 2100; x_wconf 92' lang='lat' dir='ltr'><strong>id</strong></span> <span class='ocrx_word' id='word_1_253' title='bbox 1567 2064 1634 2100; x_wconf 90' lang='lat' dir='ltr'><strong>est</strong></span> <span class='ocrx_word' id='word_1_254' title='bbox 1658 2055 1868 2108; x_wconf 85' lang='lat' dir='ltr'><strong>lectoris,</strong></span> <span class='ocrx_word' id='word_1_255' title='bbox 1897 2056 1992 2102; x_wconf 93' lang='lat' dir='ltr'><strong>duo</strong></span> <span class='ocrx_word' id='word_1_256' title='bbox 2025 2055 2132 2102; x_wconf 91' lang='lat' dir='ltr'><strong>libri</strong></span> <span class='ocrx_word' id='word_1_257' title='bbox 2159 2056 2308 2117; x_wconf 85' lang='lat' dir='ltr'><strong>graeci</strong></span> <span class='ocrx_word' id='word_1_258' title='bbox 2342 2054 2731 2100; x_wconf 83' lang='lat' dir='ltr'><strong>collectaneorum</strong></span> 
     </span>
     <span class='ocr_line' id='line_1_25' title="bbox 403 2131 2732 2195; baseline -0.002 -15"><span class='ocrx_word' id='word_1_259' title='bbox 403 2191 405 2194; x_wconf 22' lang='grc' dir='ltr'>Ι</span> <span class='ocrx_word' id='word_1_260' title='bbox 477 2150 532 2180; x_wconf 86' lang='lat' dir='ltr'><strong>ex</strong></span> <span class='ocrx_word' id='word_1_261' title='bbox 565 2133 783 2179; x_wconf 87' lang='lat' dir='ltr'><strong>historiae</strong></span> <span class='ocrx_word' id='word_1_262' title='bbox 816 2133 1145 2180; x_wconf 86' lang='lat' dir='ltr'><strong>ecclesiasticae</strong></span> <span class='ocrx_word' id='word_1_263' title='bbox 1180 2134 1379 2195; x_wconf 87' lang='lat' dir='ltr'><strong>antiquis</strong></span> <span class='ocrx_word' id='word_1_264' title='bbox 1413 2132 1705 2187; x_wconf 89' lang='lat' dir='ltr'><strong>auctoribus,</strong></span> <span class='ocrx_word' id='word_1_265' title='bbox 1732 2135 1912 2180; x_wconf 88' lang='lat' dir='ltr'><strong>Parisiis</strong></span> <span class='ocrx_word' id='word_1_266' title='bbox 1946 2149 1970 2180; x_wconf 86' lang='lat' dir='ltr'><strong>a</strong></span> <span class='ocrx_word' id='word_1_267' title='bbox 2004 2132 2210 2180; x_wconf 87' lang='lat' dir='ltr'><strong>Roberto</strong></span> <span class='ocrx_word' id='word_1_268' title='bbox 2243 2131 2503 2194; x_wconf 84' lang='lat' dir='ltr'><strong>Stephano,</strong></span> <span class='ocrx_word' id='word_1_269' title='bbox 2532 2139 2578 2176; x_wconf 90' lang='lat' dir='ltr'><strong>et</strong></span> <span class='ocrx_word' id='word_1_270' title='bbox 2610 2131 2732 2176; x_wconf 88' lang='lat' dir='ltr'><strong>Basi-</strong></span> 
     </span>
     <span class='ocr_line' id='line_1_26' title="bbox 469 2208 2734 2274; baseline -0 -20"><span class='ocrx_word' id='word_1_271' title='bbox 469 2212 578 2257; x_wconf 85' lang='lat' dir='ltr'><strong>leae</strong></span> <span class='ocrx_word' id='word_1_272' title='bbox 602 2212 650 2256; x_wconf 92' lang='lat' dir='ltr'><strong>in</strong></span> <span class='ocrx_word' id='word_1_273' title='bbox 674 2211 858 2256; x_wconf 84' lang='lat' dir='ltr'><strong>officina</strong></span> <span class='ocrx_word' id='word_1_274' title='bbox 883 2209 1154 2256; x_wconf 85' lang='lat' dir='ltr'><strong>frobeniana</strong></span> <span class='ocrx_word' id='word_1_275' title='bbox 1179 2211 1320 2274; x_wconf 73' lang='lat' dir='ltr'><strong>latine</strong></span> <span class='ocrx_word' id='word_1_276' title='bbox 1343 2210 1628 2272; x_wconf 87' lang='lat' dir='ltr'><strong>Wolfgango</strong></span> <span class='ocrx_word' id='word_1_277' title='bbox 1652 2211 1861 2257; x_wconf 92' lang='lat' dir='ltr'><strong>Musculo</strong></span> <span class='ocrx_word' id='word_1_278' title='bbox 1885 2212 2136 2273; x_wconf 89' lang='lat' dir='ltr'><strong>interprete</strong></span> <span class='ocrx_word' id='word_1_279' title='bbox 2160 2209 2272 2256; x_wconf 90' lang='lat' dir='ltr'><strong>editi</strong></span> <span class='ocrx_word' id='word_1_280' title='bbox 2295 2218 2418 2256; x_wconf 89' lang='lat' dir='ltr'><strong>sunt.</strong></span> <span class='ocrx_word' id='word_1_281' title='bbox 2455 2208 2599 2254; x_wconf 90' lang='lat' dir='ltr'><strong>Addit</strong></span> <span class='ocrx_word' id='word_1_282' title='bbox 2622 2209 2734 2253; x_wconf 89' lang='lat' dir='ltr'><strong>Pos-</strong></span> 
     </span>
     <span class='ocr_line' id='line_1_27' title="bbox 479 2282 2734 2349; baseline -0.002 -15"><span class='ocrx_word' id='word_1_283' title='bbox 479 2285 662 2335; x_wconf 58' lang='lat' dir='ltr'><strong>set-inus</strong></span> <span class='ocrx_word' id='word_1_284' title='bbox 696 2296 850 2333; x_wconf 78' lang='lat' dir='ltr'><strong>extare</strong></span> <span class='ocrx_word' id='word_1_285' title='bbox 883 2288 929 2333; x_wconf 92' lang='lat' dir='ltr'><strong>in</strong></span> <span class='ocrx_word' id='word_1_286' title='bbox 962 2295 1091 2333; x_wconf 90' lang='lat' dir='ltr'><strong>tomo</strong></span> <span class='ocrx_word' id='word_1_287' title='bbox 1114 2282 1219 2333; x_wconf 83' lang='lat' dir='ltr'><strong>V11.&#39;</strong></span> <span class='ocrx_word' id='word_1_288' title='bbox 1241 2286 1551 2334; x_wconf 81' lang='lat' dir='ltr'><strong>bibliothecae</strong></span> <span class='ocrx_word' id='word_1_289' title='bbox 1584 2297 1794 2334; x_wconf 88' lang='lat' dir='ltr'><strong>veterum</strong></span> <span class='ocrx_word' id='word_1_290' title='bbox 1826 2289 2014 2334; x_wconf 87' lang='lat' dir='ltr'><strong>Patrum</strong></span> <span class='ocrx_word' id='word_1_291' title='bbox 2036 2288 2227 2349; x_wconf 64' lang='lat' dir='ltr'><strong>,Bignaei</strong></span> <span class='ocrx_word' id='word_1_292' title='bbox 2260 2286 2372 2332; x_wconf 91' lang='lat' dir='ltr'><strong>edit.</strong></span> <span class='ocrx_word' id='word_1_293' title='bbox 2400 2288 2447 2331; x_wconf 94' lang='grc'><strong>2.</strong></span> <span class='ocrx_word' id='word_1_294' title='bbox 2483 2287 2598 2331; x_wconf 89' lang='lat' dir='ltr'><strong>Tum</strong></span> <span class='ocrx_word' id='word_1_295' title='bbox 2629 2299 2734 2330; x_wconf 91' lang='lat' dir='ltr'><strong>mo-</strong></span> 
     </span>
     <span class='ocr_line' id='line_1_28' title="bbox 478 2350 2799 2428; baseline -0.002 -16"><span class='ocrx_word' id='word_1_296' title='bbox 478 2374 579 2412; x_wconf 86' lang='lat' dir='ltr'><strong>net:</strong></span> <span class='ocrx_word' id='word_1_297' title='bbox 617 2351 669 2410; x_wconf 73' lang='lat' dir='ltr'><strong>at</strong></span> <span class='ocrx_word' id='word_1_298' title='bbox 694 2381 808 2427; x_wconf 86' lang='lat' dir='ltr'><strong>quos</strong></span> <span class='ocrx_word' id='word_1_299' title='bbox 839 2364 1160 2428; x_wconf 73' lang='lat' dir='ltr'><strong>wolfgangus</strong></span> <span class='ocrx_word' id='word_1_300' title='bbox 1192 2365 1453 2415; x_wconf 77' lang='lat' dir='ltr'><strong>Masculus,</strong></span> <span class='ocrx_word' id='word_1_301' title='bbox 1487 2365 1537 2410; x_wconf 88' lang='lat' dir='ltr'><strong>in</strong></span> <span class='ocrx_word' id='word_1_302' title='bbox 1563 2365 1728 2428; x_wconf 84' lang='lat' dir='ltr'><strong>prima</strong></span> <span class='ocrx_word' id='word_1_303' title='bbox 1763 2366 1911 2411; x_wconf 90' lang='lat' dir='ltr'><strong>classe</strong></span> <span class='ocrx_word' id='word_1_304' title='bbox 1946 2365 1996 2410; x_wconf 90' lang='lat' dir='ltr'><strong>in</strong></span> <span class='ocrx_word' id='word_1_305' title='bbox 2032 2380 2230 2410; x_wconf 89' lang='lat' dir='ltr'><strong>romano</strong></span> <span class='ocrx_word' id='word_1_306' title='bbox 2255 2363 2409 2409; x_wconf 88' lang='lat' dir='ltr'><strong>indice</strong></span> <span class='ocrx_word' id='word_1_307' title='bbox 2439 2360 2729 2425; x_wconf 83' lang='lat' dir='ltr'><strong>prohibitus,</strong></span> <span class='ocrx_word' id='word_1_308' title='bbox 2795 2350 2799 2362; x_wconf 55' lang='lat'>¹</span> 
     </span>
     <span class='ocr_line' id='line_1_29' title="bbox 480 2437 2734 2504; baseline -0.002 -17"><span class='ocrx_word' id='word_1_309' title='bbox 480 2442 748 2491; x_wconf 81' lang='lat' dir='ltr'><strong>transtulit,</strong></span> <span class='ocrx_word' id='word_1_310' title='bbox 781 2440 835 2486; x_wconf 76' lang='lat' dir='ltr'><strong>hi</strong></span> <span class='ocrx_word' id='word_1_311' title='bbox 857 2437 1188 2503; x_wconf 82' lang='lat' dir='ltr'><strong>circumspecte</strong></span> <span class='ocrx_word' id='word_1_312' title='bbox 1213 2441 1403 2504; x_wconf 79' lang='lat' dir='ltr'><strong>legendi</strong></span> <span class='ocrx_word' id='word_1_313' title='bbox 1427 2453 1557 2491; x_wconf 92' lang='lat' dir='ltr'><strong>sunt,</strong></span> <span class='ocrx_word' id='word_1_314' title='bbox 1587 2441 1645 2486; x_wconf 88' lang='lat' dir='ltr'><strong>ob</strong></span> <span class='ocrx_word' id='word_1_315' title='bbox 1673 2456 1730 2487; x_wconf 90' lang='lat' dir='ltr'><strong>ea</strong></span> <span class='ocrx_word' id='word_1_316' title='bbox 1755 2457 1877 2504; x_wconf 76' lang='lat' dir='ltr'><strong>quac</strong></span> <span class='ocrx_word' id='word_1_317' title='bbox 1899 2439 2116 2486; x_wconf 75' lang='lat' dir='ltr'><strong>diximus</strong></span> <span class='ocrx_word' id='word_1_318' title='bbox 2141 2440 2199 2486; x_wconf 88' lang='lat' dir='ltr'><strong>de</strong></span> <span class='ocrx_word' id='word_1_319' title='bbox 2224 2440 2305 2486; x_wconf 90' lang='lat' dir='ltr'><strong>illo</strong></span> <span class='ocrx_word' id='word_1_320' title='bbox 2331 2440 2381 2484; x_wconf 86' lang='lat' dir='ltr'><strong>in</strong></span> <span class='ocrx_word' id='word_1_321' title='bbox 2410 2438 2544 2485; x_wconf 72' lang='lat' dir='ltr'><strong>verbo</strong></span> <span class='ocrx_word' id='word_1_322' title='bbox 2566 2438 2734 2483; x_wconf 86' lang='lat' dir='ltr'><strong>Socra-</strong></span> 
     </span>
     <span class='ocr_line' id='line_1_30' title="bbox 479 2514 2730 2580; baseline -0.002 -17"><span class='ocrx_word' id='word_1_323' title='bbox 479 2530 567 2569; x_wconf 82' lang='lat' dir='ltr'><strong>tes,</strong></span> <span class='ocrx_word' id='word_1_324' title='bbox 598 2530 642 2563; x_wconf 85' lang='lat' dir='ltr'><strong>et</strong></span> <span class='ocrx_word' id='word_1_325' title='bbox 671 2518 720 2563; x_wconf 90' lang='lat' dir='ltr'><strong>in</strong></span> <span class='ocrx_word' id='word_1_326' title='bbox 749 2517 884 2564; x_wconf 66' lang='lat' dir='ltr'><strong>verbo</strong></span> <span class='ocrx_word' id='word_1_327' title='bbox 907 2519 1206 2565; x_wconf 74' lang='lat' dir='ltr'><strong>Sozomenus.</strong></span> <span class='ocrx_word' id='word_1_328' title='bbox 1235 2517 1449 2579; x_wconf 88' lang='lat' dir='ltr'><strong>Editique</strong></span> <span class='ocrx_word' id='word_1_329' title='bbox 1473 2527 1709 2580; x_wconf 88' lang='lat' dir='ltr'><strong>praeterae</strong></span> <span class='ocrx_word' id='word_1_330' title='bbox 1733 2526 1838 2564; x_wconf 91' lang='lat' dir='ltr'><strong>sunt</strong></span> <span class='ocrx_word' id='word_1_331' title='bbox 1863 2514 2082 2564; x_wconf 87' lang='lat' dir='ltr'><strong>Coloniae</strong></span> <span class='ocrx_word' id='word_1_332' title='bbox 2104 2516 2416 2577; x_wconf 85' lang='lat' dir='ltr'><strong>Allobrogum</strong></span> <span class='ocrx_word' id='word_1_333' title='bbox 2439 2530 2562 2561; x_wconf 89' lang='lat' dir='ltr'><strong>anno</strong></span> <span class='ocrx_word' id='word_1_334' title='bbox 2585 2516 2730 2566; x_wconf 75' lang='lat'><strong>1612,</strong></span> 
     </span>
     <span class='ocr_line' id='line_1_31' title="bbox 482 2585 2743 2657; baseline 0 -18"><span class='ocrx_word' id='word_1_335' title='bbox 482 2610 578 2640; x_wconf 88' lang='lat' dir='ltr'><strong>non</strong></span> <span class='ocrx_word' id='word_1_336' title='bbox 624 2596 720 2641; x_wconf 91' lang='lat' dir='ltr'><strong>sine</strong></span> <span class='ocrx_word' id='word_1_337' title='bbox 763 2595 925 2641; x_wconf 88' lang='lat' dir='ltr'><strong>eadem</strong></span> <span class='ocrx_word' id='word_1_338' title='bbox 966 2594 1160 2640; x_wconf 90' lang='lat' dir='ltr'><strong>Musculi</strong></span> <span class='ocrx_word' id='word_1_339' title='bbox 1200 2593 1607 2657; x_wconf 85' lang='lat' dir='ltr'><strong>interpretatione,</strong></span> <span class='ocrx_word' id='word_1_340' title='bbox 1648 2596 1695 2640; x_wconf 90' lang='lat' dir='ltr'><strong>in</strong></span> <span class='ocrx_word' id='word_1_341' title='bbox 1737 2585 1991 2641; x_wconf 51' lang='lat' dir='ltr'><strong>folio&#39;cum</strong></span> <span class='ocrx_word' id='word_1_342' title='bbox 2025 2594 2126 2641; x_wconf 88' lang='lat' dir='ltr'><strong>aliis</strong></span> <span class='ocrx_word' id='word_1_343' title='bbox 2162 2593 2476 2647; x_wconf 84' lang='lat' dir='ltr'><strong>ecclesiasticis</strong></span> <span class='ocrx_word' id='word_1_344' title='bbox 2509 2592 2743 2640; x_wconf 84' lang='lat' dir='ltr'><strong>historiis..</strong></span> 
     </span>
     <span class='ocr_line' id='line_1_32' title="bbox 480 2666 2737 2734; baseline -0.002 -18"><span class='ocrx_word' id='word_1_345' title='bbox 480 2672 667 2717; x_wconf 84' lang='lat' dir='ltr'><strong>Vossius</strong></span> <span class='ocrx_word' id='word_1_346' title='bbox 693 2671 752 2717; x_wconf 94' lang='lat' dir='ltr'><strong>de</strong></span> <span class='ocrx_word' id='word_1_347' title='bbox 777 2672 1005 2717; x_wconf 88' lang='lat' dir='ltr'><strong>historicis</strong></span> <span class='ocrx_word' id='word_1_348' title='bbox 1030 2671 1204 2731; x_wconf 87' lang='lat' dir='ltr'><strong>graecis</strong></span> <span class='ocrx_word' id='word_1_349' title='bbox 1238 2670 1320 2716; x_wconf 90' lang='lat' dir='ltr'><strong>lib.</strong></span> <span class='ocrx_word' id='word_1_350' title='bbox 1350 2672 1408 2717; x_wconf 91' lang='lat' dir='ltr'><strong>II.</strong></span> <span class='ocrx_word' id='word_1_351' title='bbox 1437 2687 1540 2733; x_wconf 89' lang='lat' dir='ltr'><strong>cap.</strong></span> <span class='ocrx_word' id='word_1_352' title='bbox 1569 2674 1649 2718; x_wconf 87' lang='grc'><strong>22.</strong></span> <span class='ocrx_word' id='word_1_353' title='bbox 1687 2670 1895 2734; x_wconf 84' lang='lat' dir='ltr'><strong>Reliquit</strong></span> <span class='ocrx_word' id='word_1_354' title='bbox 1925 2671 2043 2730; x_wconf 87' lang='lat' dir='ltr'><strong>duos</strong></span> <span class='ocrx_word' id='word_1_355' title='bbox 2069 2670 2215 2717; x_wconf 86' lang='lat' dir='ltr'><strong>libros</strong></span> <span class='ocrx_word' id='word_1_356' title='bbox 2240 2670 2641 2716; x_wconf 74' lang='lat' dir='ltr'><strong>collectaneorum-</strong></span> <span class='ocrx_word' id='word_1_357' title='bbox 2660 2666 2737 2712; x_wconf 79' lang='lat' dir='ltr'><strong>Izi-</strong></span> 
     </span>
     <span class='ocr_line' id='line_1_33' title="bbox 481 2745 2737 2810; baseline -0.002 -17"><span class='ocrx_word' id='word_1_358' title='bbox 481 2748 657 2806; x_wconf 81' lang='lat' dir='ltr'><strong>storiae</strong></span> <span class='ocrx_word' id='word_1_359' title='bbox 693 2747 1054 2797; x_wconf 87' lang='lat' dir='ltr'><strong>ecclesiasticae.</strong></span> <span class='ocrx_word' id='word_1_360' title='bbox 1092 2747 1272 2810; x_wconf 84' lang='lat' dir='ltr'><strong>Incipit</strong></span> <span class='ocrx_word' id='word_1_361' title='bbox 1300 2759 1460 2798; x_wconf 86' lang='lat' dir='ltr'><strong>autem</strong></span> <span class='ocrx_word' id='word_1_362' title='bbox 1486 2763 1517 2794; x_wconf 91' lang='lat' dir='ltr'><strong>a</strong></span> <span class='ocrx_word' id='word_1_363' title='bbox 1541 2760 1691 2794; x_wconf 87' lang='lat' dir='ltr'><strong>morte</strong></span> <span class='ocrx_word' id='word_1_364' title='bbox 1725 2747 1971 2794; x_wconf 79' lang='lat' dir='ltr'><strong>Theodosii</strong></span> <span class='ocrx_word' id='word_1_365' title='bbox 1993 2747 2219 2798; x_wconf 86' lang='lat' dir='ltr'><strong>iunioris,</strong></span> <span class='ocrx_word' id='word_1_366' title='bbox 2256 2762 2315 2792; x_wconf 90' lang='lat' dir='ltr'><strong>ac</strong></span> <span class='ocrx_word' id='word_1_367' title='bbox 2336 2745 2509 2792; x_wconf 84' lang='lat' dir='ltr'><strong>desinit</strong></span> <span class='ocrx_word' id='word_1_368' title='bbox 2542 2745 2593 2790; x_wconf 90' lang='lat' dir='ltr'><strong>in</strong></span> <span class='ocrx_word' id='word_1_369' title='bbox 2619 2755 2737 2790; x_wconf 85' lang='lat' dir='ltr'><strong>tem—</strong></span> 
     </span>
     <span class='ocr_line' id='line_1_34' title="bbox 478 2816 2740 2888; baseline -0.001 -18"><span class='ocrx_word' id='word_1_370' title='bbox 478 2824 674 2887; x_wconf 82' lang='lat' dir='ltr'><strong>poribus</strong></span> <span class='ocrx_word' id='word_1_371' title='bbox 710 2824 890 2871; x_wconf 89' lang='lat' dir='ltr'><strong>Iustini</strong></span> <span class='ocrx_word' id='word_1_372' title='bbox 921 2824 1007 2887; x_wconf 86' lang='lat' dir='ltr'><strong>qui</strong></span> <span class='ocrx_word' id='word_1_373' title='bbox 1040 2824 1276 2888; x_wconf 86' lang='lat' dir='ltr'><strong>imperare</strong></span> <span class='ocrx_word' id='word_1_374' title='bbox 1310 2824 1462 2888; x_wconf 84' lang='lat' dir='ltr'><strong>coepit</strong></span> <span class='ocrx_word' id='word_1_375' title='bbox 1496 2841 1623 2870; x_wconf 91' lang='lat' dir='ltr'><strong>anno</strong></span> <span class='ocrx_word' id='word_1_376' title='bbox 1655 2826 1765 2871; x_wconf 88' lang='lat'><strong>518.</strong></span> <span class='ocrx_word' id='word_1_377' title='bbox 1803 2826 2019 2871; x_wconf 89' lang='lat' dir='ltr'><strong>Attamen</strong></span> <span class='ocrx_word' id='word_1_378' title='bbox 2053 2824 2332 2871; x_wconf 87' lang='lat' dir='ltr'><strong>collectanea</strong></span> <span class='ocrx_word' id='word_1_379' title='bbox 2368 2823 2480 2868; x_wconf 85' lang='lat' dir='ltr'><strong>haec</strong></span> <span class='ocrx_word' id='word_1_380' title='bbox 2518 2816 2740 2868; x_wconf 71' lang='lat' dir='ltr'><strong>historica</strong></span> 
     </span>
     <span class='ocr_line' id='line_1_35' title="bbox 483 2900 2736 2965; baseline -0.002 -17"><span class='ocrx_word' id='word_1_381' title='bbox 483 2918 577 2948; x_wconf 90' lang='lat' dir='ltr'><strong>non</strong></span> <span class='ocrx_word' id='word_1_382' title='bbox 614 2903 885 2949; x_wconf 88' lang='lat' dir='ltr'><strong>concinnata</strong></span> <span class='ocrx_word' id='word_1_383' title='bbox 920 2911 1028 2948; x_wconf 86' lang='lat' dir='ltr'><strong>sunt</strong></span> <span class='ocrx_word' id='word_1_384' title='bbox 1063 2917 1088 2948; x_wconf 90' lang='lat' dir='ltr'><strong>a</strong></span> <span class='ocrx_word' id='word_1_385' title='bbox 1120 2902 1391 2955; x_wconf 89' lang='lat' dir='ltr'><strong>Theodoro,</strong></span> <span class='ocrx_word' id='word_1_386' title='bbox 1428 2903 1510 2948; x_wconf 92' lang='lat' dir='ltr'><strong>sed</strong></span> <span class='ocrx_word' id='word_1_387' title='bbox 1544 2918 1569 2949; x_wconf 90' lang='lat' dir='ltr'><strong>a</strong></span> <span class='ocrx_word' id='word_1_388' title='bbox 1602 2903 1866 2965; x_wconf 91' lang='lat' dir='ltr'><strong>Nicephoro</strong></span> <span class='ocrx_word' id='word_1_389' title='bbox 1901 2902 2088 2949; x_wconf 89' lang='lat' dir='ltr'><strong>Callisto</strong></span> <span class='ocrx_word' id='word_1_390' title='bbox 2121 2918 2177 2949; x_wconf 87' lang='lat' dir='ltr'><strong>ex</strong></span> <span class='ocrx_word' id='word_1_391' title='bbox 2210 2902 2402 2948; x_wconf 85' lang='lat' dir='ltr'><strong>historia</strong></span> <span class='ocrx_word' id='word_1_392' title='bbox 2435 2900 2736 2948; x_wconf 80' lang='lat' dir='ltr'><strong>ecclesiastica</strong></span> 
     </span>
     <span class='ocr_line' id='line_1_36' title="bbox 482 2964 2734 3042; baseline -0.003 -17"><span class='ocrx_word' id='word_1_393' title='bbox 482 2979 736 3031; x_wconf 87' lang='lat' dir='ltr'><strong>Theodori,</strong></span> <span class='ocrx_word' id='word_1_394' title='bbox 767 2979 1028 3040; x_wconf 87' lang='lat' dir='ltr'><strong>dictataque</strong></span> <span class='ocrx_word' id='word_1_395' title='bbox 1055 2979 1178 3032; x_wconf 86' lang='lat' dir='ltr'><strong>aliis,</strong></span> <span class='ocrx_word' id='word_1_396' title='bbox 1209 2988 1258 3025; x_wconf 89' lang='lat' dir='ltr'><strong>ut</strong></span> <span class='ocrx_word' id='word_1_397' title='bbox 1293 2978 1524 3040; x_wconf 85' lang='lat' dir='ltr'><strong>praefixus</strong></span> <span class='ocrx_word' id='word_1_398' title='bbox 1558 2979 1720 3025; x_wconf 89' lang='lat' dir='ltr'><strong>titulus</strong></span> <span class='ocrx_word' id='word_1_399' title='bbox 1744 2978 1941 3025; x_wconf 88' lang='lat' dir='ltr'><strong>in&#39;dicat:</strong></span> <span class='ocrx_word' id='word_1_400' title='bbox 1982 2964 2174 3042; x_wconf 64' lang='grc' dir='ltr'><em>ἐκλογῆ</em></span> <span class='ocrx_word' id='word_1_401' title='bbox 2209 2967 2306 3021; x_wconf 75' lang='grc' dir='ltr'><strong>ἀπὸ</strong></span> <span class='ocrx_word' id='word_1_402' title='bbox 2343 2969 2431 3029; x_wconf 58' lang='grc' dir='ltr'><strong>τῆς</strong></span> <span class='ocrx_word' id='word_1_403' title='bbox 2471 2966 2734 3023; x_wconf 72' lang='grc' dir='ltr'><strong><em>ἐκκλησια-</em></strong></span> 
     </span>
     <span class='ocr_line' id='line_1_37' title="bbox 487 3043 2737 3120; baseline -0.002 -22"><span class='ocrx_word' id='word_1_404' title='bbox 487 3046 656 3107; x_wconf 52' lang='lat' dir='ltr'><strong>omnic,-</strong></span> <span class='ocrx_word' id='word_1_405' title='bbox 691 3046 914 3120; x_wconf 76' lang='grc' dir='ltr'><strong>ἱστορίας</strong></span> <span class='ocrx_word' id='word_1_406' title='bbox 951 3043 1221 3119; x_wconf 68' lang='grc' dir='ltr'><strong>Θεοδώρου</strong></span> <span class='ocrx_word' id='word_1_407' title='bbox 1260 3044 1622 3120; x_wconf 66' lang='grc' dir='ltr'><em>ἀναγνώστου,</em></span> <span class='ocrx_word' id='word_1_408' title='bbox 1655 3044 1752 3100; x_wconf 66' lang='lat' dir='ltr'><strong>oin-3</strong></span> <span class='ocrx_word' id='word_1_409' title='bbox 1791 3047 1949 3111; x_wconf 71' lang='lat' dir='ltr'><strong>(po)ch</strong></span> <span class='ocrx_word' id='word_1_410' title='bbox 1985 3043 2276 3119; x_wconf 69' lang='grc' dir='ltr'><em>Νικηφόρον</em></span> <span class='ocrx_word' id='word_1_411' title='bbox 2310 3048 2614 3098; x_wconf 76' lang='grc' dir='ltr'><em>Καλλίστου</em></span> <span class='ocrx_word' id='word_1_412' title='bbox 2643 3043 2737 3094; x_wconf 72' lang='grc' dir='ltr'><strong>τοῦ</strong></span> 
     </span>
     <span class='ocr_line' id='line_1_38' title="bbox 488 3120 2738 3194; baseline -0.001 -19"><span class='ocrx_word' id='word_1_413' title='bbox 488 3120 872 3180; x_wconf 75' lang='grc' dir='ltr'><em>Ξανθοποόλου.</em></span> <span class='ocrx_word' id='word_1_414' title='bbox 908 3133 1112 3194; x_wconf 65' lang='lat' dir='ltr'><strong>Selecta,</strong></span> <span class='ocrx_word' id='word_1_415' title='bbox 1147 3132 1350 3183; x_wconf 87' lang='lat' dir='ltr'><strong>scilicet,</strong></span> <span class='ocrx_word' id='word_1_416' title='bbox 1381 3149 1445 3177; x_wconf 79' lang='lat' dir='ltr'><strong>ex</strong></span> <span class='ocrx_word' id='word_1_417' title='bbox 1480 3131 1683 3178; x_wconf 76' lang='lat' dir='ltr'><strong>historia</strong></span> <span class='ocrx_word' id='word_1_418' title='bbox 1715 3132 2033 3180; x_wconf 80' lang='lat' dir='ltr'><strong>ecclesiastica</strong></span> <span class='ocrx_word' id='word_1_419' title='bbox 2069 3131 2298 3178; x_wconf 76' lang='lat' dir='ltr'><strong>Theodori</strong></span> <span class='ocrx_word' id='word_1_420' title='bbox 2327 3129 2541 3179; x_wconf 74' lang='lat' dir='ltr'><strong>lectoris,</strong></span> <span class='ocrx_word' id='word_1_421' title='bbox 2571 3146 2634 3174; x_wconf 76' lang='lat' dir='ltr'><strong>eoe</strong></span> <span class='ocrx_word' id='word_1_422' title='bbox 2659 3144 2738 3174; x_wconf 82' lang='lat' dir='ltr'><strong>ore</strong></span> 
     </span>
     <span class='ocr_line' id='line_1_39' title="bbox 487 3191 2738 3272; baseline -0.001 -19"><span class='ocrx_word' id='word_1_423' title='bbox 487 3208 716 3254; x_wconf 86' lang='lat' dir='ltr'><strong>dictantis</strong></span> <span class='ocrx_word' id='word_1_424' title='bbox 750 3207 1007 3272; x_wconf 80' lang='lat' dir='ltr'><strong>Nicephori</strong></span> <span class='ocrx_word' id='word_1_425' title='bbox 1041 3191 1226 3258; x_wconf 77' lang='lat' dir='ltr'><strong>Callisti</strong></span> <span class='ocrx_word' id='word_1_426' title='bbox 1258 3208 1569 3272; x_wconf 77' lang='lat' dir='ltr'><strong>Xanthopuli.</strong></span> <span class='ocrx_word' id='word_1_427' title='bbox 1607 3210 1995 3272; x_wconf 82' lang='lat' dir='ltr'><strong>Quaepostrema</strong></span> <span class='ocrx_word' id='word_1_428' title='bbox 2028 3209 2170 3256; x_wconf 86' lang='lat' dir='ltr'><strong>verba</strong></span> <span class='ocrx_word' id='word_1_429' title='bbox 2203 3224 2308 3254; x_wconf 90' lang='lat' dir='ltr'><strong>cum</strong></span> <span class='ocrx_word' id='word_1_430' title='bbox 2331 3203 2560 3254; x_wconf 83' lang='lat' dir='ltr'><strong>omisisset</strong></span> <span class='ocrx_word' id='word_1_431' title='bbox 2593 3207 2738 3252; x_wconf 90' lang='lat' dir='ltr'><strong>inter-</strong></span> 
     </span>
     <span class='ocr_line' id='line_1_40' title="bbox 489 3286 2737 3346; baseline -0.001 -16"><span class='ocrx_word' id='word_1_432' title='bbox 489 3300 621 3346; x_wconf 88' lang='lat' dir='ltr'><strong>pres,</strong></span> <span class='ocrx_word' id='word_1_433' title='bbox 655 3286 828 3337; x_wconf 87' lang='lat' dir='ltr'><strong>factum</strong></span> <span class='ocrx_word' id='word_1_434' title='bbox 850 3295 931 3332; x_wconf 61' lang='lat' dir='ltr'><strong>‘est</strong></span> <span class='ocrx_word' id='word_1_435' title='bbox 963 3295 1015 3335; x_wconf 90' lang='lat' dir='ltr'><strong>ut</strong></span> <span class='ocrx_word' id='word_1_436' title='bbox 1048 3287 1328 3336; x_wconf 88' lang='lat' dir='ltr'><strong>collectanea</strong></span> <span class='ocrx_word' id='word_1_437' title='bbox 1359 3288 1444 3332; x_wconf 88' lang='lat' dir='ltr'><strong>ista</strong></span> <span class='ocrx_word' id='word_1_438' title='bbox 1479 3286 1698 3333; x_wconf 90' lang='lat' dir='ltr'><strong>historica</strong></span> <span class='ocrx_word' id='word_1_439' title='bbox 1731 3287 1976 3336; x_wconf 88' lang='lat' dir='ltr'><strong>Theodoro</strong></span> <span class='ocrx_word' id='word_1_440' title='bbox 2010 3286 2395 3344; x_wconf 85' lang='lat' dir='ltr'><strong>attribuerentur,</strong></span> <span class='ocrx_word' id='word_1_441' title='bbox 2431 3299 2551 3345; x_wconf 87' lang='lat' dir='ltr'><strong>quae</strong></span> <span class='ocrx_word' id='word_1_442' title='bbox 2584 3291 2737 3329; x_wconf 89' lang='lat' dir='ltr'><strong>tamen</strong></span> 
     </span>
     <span class='ocr_line' id='line_1_41' title="bbox 490 3361 2738 3426; baseline -0 -20"><span class='ocrx_word' id='word_1_443' title='bbox 490 3370 596 3406; x_wconf 89' lang='lat' dir='ltr'><strong>sunt</strong></span> <span class='ocrx_word' id='word_1_444' title='bbox 635 3378 716 3423; x_wconf 90' lang='lat' dir='ltr'><strong>per</strong></span> <span class='ocrx_word' id='word_1_445' title='bbox 742 3363 1071 3425; x_wconf 65' lang='lat' dir='ltr'><strong>Nicephorum</strong></span> <span class='ocrx_word' id='word_1_446' title='bbox 1114 3363 1353 3410; x_wconf 87' lang='lat' dir='ltr'><strong>Callistum</strong></span> <span class='ocrx_word' id='word_1_447' title='bbox 1394 3362 1453 3409; x_wconf 88' lang='lat' dir='ltr'><strong>ab</strong></span> <span class='ocrx_word' id='word_1_448' title='bbox 1495 3365 1592 3410; x_wconf 89' lang='lat' dir='ltr'><strong>eius</strong></span> <span class='ocrx_word' id='word_1_449' title='bbox 1628 3364 2089 3426; x_wconf 62' lang='lat' dir='ltr'><strong>historiaexcerptffl</strong></span> <span class='ocrx_word' id='word_1_450' title='bbox 2118 3361 2255 3418; x_wconf 88' lang='lat' dir='ltr'><strong>Quod</strong></span> <span class='ocrx_word' id='word_1_451' title='bbox 2294 3368 2398 3406; x_wconf 86' lang='lat' dir='ltr'><strong>ante</strong></span> <span class='ocrx_word' id='word_1_452' title='bbox 2428 3362 2524 3409; x_wconf 56' lang='lat' dir='ltr'><strong>Qnos</strong></span> <span class='ocrx_word' id='word_1_453' title='bbox 2558 3362 2738 3406; x_wconf 88' lang='lat' dir='ltr'><strong>monuit</strong></span> 
     </span>
     <span class='ocr_line' id='line_1_42' title="bbox 490 3437 2739 3503; baseline -0.001 -20"><span class='ocrx_word' id='word_1_454' title='bbox 490 3453 676 3498; x_wconf 90' lang='lat' dir='ltr'><strong>quoque</strong></span> <span class='ocrx_word' id='word_1_455' title='bbox 708 3441 934 3486; x_wconf 87' lang='lat' dir='ltr'><strong>Baronius</strong></span> <span class='ocrx_word' id='word_1_456' title='bbox 968 3439 1027 3486; x_wconf 88' lang='lat' dir='ltr'><strong>ad</strong></span> <span class='ocrx_word' id='word_1_457' title='bbox 1061 3456 1233 3486; x_wconf 84' lang='lat' dir='ltr'><strong>annum</strong></span> <span class='ocrx_word' id='word_1_458' title='bbox 1264 3441 1376 3486; x_wconf 63' lang='lat'><strong>485.</strong></span> <span class='ocrx_word' id='word_1_459' title='bbox 1413 3442 1530 3486; x_wconf 90' lang='lat' dir='ltr'><strong>Nam</strong></span> <span class='ocrx_word' id='word_1_460' title='bbox 1565 3440 1705 3503; x_wconf 82' lang='lat' dir='ltr'><strong>tradit</strong></span> <span class='ocrx_word' id='word_1_461' title='bbox 1738 3439 1926 3495; x_wconf 86' lang='lat' dir='ltr'><strong>Suidas‚</strong></span> <span class='ocrx_word' id='word_1_462' title='bbox 1953 3439 2245 3496; x_wconf 85' lang='lat' dir='ltr'><strong>Theodorum</strong></span> <span class='ocrx_word' id='word_1_463' title='bbox 2279 3437 2495 3484; x_wconf 89' lang='lat' dir='ltr'><strong>ecclesiae</strong></span> <span class='ocrx_word' id='word_1_464' title='bbox 2524 3443 2739 3482; x_wconf 87' lang='lat' dir='ltr'><strong>constan-</strong></span> 
     </span>
     <span class='ocr_line' id='line_1_43' title="bbox 490 3508 2739 3580; baseline 0 -22"><span class='ocrx_word' id='word_1_465' title='bbox 490 3515 822 3576; x_wconf 78' lang='lat' dir='ltr'><strong>tinopolitanae</strong></span> <span class='ocrx_word' id='word_1_466' title='bbox 864 3517 1087 3564; x_wconf 87' lang='lat' dir='ltr'><strong>lectorem</strong></span> <span class='ocrx_word' id='word_1_467' title='bbox 1126 3517 1359 3580; x_wconf 88' lang='lat' dir='ltr'><strong>scripsisse</strong></span> <span class='ocrx_word' id='word_1_468' title='bbox 1398 3517 1639 3563; x_wconf 88' lang='lat' dir='ltr'><strong>histo&#39;riam</strong></span> <span class='ocrx_word' id='word_1_469' title='bbox 1679 3508 2025 3579; x_wconf 78' lang='lat' dir='ltr'><strong>ecclesiasticam</strong></span> <span class='ocrx_word' id='word_1_470' title='bbox 2061 3532 2087 3562; x_wconf 90' lang='lat' dir='ltr'><strong>a</strong></span> <span class='ocrx_word' id='word_1_471' title='bbox 2129 3515 2410 3562; x_wconf 84' lang='lat' dir='ltr'><strong>Constantini</strong></span> <span class='ocrx_word' id='word_1_472' title='bbox 2449 3511 2739 3574; x_wconf 88' lang='lat' dir='ltr'><strong>temporibus</strong></span> 
     </span>
     <span class='ocr_line' id='line_1_44' title="bbox 491 3589 2738 3658; baseline -0.001 -21"><span class='ocrx_word' id='word_1_473' title='bbox 491 3607 673 3653; x_wconf 91' lang='lat' dir='ltr'><strong>usque</strong></span> <span class='ocrx_word' id='word_1_474' title='bbox 663 3592 719 3636; x_wconf 85' lang='lat' dir='ltr'><strong>ad</strong></span> <span class='ocrx_word' id='word_1_475' title='bbox 744 3594 979 3640; x_wconf 88' lang='lat' dir='ltr'><strong>Iustiniani</strong></span> <span class='ocrx_word' id='word_1_476' title='bbox 1014 3595 1288 3658; x_wconf 79' lang='lat' dir='ltr'><strong>imperium:</strong></span> <span class='ocrx_word' id='word_1_477' title='bbox 1322 3610 1441 3658; x_wconf 88' lang='lat' dir='ltr'><strong>opus</strong></span> <span class='ocrx_word' id='word_1_478' title='bbox 1473 3595 1611 3657; x_wconf 89' lang='lat' dir='ltr'><strong>plane</strong></span> <span class='ocrx_word' id='word_1_479' title='bbox 1634 3594 1868 3642; x_wconf 87' lang='lat' dir='ltr'><strong>diversum</strong></span> <span class='ocrx_word' id='word_1_480' title='bbox 1903 3611 1927 3654; x_wconf 86' lang='lat' dir='ltr'><strong>a</strong></span> <span class='ocrx_word' id='word_1_481' title='bbox 1961 3591 2265 3657; x_wconf 82' lang='lat' dir='ltr'><strong>perbrevibus</strong></span> <span class='ocrx_word' id='word_1_482' title='bbox 2298 3590 2483 3637; x_wconf 90' lang='lat' dir='ltr'><strong>duobus</strong></span> <span class='ocrx_word' id='word_1_483' title='bbox 2514 3590 2607 3635; x_wconf 90' lang='lat' dir='ltr'><strong>illis</strong></span> <span class='ocrx_word' id='word_1_484' title='bbox 2641 3589 2738 3636; x_wconf 53' lang='lat' dir='ltr'><strong>colv-</strong></span> 
     </span>
     <span class='ocr_line' id='line_1_45' title="bbox 492 3668 2740 3734; baseline -0 -22"><span class='ocrx_word' id='word_1_485' title='bbox 492 3668 809 3713; x_wconf 83' lang='lat' dir='ltr'><strong>lectaneorum</strong></span> <span class='ocrx_word' id='word_1_486' title='bbox 843 3669 999 3722; x_wconf 89' lang='lat' dir='ltr'><strong>libris,</strong></span> <span class='ocrx_word' id='word_1_487' title='bbox 1011 3687 1146 3732; x_wconf 86' lang='lat' dir='ltr'><strong>quae</strong></span> <span class='ocrx_word' id='word_1_488' title='bbox 1180 3672 1438 3733; x_wconf 83' lang='lat' dir='ltr'><strong>fragmenta</strong></span> <span class='ocrx_word' id='word_1_489' title='bbox 1471 3673 1626 3734; x_wconf 88' lang='lat' dir='ltr'><strong>potius</strong></span> <span class='ocrx_word' id='word_1_490' title='bbox 1648 3688 1745 3718; x_wconf 86' lang='lat' dir='ltr'><strong>esse</strong></span> <span class='ocrx_word' id='word_1_491' title='bbox 1769 3673 2008 3728; x_wconf 82' lang='lat' dir='ltr'><strong>videntur,</strong></span> <span class='ocrx_word' id='word_1_492' title='bbox 2035 3685 2176 3732; x_wconf 88' lang='lat' dir='ltr'><strong>quam</strong></span> <span class='ocrx_word' id='word_1_493' title='bbox 2209 3668 2421 3714; x_wconf 89' lang='lat' dir='ltr'><strong>ordinata</strong></span> <span class='ocrx_word' id='word_1_494' title='bbox 2455 3683 2628 3713; x_wconf 88' lang='lat' dir='ltr'><strong>rerum</strong></span> <span class='ocrx_word' id='word_1_495' title='bbox 2645 3675 2740 3711; x_wconf 89' lang='lat' dir='ltr'><strong>tra-</strong></span> 
     </span>
     <span class='ocr_line' id='line_1_46' title="bbox 495 3729 2739 3808; baseline -0.003 -18"><span class='ocrx_word' id='word_1_496' title='bbox 495 3746 649 3790; x_wconf 86' lang='lat' dir='ltr'><strong>ctatio</strong></span> <span class='ocrx_word' id='word_1_497' title='bbox 689 3746 877 3806; x_wconf 83' lang='lat' dir='ltr'><strong>Scripsit</strong></span> <span class='ocrx_word' id='word_1_498' title='bbox 911 3747 1064 3807; x_wconf 86' lang='lat' dir='ltr'><strong>itaque</strong></span> <span class='ocrx_word' id='word_1_499' title='bbox 1089 3764 1217 3794; x_wconf 87' lang='lat' dir='ltr'><strong>suam</strong></span> <span class='ocrx_word' id='word_1_500' title='bbox 1241 3749 1317 3794; x_wconf 89' lang='lat' dir='ltr'><strong>hic</strong></span> <span class='ocrx_word' id='word_1_501' title='bbox 1344 3749 1616 3808; x_wconf 86' lang='lat' dir='ltr'><strong>Theodorus</strong></span> <span class='ocrx_word' id='word_1_502' title='bbox 1650 3750 1888 3796; x_wconf 87' lang='lat' dir='ltr'><strong>historiam</strong></span> <span class='ocrx_word' id='word_1_503' title='bbox 1913 3731 2278 3808; x_wconf 85' lang='lat' dir='ltr'><strong>ecclesiasticam.</strong></span> <span class='ocrx_word' id='word_1_504' title='bbox 2317 3744 2500 3790; x_wconf 87' lang='lat' dir='ltr'><strong>Suidas:</strong></span> <span class='ocrx_word' id='word_1_505' title='bbox 2542 3729 2739 3792; x_wconf 69' lang='grc' dir='ltr'>Θεόδω-</span> 
     </span>
     <span class='ocr_line' id='line_1_47' title="bbox 495 3807 2737 3889; baseline 0 -27"><span class='ocrx_word' id='word_1_506' title='bbox 495 3834 578 3884; x_wconf 74' lang='grc' dir='ltr'><strong>ρος</strong></span> <span class='ocrx_word' id='word_1_507' title='bbox 617 3812 641 3863; x_wconf 85' lang='lat'><strong>0‘</strong></span> <span class='ocrx_word' id='word_1_508' title='bbox 683 3834 776 3863; x_wconf 75' lang='lat' dir='ltr'><strong>am</strong></span> <span class='ocrx_word' id='word_1_509' title='bbox 816 3811 948 3886; x_wconf 62' lang='grc' dir='ltr'><strong>ἀνα)</strong></span> <span class='ocrx_word' id='word_1_510' title='bbox 954 3835 1120 3868; x_wconf 71' lang='grc' dir='ltr'><em>ωστων</em></span> <span class='ocrx_word' id='word_1_511' title='bbox 1155 3838 1242 3875; x_wconf 75' lang='grc' dir='ltr'><strong>της</strong></span> <span class='ocrx_word' id='word_1_512' title='bbox 1277 3814 1516 3889; x_wconf 67' lang='grc' dir='ltr'><strong>μεγάλης</strong></span> <span class='ocrx_word' id='word_1_513' title='bbox 1555 3814 1820 3877; x_wconf 64' lang='grc' dir='ltr'>ἐκκλησίας</span> <span class='ocrx_word' id='word_1_514' title='bbox 1855 3810 2470 3874; x_wconf 61' lang='grc' dir='ltr'><em>Κωνσταντινουτωόλεως,</em></span> <span class='ocrx_word' id='word_1_515' title='bbox 2509 3807 2737 3883; x_wconf 58' lang='grc' dir='ltr'><strong>ἔγραψεν</strong></span> 
     </span>
    </p>
   </div>
   <div class='ocr_carea' id='block_1_3' title="bbox 2958 0 2970 386">
    <p class='ocr_par' dir='ltr' id='par_1_4' title="bbox 2958 0 2970 386">
     <span class='ocr_line' id='line_1_48' title="bbox 2958 0 2970 386; baseline 0 4034"><span class='ocrx_word' id='word_1_516' title='bbox 2958 0 2970 386; x_wconf 95' lang='lat' dir='ltr'><strong> </strong></span> 
     </span>
    </p>
   </div>
   <div class='ocr_carea' id='block_1_4' title="bbox 2945 1003 2970 1859">
    <p class='ocr_par' dir='ltr' id='par_1_5' title="bbox 2945 1003 2970 1859">
     <span class='ocr_line' id='line_1_49' title="bbox 2945 1003 2970 1859; baseline 0 0"><span class='ocrx_word' id='word_1_517' title='bbox 2945 1003 2970 1859; x_wconf 95' lang='lat' dir='ltr'><strong> </strong></span> 
     </span>
    </p>
   </div>
   <div class='ocr_carea' id='block_1_5' title="bbox 2931 2394 2970 4420">
    <p class='ocr_par' dir='ltr' id='par_1_6' title="bbox 2931 2394 2970 4420">
     <span class='ocr_line' id='line_1_50' title="bbox 2931 2394 2970 4420; baseline 0 0"><span class='ocrx_word' id='word_1_518' title='bbox 2931 2394 2970 4420; x_wconf 95' lang='lat' dir='ltr'><strong> </strong></span> 
     </span>
    </p>
   </div>
  </div>
 </body>
</html>
