2970 4420
542 272 637 321 378
1036 290 1077 323 S.
1115 276 1338 324 Timonoxii
1370 290 1584 323 swm'rAE
1617 291 1692 324 om
1730 293 1830 324 FUN.
1868 294 1915 326 IN
1946 296 2134 331 mulum
2165 296 2299 330 SUAM.

549 371 662 440 τοίῳ
683 369 803 441 λόΓῳ
825 370 1117 448 §copiatum
1141 374 1180 432 ἓ
1201 374 1634 448 καταρτιζόμῦζμος,
1707 379 1990 426 omnimodis
2013 380 2219 429 directus
2242 392 2289 430 et
2324 384 2578 447 perfectus,
2609 400 2664 431 ex
2690 400 2802 432 nor-

549 450 609 520 νζ)
631 449 808 504 σκοπόν
831 471 880 502 τε
906 449 1091 516 βαίνων
1116 450 1159 503 -25
1183 450 1424 512 ἀληθείας,
1448 452 1636 517 φθάσω
1708 472 1782 503 ma
1814 458 2022 503 veritalis
2053 459 2296 526 incedens,
2322 463 2421 508 Deo
2456 462 2638 524 placere
2672 460 2803 508 bono

548 526 785 599 εῠαςεςεῒν
805 531 911 594 &sep
934 526 1015 580 διὰ
1036 527 1079 581 19
1100 530 1310 596 ἀγαθῆς
1332 529 1638 597 ἅφηγησεως,
1708 535 1831 580 vitae
1861 536 2046 581 tramite
2078 551 2273 597 queam:
2301 547 2346 585 et
2378 548 2484 601 post
2515 540 2635 586 hanc
2660 540 2800 585 vitam

548 622 590 671 19
622 603 759 672 τύχω
767 605 853 701 μζ)
876 605 908 656 >r
929 603 1037 675 τηδε
1056 602 1161 668 βίον
1182 623 1264 658 συν
1281 607 1381 663 τοῖς
1403 604 1637 672 ἑπομένοις
1710 611 1955 674 impetrem
1991 621 2043 658 ut
2076 628 2183 659 cum
2217 614 2408 661 adseclis
2442 617 2556 663 meis
2595 615 2683 662 sub
2718 625 2801 662 tuo

546 697 628 748 μοι
651 677 743 730 ὑπο
765 704 796 733 τ
813 678 985 734 σκέπην
1010 700 1067 730 σε
1090 677 1200 732 εἶναι
1217 701 1260 772 19
1277 686 1639 751 συμμετασχεῖν
1684 691 1971 750 ‘patrocinio
2007 689 2114 736 fiam
2130 725 2140 742 ,
2170 698 2215 736 et
2245 690 2370 738 filius
2395 694 2613 740 minimus
2646 702 2801 741 tecum

549 774 608 805 σε
634 762 692 816 ὣς
715 755 868 811 τέκνον
893 756 1128 826 ἐλάχιςον
1151 754 1194 808 75
1219 761 1280 810 ὡκ
1305 757 1464 830 δεξιων
1486 764 1637 833 Χςις-ῖέ
1710 767 1880 813 sortiar
1911 768 1959 812 in
1994 767 2182 813 dextera
2209 767 2374 814 Christi
2401 769 2481 815 Dei
2510 771 2659 816 nostri
2687 784 2804 816 con-

547 828 706 886 tremi)
742 830 864 904 ημᾙ
884 831 1228 906 Qco'w'ewc·
1251 840 1417 887 ταῦτα.
1435 837 1638 904 1101,τέ-
1711 844 1888 890 sistere.
1926 845 2051 889 Haec
2084 859 2187 896 me,
2225 859 2256 891 o
2291 842 2404 898 filii,
2441 844 2598 907 eloqui
2633 847 2803 892 veritas

547 908 954 977 κνα,1ῗνάγ11ασεν
979 907 1001 962 ἦ
1027 909 1243 964 ἅληθειοι
1266 910 1571 981 Rinyiooeaevq
1595 934 1638 984 19
1712 922 1887 982 coegit,
1915 920 2146 967 vobismet
2171 921 2344 967 scilicet
2369 921 2477 967 talia
2502 923 2672 968 cursim
2699 937 2803 984 pet·-

544 983 654 1054 ὑμῒν
682 987 815 1060 παρὰ
845 987 992 1061 ῥευσιν
1025 984 1086 1037 τὰ
1116 1007 1322 1040 τοιαυτα.
1349 988 1587 1061 κῇεύεσιν.
1630 1013 1632 1015 ’
1712 1014 1848 1045 orare
1881 1013 1956 1044 me
1990 996 2274 1043 iubentibus.

1578 1172 1768 1202 FINIS.

1153 1533 1228 1578 DE
1261 1533 1582 1580 THEODORO
1617 1523 1877 1579 ALANIAE
1910 1531 2199 1578 EPISCOPO.

535 1719 631 1793 .De
663 1754 735 1794 hoc
771 1756 987 1808 Theodora,
1023 1758 1090 1798 vel
1110 1761 1247 1810 potius
1279 1758 1328 1798 de
1365 1761 1450 1798 eius
1482 1761 1638 1810 scriptis
1650 1789 1663 1809 ,
1699 1758 1809 1797 dixit
1835 1757 2011 1798 Allatius
2042 1758 2084 1797 in
2119 1756 2293 1796 diatriba
2327 1768 2369 1795 n.
2405 1756 2526 1796 CXV.
2560 1755 2625 1795 Ea
2657 1758 2805 1808 scripta

535 1826 667 1872 omnia
697 1839 766 1866 nos
790 1840 894 1879 prae
925 1829 1108 1869 manibus
1136 1830 1325 1871 habemus
1355 1833 1397 1877 in
1426 1824 1556 1870 codice
1586 1831 1793 1880 vatican05
1817 1841 1871 1868 ex
1899 1829 2043 1880 quibus
2070 1830 2229 1868 interim
2258 1827 2476 1880 deleqimus
2505 1830 2609 1882 typis
2638 1828 2809 1880 1111191111-

538 1896 634 1936 dum
664 1899 741 1937 iter
771 1902 856 1939 eius
886 1900 1224 1953 Constantinopoli
1247 1914 1324 1955 per
1350 1902 1597 1954 Bosphorum
1625 1902 1868 1942 cimmerium
1895 1903 1938 1941 in
1965 1901 2171 1951 Albaniam,
2199 1901 2296 1952 quia
2326 1899 2426 1940 hanc
2449 1911 2552 1951 prae
2579 1901 2716 1940 ceteris
2746 1900 2810 1939 lu-

536 1968 805 2010 cubrationem
832 1971 1042 2012 lectoribus
1064 1974 1278 2013 iucundam
1297 1972 1390 2024 sore
1414 1985 1674 2025 speravimus.
1703 1974 1760 2013 De
1779 1973 1926 2013 Alania
1947 1976 1986 2012 et
2006 1972 2148 2012 Alanis
2169 1984 2247 2012 non
2273 1972 2391 2011 semel
2418 1972 2692 2011 Constantinus
2709 1982 2807 2022 por-

528 2040 819 2092 phyioqenitus
842 2045 885 2082 111
913 2055 979 2095 op.
1005 2044 1054 2083 de
1082 2044 1192 2085 adm.
1217 2048 1334 2096 imp.
1349 2044 1423 2084 Est
1450 2048 1582 2084 autem
1603 2057 1651 2084 ea
1674 2046 1782 2096 16910
1803 2044 1913 2083 ultra
1936 2043 2124 2082 Maeotim
2151 2055 2258 2082 circa
2281 2043 2466 2091 Tanaim,
2494 2043 2611 2092 atque
2634 2044 2680 2080 ut
2702 2041 2807 2080 Con-

537 2116 731 2153 stantinus
760 2114 824 2153 ed
846 2117 978 2165 paris.
998 2127 1048 2167 p.
1082 2116 1179 2157 113.
1205 2115 1401 2167 affirmat,
1440 2105 1514 2151 τῶν
1547 2099 1660 2167 ὀρεων
1693 2121 1912 2149 καυκασιων
1946 2099 2102 2149 ανωθεν
2134 2103 2159 2151 τῖ
2194 2121 2305 2166 χωρα
2329 2102 2399 2153 τῆς
2421 2095 2633 2152 Ἀλανιας.
2662 2111 2809 2152 Jtulem

535 2188 667 2224 noster
695 2185 804 2236 insra
833 2199 876 2226 n.
905 2187 948 2227 5.
982 2188 1163 2239 Demque
1192 2191 1343 2239 copiose
1365 2190 1584 2240 optimeque
1614 2186 1801 2226 describit
1823 2186 2010 2226 Alaniam
2034 2186 2231 2226 Cellarius
2260 2187 2302 2224 in
2330 2196 2468 2236 96091.
2494 2186 2618 2235 antiq.
2631 2214 2644 2234 ,
2673 2185 2809 2224 multis

538 2260 713 2296 veterum
744 2260 873 2296 citatis
903 2259 1220 2299 auctoritatibus.
1254 2259 1321 2299 Ad
1349 2262 1433 2298 eius
1455 2259 1582 2298 sedem
1605 2258 1866 2310 episcopalem
1898 2258 2004 2308 quod
2025 2256 2197 2306 adtinet,
2225 2258 2345 2295 eain
2364 2255 2540 2310 cataloqo
2560 2255 2696 2294 Leonis
2716 2266 2803 2307 sap.

540 2331 627 2366 crat
655 2328 882 2378 metropolis
903 2330 1154 2381 ,sexaqesima
1183 2329 1375 2378 secunda,
1401 2332 1447 2368 at
1470 2331 1512 2368 in
1541 2330 1614 2369 illo
1636 2328 1854 2368 Andronici
1885 2328 2050 2368 senioris
2078 2330 2310 2366 numeratur
2339 2329 2484 2377 quarta
2507 2337 2631 2377 supra
2651 2329 2810 2377 septua-

539 2400 753 2450 qesimam:
786 2384 804 2432 ὅ
838 2382 1046 2440 Ἀὶανῖας
1073 2383 1141 2434 καὶ
1175 2385 1278 2437 aim}
1310 2384 1388 2455 ξβἸ
1407 2381 1528 2442 egea,
1558 2384 1611 2436 αἵ
1644 2384 1799 2450 γέγονεν
1829 2398 1948 2450 (post
1978 2398 2119 2439 Codin.
2144 2397 2215 2454 ed.
2225 2397 2358 2448 paris.
2378 2409 2428 2448 p.
2454 2396 2591 2448 402.)
2622 2397 2732 2436 Haec
2759 2397 2809 2438 de

539 2469 704 2511 Alania.
737 2471 799 2510 De
829 2470 914 2521 ipso
944 2475 1076 2510 autem
1110 2471 1309 2511 Theodoro
1340 2471 1447 2511 nihil
1468 2470 1559 2522 sere
1592 2471 1894 2522 coqnescebatur
1924 2474 2089 2522 praeter
2118 2468 2163 2508 id
2191 2469 2297 2520 quod
2328 2480 2381 2508 ex
2410 2467 2591 2508 Dosithei
2621 2468 2805 2509 hierosol.

539 2540 707 2582 historia
737 2542 997 2581 adnotaverat
1016 2543 1228 2594 Lequinius
1254 2543 1326 2582 Or.
1353 2542 1415 2583 eh.
1442 2543 1492 2582 T.
1516 2543 1554 2583 I.
1577 2544 1653 2582 col.
1683 2542 1816 2592 1348,
1840 2553 1979 2593 nempe
2002 2553 2091 2581 eum
2112 2539 2240 2591 fuisse
2263 2540 2487 2591 episcopum
2510 2544 2681 2591 tempore
2706 2540 2809 2580 Ger-

539 2615 648 2653 mani
677 2613 742 2664 II,
771 2615 841 2664 qui
862 2611 951 2663 suit
971 2613 1210 2664 patriarcha
1238 2615 1680 2666 constantinopolitanus
1709 2614 1759 2653 ab
1789 2625 1890 2653 anno
1921 2612 2047 2653 1222.
2079 2611 2134 2651 ad
2162 2611 2293 2652 1240.
2328 2612 2444 2650 Nunc
2472 2610 2629 2651 demum
2658 2623 2712 2651 ex
2738 2611 2811 2652 hoc

542 2685 740 2725 luculento
765 2684 958 2724 Theodori
975 2696 1153 2725 sermone
1174 2687 1304 2738 plura
1333 2689 1372 2726 et
1400 2687 1559 2738 quidem
1588 2686 1775 2726 historiae
1795 2686 1914 2726 utilia
1942 2687 2216 2736 comperimus.
2251 2685 2429 2734 Namque
2459 2686 2499 2722 et
2519 2682 2688 2725 Alaniae
2705 2685 2812 2734 fines

541 2757 718 2808 vicesque
749 2757 955 2807 describit,
985 2762 1026 2798 et
1052 2759 1488 2810 miserandampoputi
1509 2758 1785 2808 conditionem,
1812 2769 1900 2796 cum
1931 2757 2134 2808 reliqionis
2163 2767 2295 2795 amore
2325 2757 2398 2794 vix
2420 2758 2550 2794 tamen
2579 2754 2808 2795 christiani:
2872 2779 2877 2791 .

546 2814 766 2880 xpwvtwci
801 2813 843 2862 δὲ
875 2810 991 2878 μένεν
1025 2812 1188 2878 ὄνθ’ματι
1220 2816 1386 2864 Ἀλανοὶ
1421 2830 1485 2880 (11.
1521 2829 1645 2879 24.),
1670 2833 1837 2880 propter
1863 2832 2067 2879 pastorum
2095 2827 2243 2866 scilicet
2277 2827 2506 2876 raritatem,
2542 2829 2580 2865 et
2614 2826 2810 2876 infirmam

480 2884 482 2886 V
545 2901 603 2938 rei
630 2911 765 2938 sacrae
795 2901 1122 2940 constitutionem.
1157 2902 1331 2940 Prorsus
1360 2904 1417 2940 est
1445 2900 1518 2939 hoc
1546 2900 1793 2939 alanicarum
1825 2900 2105 2950 antiquitatum
2135 2909 2273 2937 rarum
2301 2900 2590 2936 monumentum
2620 2908 2690 2935 nec
2718 2907 2811 2935 con-

545 2970 808 3011 temnendum.
841 2971 992 3022 Lepida
1011 2976 1143 3011 autem
1173 2976 1230 3011 est
1259 2972 1334 3011 illa
1363 2972 1558 3011 Lazorum
1589 2970 1764 3022 episcopi
1792 2973 1833 3010 in
1857 2970 2042 3009 Alaniam
2063 2971 2266 3018 exe-ursio,
2293 2968 2453 3018 eiusque
2480 2969 2622 3018 supina
2650 2969 2693 3006 111
2721 2978 2810 3006 6011-

540 3040 722 3090 ferendis
741 3043 864 3082 sacris
885 3043 1092 3083 ordinibus
1122 3030 1276 3083 inscitia
1295 3047 1336 3083 et
1351 3043 1630 3092 irreverentia,
1661 3054 1775 3093 quem
1800 3053 1973 3093 pravum
2002 3053 2146 3080 morem
2178 3039 2288 3091 apud
2316 3038 2530 3079 haereticos
2550 3050 2701 3090 quoque
2721 3039 2810 3078 Ha-

547 3112 711 3154 bessinos
739 3115 896 3165 viqere,
933 3126 959 3152 a
987 3117 1130 3154 nostris
1165 3114 1423 3154 orthodoxiae
1453 3114 1540 3153 illic
1569 3113 1832 3165 praeconibus
1862 3113 2014 3164 audivi.
2053 3113 2235 3152 Ceterum
2265 3111 2312 3150 de
2341 3122 2419 3150 11011
2446 3109 2572 3161 facile
2603 3109 2810 3160 repetendo

544 3186 781 3234 sacramenti
807 3186 920 3226 illius
942 3188 1045 3237 ritu,
1069 3186 1293 3238 prudenter
1311 3189 1448 3228 auctor
1471 3186 1662 3237 loquitur.
1696 3184 1944 3224 Incommoda
1966 3196 2038 3223 sua
2061 3187 2101 3222 et
2122 3183 2307 3234 pericula
2331 3183 2567 3233 praesertim
2592 3179 2803 3228 Chersone,

545 3261 583 3296 et
611 3269 637 3296 a
667 3258 905 3307 latronibus,
935 3261 972 3297 et
1002 3257 1053 3297 ab
1082 3257 1248 3298 illarum
1279 3259 1483 3309 reqionum
1505 3257 1676 3307 satrapis
1705 3260 1909 3297 memorat.
1945 3250 2058 3295 Item
2075 3251 2191 3294 suum
2214 3253 2418 3305 pastorale
2442 3253 2615 3302 1691111611
2643 3250 2812 3302 modeste

545 3329 722 3379 exponit.
760 3329 964 3379 Quaedam
988 3333 1137 3378 tamen,
1163 3331 1276 3368 initio
1301 3331 1560 3380 praesertim,
1589 3340 1665 3368 11011
1694 3331 1777 3368 sine
1806 3329 2027 3379 aeniqmate
2059 3326 2262 3365 dicuntur.
2294 3325 2416 3364 Sacra
2436 3329 2551 3373 saepe
2573 3321 2719 3372 biblia,
2745 3333 2812 3360 ca-

477 3405 480 3407 ’
514 3416 521 3424 ·
547 3409 664 3437 nones
694 3400 911 3450 interdum,
940 3412 1010 3440 nec
1039 3411 1125 3439 non
1144 3400 1276 3451 ipsum
1299 3399 1513 3439 Homerum
1516 3430 1532 3453 ,
1560 3403 1693 3450 utpote
1725 3399 1835 3438 homo
1865 3400 2016 3449 qraecis
2045 3397 2266 3447 disciplinis
2287 3395 2478 3443 imbutus,
2507 3393 2664 3434 recitat.
2698 3394 2812 3433 Cete-

548 3471 662 3520 roqui
690 3471 804 3509 sti-lus
836 3470 1028 3510 Theodori
1051 3470 1290 3522 plerumque
1321 3469 1462 3509 durior
1491 3474 1565 3520 est,
1595 3472 1772 3526 narratio
1797 3469 1922 3509 veluti
1951 3468 2144 3519 abrupta,
2166 3470 2292 3518 prout
2309 3468 2391 3516 ipse
2410 3462 2608 3505 interdum
2627 3461 2804 3514 fatetur,

541 3538 718 3579 et‘nullo
748 3542 916 3592 artificio
946 3545 1150 3593 contexta,
1187 3546 1227 3582 et
1254 3542 1353 3582 mihi
1382 3544 1591 3593 interpreti
1620 3553 1737 3592 aeqre
1767 3540 1998 3598 quandoque
2027 3542 2182 3591 pervia.
2214 3537 2292 3578 Sed
2321 3547 2401 3575 rem
2430 3535 2526 3574 11616,
2553 3537 2829 3586 quaerimus„

551 3609 671 3661 bonae
703 3611 928 3670 elocutionis
958 3614 1140 3665 eoeempla
1171 3613 1333 3654 aliunde
1356 3617 1552 3665 petemus.
