2970 4420
1174 268 1176 271 ·
1208 278 1211 279 ⁷
1269 268 1324 298 nn
1357 262 1540 299 metiris.
1785 264 1788 266 ’
2474 257 2534 302 35

276 355 336 402 sit
370 353 536 402 statim
562 351 732 402 videri,
765 363 925 398 atram
953 351 1002 397 in
1029 365 1220 416 partem
1241 349 1540 415 flectendum
1563 352 1866 399 siufraeter
1894 353 2019 397 enim
2051 367 2235 400 errores
2259 355 2316 401 de
2349 367 2538 419 proces-²

273 434 404 479 sione
434 430 630 493 Spiritus
656 429 800 475 sancti
825 437 871 475 et
899 429 958 475 de
987 432 1179 491 azymis,
1207 446 1326 493 quos
1351 430 1572 477 adversus
1594 430 1780 502 Latinos
1805 443 1859 474 ex
1891 428 2106 490 professo
2131 436 2311 483 tuetur,
2339 433 2534 480 latenter

274 508 411 554 etiam
430 507 532 571 ‘alia
555 507 603 552 in
629 505 818 552 eosdem
843 507 1083 569 inspergit.
1122 509 1283 570 Neque
1307 507 1494 555 tandem
1522 508 1703 559 omnia,
1729 521 1850 568 quae
1874 506 1954 551 ille
1982 505 2158 552 ibidem
2186 507 2382 554 affirmat
2398 544 2409 560 ,
2436 512 2532 555 sine

274 600 435 636 verae,
464 583 718 631 catholicae
751 584 948 639 scilicet,
978 587 1176 633 trutinae
1207 587 1418 633 examine
1445 584 1714 648 accipienda
1749 592 1872 632 sunt.

400 662 577 708 Finiam
617 661 677 714 de
718 662 940 709 Choniata
980 664 1238 710 orationem
1274 662 1431 709 verbis
1466 664 1638 711 Wossii
1677 661 1736 709 de
1776 661 2083 724 scriptoribus
2120 664 2327 724 graecis,
2364 663 2534 724 quibus

273 739 352 785 ille
390 739 605 786 Gulielmi
647 739 875 801 Xylandri
910 741 1221 803 suspicionem
1262 740 1320 786 de
1358 741 1513 787 Niceta
1555 739 1757 791 Davide.
1793 748 1839 786 et
1880 740 2038 786 Niceta
2075 740 2290 786 choniata
2330 740 2530 786 refellit:

274 815 499 863 Gulielmi
526 816 768 879 Xylandri
788 816 994 880 suspicio
1019 828 1109 867 esc,
1138 816 1338 863 eundem
1359 833 1455 863 esse
1482 817 1606 863 hanc
1629 816 1848 863 Nicetam
1871 816 2126 866 Davidem,
2157 816 2242 879 qai
2264 828 2308 862 et
2333 816 2532 862 Nic-etas

264 892 540 957 paphlago,
580 909 640 939 ae
675 893 810 939 illum
845 893 925 940 cai
952 894 1228 958 Acominati
1261 906 1625 957 cognomentum
1645 891 1783 956 saie.
1809 894 1905 940 Sed
1936 905 2151 958 tempora
2182 893 2402 940 videntur
2435 893 2534 939 dis-

271 970 532 1017 convenire.
571 972 632 1016 In
666 970 953 1034 quibusdam
987 971 1124 1017 codd.
1162 987 1272 1017 mss.
1310 971 1507 1016 Nicetae
1541 968 1742 1022 Davidi,
1773 969 2053 1035 philosopho
2082 970 2406 1035 paphlagoni,
2446 970 2534 1015 tri-

271 1047 502 1098 buantur,
532 1063 657 1110 quae
686 1048 780 1094 alii
813 1048 1059 1099 ascribant
1089 1047 1286 1094 Nicetae
1319 1048 1538 1099 Ser-roni,
1560 1048 1698 1112 prius
1727 1048 1948 1094 ecclesiae
1980 1047 2533 1111 Constantinopolitanae

268 1119 496 1175 diacono,
523 1137 690 1189 postea
725 1138 886 1171 autem
920 1112 1223 1172 Heracliensi
1253 1125 1630 1189 archiepiscopo:
1669 1137 1720 1172 ut
1751 1125 1801 1172 in
1833 1138 2005 1172 catena
2031 1138 2232 1190 patrum
2262 1137 2308 1170 et
2333 1124 2530 1188 scripto-

268 1218 375 1247 ram
403 1202 854 1254 ecclesiastic-oram,
883 1212 1110 1266 eoeeerpta
1147 1203 1197 1248 in
1231 1201 1531 1249 Matthaeam
1564 1215 1609 1248 et
1643 1205 1823 1249 Lucam
1856 1203 2197 1267 evangelistas:
2235 1203 2348 1248 item
2383 1219 2532 1266 eoepo-

266 1278 378 1325 sitio
411 1281 669 1326 maltorum
704 1280 994 1326 nazianzeni
1026 1270 1296 1326 carminum
1326 1292 1372 1326 et
1405 1280 1697 1327 orationum.
1735 1281 1954 1343 Diversos
1978 1293 2138 1326 tamen
2163 1297 2258 1326 esse
2287 1279 2371 1326 lzos
2393 1280 2532 1326 Nice-

269 1369 368 1407 tas,
400 1359 568 1410 Leonis
590 1358 764 1405 Allacii
783 1358 1016 1404 sententia
1039 1370 1129 1408 est,
1161 1358 1212 1404 in
1236 1357 1454 1404 diatriba
1478 1358 1536 1404 de
1556 1358 1748 1408 Psellis,
1778 1358 1860 1404 eui
1878 1357 1970 1404 hac
2002 1358 2052 1403 in
2069 1370 2215 1422 parte
2236 1358 2400 1421 potius
2423 1358 2530 1404 sub-

267 1434 437 1480 scribo.
476 1436 564 1485 S'ed
599 1437 646 1482 in
671 1435 954 1497 'quibusdam
993 1436 1317 1500 manuscriptis
1347 1437 1529 1482 Nicetae
1554 1436 1714 1482 Davidi
1739 1436 1909 1488 tribui,
1937 1452 2056 1498 quae
2087 1436 2162 1481 alii
2187 1435 2423 1482 ascribunt
2451 1437 2528 1482 Ni-

267 1521 393 1559 cetae
417 1514 633 1566 Serroni,
661 1513 777 1559 fides
805 1514 866 1559 sit
899 1528 1042 1576 penes
1072 1514 1244 1576 ipsum.
1283 1514 1410 1569 Quos
1442 1528 1531 1575 ego
1564 1514 1719 1559 evolvi
1755 1514 1938 1560 codices
1971 1514 2337 1575 manuscriptos,
2366 1528 2528 1559 omnes

266 1600 362 1635 uno
395 1603 620 1637 consensu
657 1592 994 1653 expositionem
1029 1591 1077 1636 in
1112 1592 1347 1637 orationes
1380 1591 1671 1645 Nazianzeni,
1703 1605 1818 1651 quas
1850 1606 1989 1653 supra
2022 1591 2365 1643 recensuimus,
2392 1590 2528 1636 Nice-

266 1676 338 1714 tae
361 1668 549 1713 Serroni
572 1667 833 1714 vindicant:
865 1668 1201 1730 expositionem
1225 1684 1338 1715 vero
1362 1669 1409 1714 in
1435 1669 1642 1715 carmina
1659 1703 1670 1721 ‚
1698 1670 1882 1715 Nicetae
1905 1668 2085 1714 Davidi.
2121 1670 2178 1714 Et
2208 1668 2268 1714 de
2293 1669 2383 1715 hoc
2408 1667 2545 1713 nulli

268 1760 473 1806 unquam
498 1743 694 1791 dubium
722 1745 826 1791 fuit.
857 1746 1011 1800 Quare
1032 1745 1226 1792 'firmum
1256 1755 1528 1808 certumque
1551 1754 1730 1799 manet,
1759 1748 1944 1793 Nicetae
1968 1746 2156 1792 Davidis
2190 1747 2526 1808 expositionem

264 1823 312 1868 in
346 1823 578 1875 carmina;
603 1823 789 1869 Nicetae
818 1824 1056 1876 Serronis,
1082 1824 1421 1885 expositionem
1456 1825 1505 1869 in
1540 1825 1775 1870 orationes
1804 1825 2074 1870 Nazianzeni
2107 1839 2221 1870 esse.

390 1955 550 2001 XXIV.
587 1956 772 2002 Nicetae
792 1957 967 2018 Eugeni
992 1956 1161 2018 legitur
1188 1957 1383 2018 epistola
1403 1958 1535 2003 unica
1559 1958 1608 2003 in
1634 1956 1742 2003 cod.-
1773 1957 1903 2017 regio
1925 1956 2163 2017 parisiensi
2193 1956 2303 2001 594.
2343 1950 2395 1997 P.
2424 1944 2522 2000 Σὺν
2555 1955 2558 1958 ’

262 2022 424 2095 zared?
446 2022 543 2077 τῶν
576 2021 636 2095 ἐξ
666 2021 877 2095 ἀγώνων
906 2023 1043 2094 ἡμῶν
1073 2022 1190 2078 νέων
1222 2022 1443 2078 σόλλοΓε
1476 2020 1628 2096 δέξαι
1661 2021 1825 2077 λόΓον.
1860 2035 1928 2079 Β6
1953 2049 2049 2095 quo
2075 2033 2188 2079 nihil
2218 2033 2368 2079 habeo
2403 2033 2524 2079 ultra

260 2108 387 2170 quod
422 2108 592 2155 dicam.

235 2280 242 2281 ἶ
388 2229 526 2284 XXV.
565 2228 969 2283 Quemadmodum
996 2245 1080 2276 nec
1106 2230 1166 2276 de
1190 2230 1338 2277 altero
1362 2232 1521 2278 Niceta
1547 2229 1786 2278 sacerdote
1807 2247 1859 2277 ac
1883 2229 2115 2292 syncello,
2144 2231 2369 2292 scriptore
2394 2230 2524 2291 equi-

260 2305 368 2351 dem
401 2300 746 2368 elegant'issimo
772 2322 826 2353 ac
849 2307 1153 2369 politissimo‚
1182 2309 1312 2354 cuius
1347 2324 1488 2355 manu
1522 2315 1734 2355 exaratae
1767 2317 1876 2355 sunt
1906 2296 2094 2374 eclogae
2119 2308 2180 2354 de
2203 2306 2454 2354 virtutibus
2479 2315 2524 2351 et

258 2382 405 2434 vitiis,
434 2398 459 2428 a
482 2383 732 2430 Theodoro
757 2375 979 2446 magistro
1004 2400 1057 2431 ex
1085 2384 1307 2447 operibus
1341 2386 1562 2432 Iohannis
1588 2386 1897 2448 chrysostomi
1924 2386 2172 2438 collectae,
2200 2394 2247 2449 et
2278 2387 2323 2431 in
2350 2385 2524 2432 biblio·
2583 2384 2589 2388 '

258 2460 390 2511 theca
425 2462 635 2507 vaticana
669 2454 993 2515 conservatae,
1023 2479 1153 2509 num.
1184 2464 1294 2510 586.
1331 2466 1461 2510 cuius
1495 2465 1541 2510 in
1576 2464 1670 2510 fine
1702 2464 1895 2526 legitur:
1937 2451 2215 2510 ἐτελειώθη
2253 2452 2310 2506 τὸ
2348 2452 2521 2528 ωαρόν

258 2532 471 2590 βιβλίον
509 2525 596 2581 διὰ
634 2526 813 2600 χειρός
843 2528 1042 2585 Nm-rsem
1081 2530 1322 2592 εὐτελοῦς
1354 2530 1530 2604 ἱερέως
1565 2530 1648 2584 καὶ
1692 2530 2017 2598 συγκέλλου,
2046 2527 2167 2603 μηνὶ
2200 2535 2396 2603 μαρτίῳ
2432 2528 2518 2582 μ’·

260 2599 534 2657 ἶνδικτιῶνι
566 2603 632 2671 β’·
660 2606 756 2658 ‘rofi'
782 2605 984 2676 Ιςχλβ·
1021 2604 1180 2668 ἔτους.
1216 2616 1468 2663 Absolutus
1500 2628 1570 2662 est
1604 2616 1682 2662 lzz‘e
1715 2617 1835 2663 liber
1859 2618 2007 2663 mana
2032 2617 2229 2663 Nicetae
2262 2605 2521 2663 contemniss

251 2687 341 2747 fici
372 2689 632 2735 sacerdotis
663 2703 706 2736 et
742 2693 975 2755 Syneelli,
1006 2694 1178 2739 mensis
1211 2694 1384 2740 martii
1411 2694 1490 2739 die
1521 2697 1596 2741 16.
1627 2688 1870 2740 ιἠοῖιί·τ.“2.
1901 2693 2023 2739 anni
2045 2695 2187 2740 6632.
2229 2694 2348 2755 (Qui
2383 2693 2518 2740 fuerit

256 2765 422 2812 Christi
464 2768 641 2830 1124.)
2417 2759 2425 2769 '

343 2887 346 2892 ¹
385 2900 542 2945 XXVI.
582 2901 664 2945 His
698 2900 806 2946 addi
843 2895 997 2962 potest
1028 2900 1181 2947 adhuc
1215 2901 1332 2946 alius
1362 2902 1570 2954 Nicetas,
1599 2903 1728 2948 cuius
1762 2890 1826 2945 τοὶ
1858 2892 1980 2946 ἑπτὰ
2005 2891 2171 2946 ποίλαι
2201 2893 2296 2946 τοῦ
2323 2890 2514 2962 κόσμου

254 2963 534 3035 θαύματα,
569 2989 745 3039 septem
778 2978 952 3023 mundi
975 2979 1179 3040 antiqua
1214 2978 1481 3028 miracala,
1510 2979 1655 3024 edidit
1685 2980 1831 3025 David
1865 2980 2189 3032 Hoeschelius‚
2219 2995 2323 3025 cum
2360 2979 2517 3024 Philo-

254 3053 324 3098 nis
357 3053 510 3100 iudaei
535 3054 594 3100 de
622 3057 885 3117 septenario
916 3071 1114 3102 numero
1150 3055 1340 3108 libello,
1370 3057 1602 3115 Augustae
1625 3057 1967 3103 vindelicorum
1991 3073 2067 3102 an.
2103 3055 2250 3103 1614.
2269 3058 2317 3102 in
2344 3058 2389 3101 [ι.
2421 3057 2514 3102 Nisi

252 3131 356 3191 quis
392 3131 451 3177 ad
484 3132 757 3184 Choniatam
793 3134 980 3180 referat.

588 3295 590 3301 ,
632 3253 876 3316 Appendix
913 3254 972 3300 de
1007 3255 1165 3301 Niceta
1201 3256 1423 3317 Naupacti
1458 3256 1678 3317 episcopo
1707 3256 1899 3316 eiusque
1935 3257 2132 3318 scriptis.

380 3356 560 3411 XXVII.
601 3367 807 3413 Diximus
832 3383 880 3429 p.
912 3369 958 3413 9.
987 3369 1200 3430 ignotum
1229 3367 1368 3414 fuisse
1394 3367 1566 3413 Allatio
1591 3369 1796 3434 Nicetam
1822 3369 2045 3430 Naupacti
2082 3368 2236 3430 (nunc
2270 3369 2511 3432 Leponto)

252 3442 549 3503 episcopum:
576 3444 766 3505 eiusque
792 3453 1079 3505 accuratam,
1107 3453 1335 3506 quantum
1360 3445 1542 3491 licuerit
1567 3445 1803 3495 notitiam,
1834 3460 1920 3491 nos
1943 3443 2398 3508 posteatradituros.
2427 3431 2513 3507 lgiss

252 3526 327 3564 tur
356 3519 404 3563 in
434 3521 646 3567 vaticano
682 3537 874 3583 magnae
906 3523 1044 3569 molis
1075 3523 1258 3575 codice,
1286 3525 1335 3568 in
1371 3522 1483 3574 fol„
1516 3523 1659 3583 spissa
1692 3522 1997 3585 diligentique
2030 3524 2273 3586 scriptura
2293 3533 2507 3575 exarato.

252 3594 286 3640 f.
321 3596 437 3641 1..et
461 3599 508 3642 2.
539 3597 621 3644 has
646 3601 802 3661 operis
827 3600 988 3646 laudes
1015 3602 1218 3661 poeticas
1242 3598 1470 3661 legebam.
1488 3613 1491 3616 ·
1509 3588 1731 3648 Πολλῶν
1758 3588 1916 3643 πόνων
1949 3588 2120 3663 ἔρανος
2150 3589 2507 3664 ἧῖιρῑβωμένθς·

252 3698 282 3706 -
318 3658 484 3716 Οὐδὲν
511 3665 733 3739 περιτἿόν
763 3663 880 3720 οὐδὲ
913 3667 1091 3720 λεῖπον
1124 3663 1313 3720 ἐνθάδε.
1351 3703 1382 3711 -
1418 3665 1497 3719 To}
1525 3663 1684 3719 ποίιῗῙα
1714 3663 1763 3718 δ’
1791 3667 1855 3729 ὥς
1882 3666 1982 3739 χρὴ
2015 3666 2098 3721 καὶ
2130 3668 2305 3729 καλῶς
2335 3667 2506 3740 ἐσκεμ-

248 3736 391 3807 μένὸι.
428 3775 460 3784 -
492 3741 659 3815 Χάρις
690 3739 747 3795 δὲ
773 3743 916 3798 πᾶσα
942 3744 1016 3816 τῷ
1050 3743 1192 3814 σοφῷ
1218 3741 1584 3816 Χρυσοστόμῳ.
1623 3782 1655 3790 -
1683 3743 2146 3818 Ἀξιολογώτατον
2174 3749 2389 3811 βιβλίον
2419 3743 2501 3797 καὶ

251 3810 560 3888 δυσεύρετον.
596 3855 626 3863 -
660 3829 812 3875 Multo
836 3830 999 3876 labore
1023 3841 1193 3875 exacte
1218 3829 1338 3876 liber
1361 3830 1650 3878 elaboratas.
1690 3830 2196 3897 Nihilssupervaeuum
2221 3830 2350 3877 nihil
2377 3830 2508 3890 dese-
