2970 4420
468 307 540 336 mv

1346 385 1619 428 OPUSCULA
1658 386 1824 427 VARIA

916 531 961 572 A
999 528 1209 573 Nonis
1244 527 1529 571 ALLATn
1567 527 1929 571 DIATRIBIS
1963 529 2255 574 Anm'rA.

1266 668 1267 671 Ἴ
1303 683 1545 700 -ῄν-ᾲν--ὂ

466 815 501 855 l.
535 815 628 856 Vita
651 814 799 875 Allatii
830 818 1001 855 aiictore
1032 813 1276 867 Stephano
1273 811 1457 865 Gradi0,
1492 816 1589 866 post
1618 813 1751 866 praef.
1784 825 1828 868 p.
1860 814 1913 854 V.

465 886 521 926 ΙΙ.
554 869 715 926 Nicolai
746 884 962 926 Alemanni
993 884 1046 925 de
1076 870 1320 925 kalendario
1351 881 1574 937 pugillari,
1607 883 1705 925 item
1735 887 1833 938 post
1862 885 1992 938 praef.
2026 897 2070 939 p.
2105 886 2254 929 XXIX.

465 956 543 997 ΙΙΙ.
576 954 787 997 Theodori
817 955 950 996 Gazae
980 953 1165 996 laudatio
1196 952 1312 994 canis
1342 964 1386 1006 p.
1414 953 1514 994 203.

462 1027 536 1067 IV.
564 1025 777 1079 Theodori
807 1024 1069 1066 heracleotae
1100 1036 1149 1065 ex
1180 1024 1270 1065 eius
1300 1024 1608 1066 commentariis
1637 1025 1680 1066 in
1712 1025 1872 1066 Esaiam
1902 1037 1947 1079 p.
1981 1026 2081 1066 214.

464 1099 515 1139 V.
549 1098 767 1139 Variorum
799 1096 843 1137 in
874 1095 1067 1138 eumdem
1097 1096 1254 1137 Esaiam
1285 1095 1522 1150 fragmenta
1551 1109 1595 1151 p.
1630 1098 1732 1138 239.

420 1164 422 1166 ’
462 1169 535 1209 VI.
569 1166 779 1209 Theodori
809 1166 876 1207 vel
905 1165 1085 1207 Diodori
1114 1166 1310 1207 tarsensis
1343 1178 1393 1207 ex
1423 1168 1734 1209 commentariis
1762 1168 1806 1208 in
1835 1167 2021 1222 psalmos
2050 1181 2095 1222 p.
2130 1169 2230 1211 240.
2416 1223 2419 1226 Ι

379 1251 381 1256 ·
461 1238 556 1279 VII.
590 1237 802 1290 Theodori
832 1223 970 1278 Dueae
1000 1237 1104 1291 imp.
1141 1236 1193 1278 de
1226 1235 1378 1278 divinis
1408 1237 1649 1279 nominibus
1680 1237 1747 1279 vel
1775 1237 1918 1292 potius
1946 1238 2141 1292 epithetis
2169 1251 2214 1293 p.
2243 1240 2343 1282 259.

459 1309 575 1350 VlII.
609 1307 820 1358 Theodori
853 1306 1042 1361 episcopi
1073 1306 1364 1349 Trimithuntis
1392 1308 1480 1349 vita
1506 1309 1547 1350 S.
1582 1308 1677 1349 Ioh.
1707 1308 1991 1363 chrysostomi
2019 1320 2063 1364 p.
2094 1310 2194 1351 265.
2648 1364 2651 1370 Ι

459 1380 532 1421 ΙΧ.
566 1378 706 1420 Procli
739 1377 1043 1432 archiepiscopi
1074 1376 1520 1433 constantinopolitani
1549 1369 1735 1420 laudatio
1765 1379 1809 1421 in
1839 1381 1879 1421 S.
1915 1379 2126 1422 Andream
2158 1380 2393 1435 apostolum
2425 1393 2469 1435 p.
2501 1381 2603 1422 291.

456 1450 508 1491 X.
542 1435 753 1499 Theodori
781 1448 970 1491 Studitae
1002 1451 1089 1491 vita
1119 1462 1143 1491 a
1174 1449 1376 1502 Michaele
1407 1450 1643 1503 monache,
1674 1450 1837 1493 diversa
1869 1450 1922 1493 ab
1952 1451 2025 1493 illa
2058 1451 2172 1493 edita
2203 1464 2247 1506 p.
2277 1452 2377 1493 293.

455 1521 527 1562 XI.
561 1521 904 1574 Supplementum
935 1522 1141 1563 sermonis
1169 1510 1381 1564 Theodori
1411 1521 1599 1564 Studitae
1630 1521 1682 1564 de
1712 1523 1751 1564 S.
1786 1522 2112 1565 Bartholomaeo
2143 1523 2337 1578 apostolo
2369 1528 2414 1577 p.
2448 1522 2549 1565 315.

454 1591 548 1632 XII.
581 1590 791 1633 Theodori
824 1591 1010 1634 Studitae
1038 1591 1225 1634 laudatio
1256 1593 1299 1634 in
1331 1596 1507 1634 matrem
1534 1605 1651 1635 suam
1679 1593 1945 1635 Theoctisten
1975 1606 2021 1648 p.
2053 1594 2153 1636 364.

452 1662 568 1703 XIII.
592 1660 814 1719 Theodori
848 1662 1037 1717 episcopi
1067 1662 1243 1705 Alaniae
1272 1674 1411 1704 sermo
1444 1663 1517 1717 qui
1546 1662 1787 1705 inscribitur
1817 1664 1995 1706 alanicus
2028 1676 2072 1719 p.
2107 1665 2208 1706 379.

451 1732 563 1773 XIV.
596 1714 807 1791 Theodori
838 1732 1063 1775 Prodromi
1099 1736 1297 1787 poemata
1330 1734 1447 1775 varia
1483 1737 1524 1775 et
1559 1746 1643 1775 una
1676 1746 1803 1789 prosa
1832 1747 1877 1789 p.
1911 1735 2012 1777 399.

450 1804 540 1845 XV.
575 1785 787 1853 Theodori
815 1804 1038 1846 iconiensis
1066 1809 1159 1847 acta
1188 1805 1352 1846 sincera
1382 1806 1449 1846 SS.
1482 1806 1583 1847 MM.
1615 1805 1753 1861 Ciryci
1784 1810 1826 1847 et
1855 1806 2023 1848 lulittae
2056 1819 2101 1861 p.
2135 1807 2236 1848 417.

450 1875 561 1916 XVI.
596 1874 806 1934 Theodori
834 1875 1066 1930 Xantopuli
1097 1875 1299 1929 epistolae
1331 1874 1438 1917 duae
1469 1879 1511 1917 et
1540 1875 1585 1917 in
1618 1875 1799 1918 eundem
1827 1875 2016 1918 laudatio
2046 1876 2235 1919 funebris
2265 1888 2311 1931 p.
2337 1876 2437 1917 418.
2466 1879 2507 1917 et
2537 1886 2663 1929 seqq.

449 1946 583 1987 XVII.
617 1945 829 2005 Theodori
862 1946 1017 1987 nomici
1047 1945 1234 1988 laudatio
1266 1945 1458 1988 funebris
1491 1947 1537 1988 in
1566 1947 1856 1989 Andronicum
1876 1947 2205 2011 Tarehaniotam
2236 1960 2280 2002 p.
2313 1948 2415 1988 422.

449 2016 602 2058 XVIII.
630 2016 823 2071 Historia
857 2016 1090 2062 obsidionis
1121 2018 1607 2072 constantinopolitanae
1639 2017 1717 2060 sub
1750 2018 1943 2060 Heraclio
1970 2019 2074 2073 imp.
2110 2030 2154 2072 p.
2185 2018 2286 2059 423.

449 2088 559 2129 XIX.
585 2088 778 2146 Thomae
812 2087 1003 2141 magistri
1033 2087 1085 2130 de
1115 2088 1356 2131 incursione
1388 2089 1591 2131 Italorum
1623 2093 1666 2130 et
1693 2091 1923 2132 Turearum
1954 2090 1997 2131 in
2028 2088 2282 2131 Thessaliam
2314 2101 2358 2143 p.
2392 2088 2492 2129 437.

448 2159 538 2200 XX.
571 2159 740 2207 Nicetae
773 2158 1056 2212 Paneuphemi
1084 2159 1286 2214 epistolae
1314 2172 1361 2214 p.
1392 2161 1493 2202 439.
1530 2162 1665 2212 (Item
1695 2173 1742 2216 p.
1771 2161 1872 2214 24.)

447 2229 557 2271 XXI.
592 2213 760 2270 Nicetae
790 2229 1063 2270 maroniensis
1089 2230 1352 2284 prooemium
1385 2230 1652 2285 dialogorum
1676 2232 1765 2275 eius
1795 2231 1846 2274 de
1874 2233 2050 2287 Spiritus
2070 2233 2202 2274 saneti
2227 2231 2495 2286 processione
2517 2242 2563 2286 p.
2589 2230 2691 2272 445.

447 2300 581 2341 XXII.
614 2300 780 2341 Nicetae
818 2299 982 2341 nicaeni
1020 2299 1072 2341 de
1110 2300 1404 2343 schismatibus
1437 2303 1561 2344 variis
1594 2303 1850 2345 Graecorum
1889 2316 1934 2358 p.
1965 2303 2068 2345 446.
2103 2301 2268 2359 (Huius
2297 2301 2463 2344 Nicetae
2493 2301 2694 2355 epistolae

563 2369 675 2425 apud
706 2370 903 2412 Allatium
935 2371 1076 2423 fuere,
1110 2384 1214 2426 quas
1244 2384 1323 2414 nos
1353 2377 1492 2414 tamen
1523 2373 1712 2415 nondum
1743 2375 2025 2429 reperimus}

446 2442 599 2486 XXIII.
624 2441 844 2490 Theodori
873 2442 1154 2484 meliteniotae
1184 2455 1396 2485 sermones
1429 2448 1471 2485 et
1502 2444 1641 2486 ethica
1669 2444 1721 2486 ad
1750 2445 2120 2499 tetraevangelium
2151 2456 2195 2498 p.
2225 2444 2326 2484 451.

445 2513 596 2554 XXIV
629 2499 795 2554 Nicetae
829 2512 938 2554 Seidi
967 2524 1016 2554 ex
1049 2513 1138 2554 eius
1167 2517 1351 2555 tractatu
1385 2513 1437 2555 de
1472 2515 1670 2568 paschate
1701 2528 1745 2569 p.
1779 2515 1880 2557 492.

445 2584 573 2625 XXV.
605 2583 820 2638 Theodori
855 2595 990 2638 papae
1021 2583 1197 2637 epistola
1229 2583 1282 2626 ad
1317 2585 1659 2639 Constantinum,
1690 2586 1758 2627 vel
1789 2586 1932 2640 potius
1959 2586 2230 2628 Constantem
2259 2585 2317 2627 11.
2347 2585 2449 2639 imp.
2480 2597 2526 2638 p.
2557 2554 2659 2626 510.

445 2655 596 2697 XXVI.
616 2647 893 2696 Constantini
923 2654 1120 2697 Heraclio
1149 2656 1279 2709 geniti
1312 2658 1418 2711 imp.
1449 2657 1626 2712 epistola
1655 2657 1708 2699 ad
1739 2669 1961 2699 romanum
1992 2655 2238 2699 Pontificem
2267 2668 2314 2711 p.
2346 2657 2446 2697 511.

442 2726 613 2767 XXVII.
647 2726 688 2767 S.
713 2725 1032 2774 Bar-tholomaei
1064 2726 1464 2782 Cryptoserratensis
1490 2728 1575 2770 vita
1607 2740 1654 2782 p.
1689 2730 1790 2770 514.

443 2796 636 2838 XXVIII.
671 2778 879 2851 Anonymi
908 2795 1095 2839 laudatio
1130 2797 1175 2838 in
1207 2798 1248 2838 S.
1279 2797 1648 2840 Bartholomaeum
1679 2798 1943 2854 praedictum
1972 2812 2017 2854 p.
2050 2799 2152 2840 530.

442 2868 592 2909 XXIX.
626 2867 841 2909 Michaelis
872 2867 1027 2923 Glycae
1061 2868 1261 2923 epistolae
1295 2869 1404 2911 duae
1438 2869 1490 2911 de
1522 2874 1634 2911 statu
1664 2870 1896 2912 animarum
1923 2874 2022 2924 post
2051 2870 2179 2912 vitam
2209 2882 2256 2924 p.
2290 2864 2390 2911 534.

441 2939 569 2980 XXX.
604 2938 830 2992 Catalogus
860 2938 1057 2980 codicum
1090 2950 1338 2993 graecorum
1368 2940 1611 2982 monasterii
1640 2942 1683 2983 in
1714 2941 1854 2997 insula
1882 2943 2030 2983 Patmo
2061 2952 2106 2995 p.
2137 2941 2236 2983 537.

441 3010 590 3051 XXXI.
622 3009 766 3051 Basilii
795 3010 1083 3064 neopatrensis
1115 3009 1319 3064 prologus
1348 3003 1637 3054 commentarii
1665 3012 1709 3053 in
1739 3013 1834 3054 XII.
1867 3012 2099 3067 prophetas
2129 3024 2175 3066 p.
2207 3013 2307 3053 540.

439 3080 609 3121 XXXII.
643 3080 795 3122 Leonis
826 3080 1013 3134 magistri
1044 3092 1094 3122 ex
1124 3080 1212 3122 eius
1241 3082 1424 3152 epitome
1452 3082 1848 3124 commentariorum
1880 3083 1926 3124 in
1955 3082 2111 3125 librum
2144 3092 2350 3136 geneseos·
2377 3093 2421 3134 p.
2456 3081 2559 3122 541.

440 3151 632 3191 XXXIII.
667 3151 868 3193 Iohannis
898 3150 1061 3193 diaconi
1090 3165 1140 3194 ex
1171 3146 1259 3194 eius
1288 3152 1464 3195 historia
1493 3153 1676 3194 hominis
1705 3166 1750 3208 p.
1783 3154 1885 3197 542.
1946 3187 1949 3189 ,

441 3220 627 3261 XXXIV
662 3222 774 3262 Petri
806 3222 1015 3264 laodiceni
1044 3235 1092 3264 ex
1126 3224 1214 3265 eius
1247 3223 1549 3265 commentario
1581 3224 1625 3265 in
1657 3225 1730 3266 IV.
1764 3223 1979 3277 evangelia
2009 3235 2053 3277 p.
2085 3223 2183 3263 543.

398 3342 403 3349 ι
442 3291 607 3332 XXXV.
640 3291 851 3350 Theodori
882 3293 1071 3348 episcopi
1100 3294 1364 3336 Andidorum
1390 3295 1688 3337 commentatio
1716 3293 1768 3336 de
1793 3306 1908 3336 saera
1918 3293 2121 3346 liturgia,
2147 3292 2192 3334 id
2221 3297 2283 3334 est
2307 3273 2452 3346 missa,
2477 3305 2573 3335 cum
2600 3306 2681 3335 no-

556 3361 647 3402 titia
668 3363 782 3415 paris
804 3366 944 3417 operis
968 3365 1168 3420 Stephani
1198 3366 1417 3408 Aldoensis
1445 3365 1704 3420 patriarchae
1736 3364 2060 3418 Maronitarum,
2084 3364 2270 3418 itemque
2291 3363 2473 3406 Nersetis
2491 3364 2682 3419 lampru-

557 3432 695 3472 nensis
715 3433 1009 3477 Armeniorum
1030 3436 1234 3491 episcopi.
1258 3437 1447 3492 Denique
1468 3435 1753 3493 testimonium
1774 3434 2041 3476 Abu-Isaacii
2057 3433 2300 3476 ben-Assali
2315 3434 2683 3489 ,copto-iacobitae
2703 3491 2705 3493 Ι

561 3514 640 3556 pro
671 3514 844 3545 romano
874 3506 1056 3558 primatu
1087 3520 1131 3562 p.
1163 3509 1264 3549 545.

442 3573 628 3615 XXXVI.
663 3574 703 3614 S.
737 3574 874 3615 Basilii
908 3578 1066 3620 monita
1096 3578 1148 3620 ad
1178 3579 1415 3621 sacerdotes
1447 3578 1613 3620 missam
1643 3576 1925 3619 celebraturos
1956 3588 2000 3630 p.
2034 3577 2134 3618 584.

442 3643 649 3693 XXXVII.
684 3643 806 3686 Missa
839 3645 1087 3689 Graecorum
1117 3650 1293 3703 picturis
1324 3644 1542 3704 expressa,
1576 3660 1671 3691 cum
1701 3647 1881 3703 praeviis
1911 3646 2267 3689 declarationibus
2299 3660 2342 3702 p.
2373 3649 2472 3689 585.
