2970 4420
1299 271 1402 304 vu'A
1410 289 1419 300 .

246 362 429 426 losephi
467 359 814 407 Thessalonicae
857 357 1190 420 archiepiscopi
1223 371 1329 419 ger-

167 447 174 454 ’
241 442 365 488 mani
390 439 561 486 fratris·
590 439 687 484 Deo
708 452 759 483 ac
783 444 1018 483 servatore
1043 443 1203 501 nostro
1227 436 1329 483 Iesu

241 518 423 565 Christo
456 516 521 563 sic
556 514 770 571 volente,
799 522 851 560 ut
883 513 972 560 hos
1003 511 1226 559 habentes
1249 527 1331 558 cu-

243 603 421 642 ratores
449 608 501 640 ae
528 591 732 638 medicos
757 599 1019 637 nostrarum
1045 586 1326 642 animarum,

242 681 381 734 atque
416 669 539 733 apud
564 677 768 716 sanctam
794 668 1052 730 simplicem
1080 668 1331 713 increatam

242 757 290 796 et
327 746 770 794 consubstantialem
805 746 1073 792 Trinitatem
1113 745 1333 790 interces-

243 841 395 878 sores,
426 823 679 870 liberemur
715 824 1142 885 semperripsorum
1182 821 1333 884 preci-

239 901 330 949 bus
363 900 423 947 ab
456 902 583 948 omui
618 899 774 947 divina
807 901 902 954 ira,
938 899 1243 951 detrimento,
1280 913 1333 944 ac

242 979 415 1026 damno
435 977 690 1025 visibilium
707 977 912 1023 hostium
935 985 982 1023 et
1004 974 1329 1028 invisibilium;

242 1055 485 1103 laudantes
521 1057 703 1102 Patrem
742 1062 790 1100 et
822 1054 992 1100 Filium
1031 1068 1083 1100 ac
1124 1060 1333 1099 sanctum

241 1135 490 1196 Spiritum,
517 1148 665 1179 unum
687 1133 834 1179 Deum
864 1139 1100 1184 nostrum,
1129 1145 1213 1192 per
1236 1145 1330 1176 sae-

244 1211 348 1258 cula
382 1210 691 1258 saeculorum.
729 1210 895 1256 Amen.

2391 251 2485 299 363

1402 349 1650 409 castorium
1682 350 1726 421 19
1759 346 1862 418 ἰδίῳ
1884 351 2034 402 αὐτοῦ
2066 351 2268 419 ἀδελφῷ·
2291 351 2327 406 ‘3²-
2356 358 2480 406 θεοῦ

1401 428 1486 482 καὶ
1515 425 1751 500 σωτῆρΘ
1783 423 1908 496 ἦμῆ]
1941 430 2097 480 Ἰησοῦ
2129 434 2303 499 xpm-05
2338 428 2481 494 οὕτως

1402 501 1849 574 ⁶630³criooeva09¹
1834 525 1908 555 ινα,
1936 501 2124 562 roba-ovs
2152 505 2338 573 ’ἔχοντες
2369 526 2483 577 προ-

1401 581 1593 653 μηθὲας
1624 581 1707 635 καὶ
1738 578 1915 656 ἷαῖοῦς
1946 575 2021 645 9ῖό
2046 602 2094 633 τε
2125 580 2294 652 ψυχων
2324 582 2367 651 19
2398 603 2484 634 σω

1403 657 1569 730 μάτων
1603 655 1753 729 ’ll-W,
1784 656 1868 709 καὶ
1900 655 2096 726 μεσιτας
2125 657 2242 730 πρὸς
2277 681 2310 709 ⁴7'
2340 658 2484 726 clytus

1403 738 1446 807 19
1477 738 1651 790 ἁπλῆν
1664 739 1707 807 19
1739 736 1941 793 ἄκτιςον
1969 733 2054 787 καὶ
2085 733 2333 802 ὁμοούσιον
2358 756 2486 832 τρια-

1404 813 1469 864 δα,
1482 815 1830 885 ,λυτρὼμεθα
1859 812 1926 865 «ἰεῖ
1959 810 1991 866 «ῗ-
2024 812 2177 864 αὐτων
2208 812 2486 882 πρεσβείαις

1405 890 1501 944 ἀπὸ
1532 890 1689 949 πάσης
1720 890 1859 963 ὀργῆς
1883 890 2142 956 Samara,
2160 888 2346 951 βλάέης
2375 910 2424 940 τε
2445 891 2487 958 19

1407 966 1619 1040 ἐπηρείας
1650 966 1830 1040 ὁρατῶν
1857 989 1938 1019 και
1972 966 2229 1035 νοουμένων
2260 967 2489 1037 ἐχθρων,

1408 1042 1677 1117 δοξάζοντες
1708 1045 1896 1136 πατέρα
1925 1045 1967 1115 19
1998 1041 2088 1096 υἱον
2119 1050 2160 1114 19
2193 1041 2333 1110 ἅγιον
2357 1063 2490 1094 πνευ·
2510 1062 2513 1065 ·

1405 1142 1477 1190 μα,
1508 1122 1540 1173 >r
1566 1120 1649 1176 εε’νοι,
1679 1119 1793 1175 θεὸν
1826 1142 1955 1192 nucem
1986 1123 2044 1179 εἷς
2076 1117 2173 1174 πὸ*
2209 1119 2379 1177 αἰωνας
2416 1116 2489 1185 7356

1407 1194 1604 1252 αἰωνων.
1642 1200 1809 1266 Ἀμήν.

865 1580 938 1620 DE
967 1579 1240 1632 SEQUENTE
1269 1572 1620 1624 LAUDATIONE
1650 1583 1882 1627 FUNEBRI

1189 1759 1541 1813 MONITUM.

244 1968 480 2042 Matrem
505 2009 644 2041 suam
678 1991 991 2040 Ibeoctistam
1020 2010 1240 2060 supremo
1263 1996 1426 2042 morbo
1457 1971 1764 2043 laborantem¹
1782 2009 2069 2061 peramante
2086 1999 2266 2061 piaque
2297 1998 2497 2062 epistola

245 2072 516 2118 consolatus
544 2070 720 2133 fuerat
758 2069 1048 2122 Theodorus,
1086 2088 1210 2134 quae
1241 2084 1311 2118 est
1351 2072 1466 2119 libri
1493 2074 1676 2137 prioris
1713 2086 1871 2121 sexta.
1908 2075 2044 2121 Idem
2081 2091 2198 2120 moa:
2231 2077 2497 2122 extinctam

242 2149 442 2210 funebri
474 2149 691 2195 oratione
717 2159 996 2212 prosecutus
1029 2159 1120 2199 est,
1151 2139 1197 2194 et
1231 2149 1423 2212 quidem
1455 2150 1659 2215 insigni,
1695 2168 1842 2215 quam
1874 2167 2142 2201 memorant
2177 2155 2272 2201 duo
2302 2155 2498 2220 biogra-

242 2226 358 2292 phi,
387 2239 545 2273 noster
576 2243 692 2289 cap..
711 2229 769 2281 2,
794 2237 841 2272 et
871 2225 1229 2273 sirmondianus
1250 2244 1305 2290 p.
1334 2228 1380 2274 3.
1418 2230 1529 2274 Iam
1563 2246 1668 2276 vero
1701 2247 1808 2277 cum
1826 2231 1882 2296 *in
1916 2234 2139 2297 catalogo
2163 2233 2388 2298 impresso
2420 2251 2498 2280 co-

243 2303 405 2351 dicum
443 2321 555 2352 mss.
595 2304 907 2353 bibliothecae
937 2306 1102 2372 regiae
1131 2307 1417 2371 pariszensis
1456 2309 1505 2353 T.
1538 2309 1611 2353 II.
1642 2325 1696 2372 p.
1733 2309 1844 2355 338.
1879 2309 2096 2373 legissem
2126 2311 2309 2357 servari
2339 2310 2390 2357 in
2420 2328 2498 2357 co-

244 2380 349 2426 dice
378 2383 520 2429 ¹491.
549 2381 675 2429 banc
704 2383 927 2431 Studitae
961 2383 1227 2431 orationem
1258 2384 1317 2430 de
1349 2395 1505 2430 matre
1537 2400 1652 2436 sua,
1681 2401 1880 2448 eamque
1909 2386 2122 2434 nondum
2154 2388 2335 2434 editam
2371 2388 2498 2435 vide-

244 2472 369 2510 rem,·
397 2458 525 2504 iusta
559 2458 683 2504 mibi
715 2460 957 2524 cupiditas
986 2460 1154 2507 oborta
1181 2472 1270 2512 est,
1300 2460 1686 2524 quandoquidem
1717 2463 1964 2526 complura
1992 2463 2095 2510 alia
2126 2464 2349 2510 Studitae
2380 2465 2498 2511 scri-

239 2546 330 2598 pta
364 2533 635 2586 edideram,
665 2534 752 2581 hoc
781 2536 1108 2600 ept‘taplzicum
1132 2537 1325 2601 pariter
1360 2537 1410 2583 in
1445 2539 1596 2584 lucem
1624 2538 1968 2602 protrahendi:
1997 2540 2170 2586 etenim
2200 2553 2395 2587 sanctae
2415 2541 2497 2604 se-

244 2610 407 2656 minae
438 2612 702 2658 encomium
736 2629 768 2658 a
804 2625 970 2659 sancto
993 2613 1111 2675 filio
1145 2614 1425 2665 recitatum,
1463 2631 1601 2678 quem
1632 2632 1726 2661 non
1759 2616 1982 2662 delectet?
2013 2618 2200 2681 Rogavi
2234 2618 2388 2682 igitur
2409 2634 2499 2682 per
2574 2668 2577 2670 μ

246 2688 434 2734 litteras
465 2688 617 2734 virum
642 2689 848 2751 equestri
870 2690 1114 2753 dignitate
1136 2703 1383 2742 ornatum,
1412 2703 1555 2754 atque
1578 2692 1720 2738 editis
1744 2692 1879 2739 libris
1910 2693 2229 2740 clarissimum
2244 2731 2257 2745 ,
2287 2692 2498 2757 mihique

247 2765 434 2811 iamdiu
470 2765 692 2811 amicitia
727 2766 1016 2817 devinctum,
1044 2769 1251 2814 Paulum
1285 2767 1575 2819 Draclzium,
1606 2781 1659 2814 ut
1686 2770 1990 2833 praedictam
2020 2771 2241 2817 Studitae
2274 2771 2498 2817 lucubra-

246 2842 422 2889 tionem
437 2881 449 2893 ,
479 2843 574 2889 mei
603 2860 750 2890 causa
787 2861 850 2889 ex
880 2845 1143 2908 parisiensi
1171 2846 1330 2891 codice
1359 2846 1724 2905 exscribendam
1747 2861 1964 2902 curaret,·
1992 2850 2121 2912 quod
2146 2850 2226 2897 ille
2253 2868 2342 2914 per
2364 2868 2498 2915 egre-

246 2919 382 2984 gium
432 2920 788 2985 calligraphum
835 2923 1118 2986 Sypsomum
1158 2939 1282 2987 pure
1326 2925 1658 2988 eleganterque
1705 2925 2051 2988 conficiendum
2098 2925 2291 2991 sategit.
2336 2929 2498 2992 Igitur

245 3013 420 3060 graeco
459 3002 649 3062 accepto
689 2999 982 3062 exemplari,
1022 2999 1229 3046 latinam
1254 3001 1515 3060 confestim
1552 3002 1918 3049 translationem
1960 3003 2140 3055 adieci,
2180 3016 2232 3050 ut
2267 3004 2380 3068 pius
2418 3005 2498 3051 hic

247 3075 616 3122 commentarius
648 3075 873 3138 plurimis
907 3076 1080 3139 prosit.
1118 3076 1228 3122 Erit
1263 3076 1417 3141 igitur
1449 3076 1537 3124 hoc
1570 3077 1629 3123 de
1671 3080 1709 3124 Τ
1705 3077 1934 3125 heoctista
1965 3080 2194 3144 scriptum
2230 3080 2497 3144 adiungen-

247 3151 363 3197 dum
388 3151 482 3201 illi,
513 3152 641 3214 quod
668 3152 726 3197 de
750 3153 974 3204 Platone,
1001 3152 1330 3216 pientissimae
1353 3154 1560 3201 eiusdem
1580 3155 1804 3216 feminae
1821 3156 2013 3218 fratre,
2047 3173 2131 3203 suo
2161 3173 2325 3221 nempe
2346 3173 2496 3206 avun-

247 3229 375 3279 culo,
414 3241 460 3274 et
495 3229 544 3274 in
584 3228 885 3293 spiritalibus
917 3241 1086 3293 patre,
1126 3230 1270 3276 idem·
1290 3231 1486 3278 Studita
1525 3234 1775 3283 exaravit,
1815 3245 1859 3278 et
1899 3234 2217 3280 Bollandiani
2254 3234 2305 3280 in
2339 3234 2497 3298 primo

250 3305 423 3369 aprilis
458 3306 691 3353 volumine
719 3306 924 3370 append.
953 3323 1006 3370 p.
1035 3307 1215 3354 [ιδ-54.
1244 3307 1308 3354 θεὲ
1342 3308 1563 3356 vaticano
1598 3309 1756 3356 codice
1791 3310 1978 3356 iamdiu
2011 3311 2314 3375 evulgarunt.
