2970 4420
481 264 561 296 xiv
1422 264 1573 295 Leonis
1606 248 1783 314 Annam

477 338 618 379 minus
647 341 762 380 arcta
793 336 849 381 ad
877 337 1171 393 prohibendos
1199 339 1389 381 virorum
1419 350 1607 380 accessus
1640 336 1834 379 custodia
1866 336 2122 398 habeantur,
2156 349 2284 394 quam
2315 328 2564 383 christianae
2602 341 2727 384 disci·-

477 409 616 464 plinae
640 409 839 451 severitas
861 410 1064 465 postulat.
1098 410 1201 453 Nam
1224 423 1320 452 cum
1344 410 1542 463 frequens
1572 409 1616 450 in
1647 408 1850 450 Chiorum
1878 413 2050 463 portum
2078 411 2428 454 ottomanicarum
2456 412 2647 454 classium
2674 414 2728 455 sit

476 481 699 536 appulsuS,
733 485 860 536 atque
896 482 1086 524 omnium
1119 482 1306 536 gentium
1338 480 1571 535 gratissima
1600 474 1750 533 stati0,
1783 484 1961 535 propter
1995 493 2196 524 summam
2230 495 2371 525 rerum
2402 484 2615 526 venalium·
2645 496 2723 526 co-

474 553 613 608 piam,
646 565 757 607 quae
779 552 878 595 inde
905 554 1068 607 ingenti
1101 555 1256 595 civium
1287 552 1514 594 commodo
1544 563 1569 593 a
1599 551 1804 593 militibus
1833 555 1876 592 et
1902 552 2029 593 sociis
2059 553 2273 596 navalibus
2305 555 2390 608 peti
2416 555 2579 607 solent,
2601 555 2723 609 puel-

472 624 539 666 lae
569 636 741 679 quoque
769 625 860 666 Deo
890 624 1053 666 dicatae
1084 625 1130 666 in
1158 637 1205 666 ea
1232 624 1493 678 frequentia,
1524 622 1723 664 laborum
1753 621 1908 676 quibus
1938 622 1992 665 ad
2022 623 2154 665 vitam
2180 624 2470 678 tolerandam,
2503 629 2545 667 et
2573 624 2721 668 fallen-

474 695 576 738 dum
610 696 746 738 otium
778 700 1045 747 exercentur,
1078 696 1166 736 non
1200 693 1458 736 mediocrem
1488 692 1672 734 fructum
1710 694 1908 747 capiunt;
1940 706 2018 736 nec
2046 694 2295 737 indecorum
2326 701 2478 751 putant
2511 698 2554 738 in
2585 697 2723 740 aditus

474 766 781 808 coenobiorum
815 767 969 808 Turcas
1000 765 1244 816 admittere,
1278 768 1405 818 atque
1441 763 1496 805 ad
1526 763 1622 805 illos
1651 776 1811 806 merces
1844 776 2056 819 quamque
2086 778 2179 808 suas
2205 766 2448 809 vendendas
2479 779 2623 809 coram
2654 767 2721 809 af·-

473 836 583 878 ferre
598 868 609 890 ,
634 832 825 888 sudaria,
847 836 1041 879 baltheos
1056 867 1067 888 ,
1091 836 1274 878 loculos:
1299 847 1378 876 nec
1400 835 1480 876 nisi
1501 835 1627 876 semel
1646 834 1846 877 accidisse
1865 836 2070 877 memoria
2091 835 2307 890 proditum
2330 841 2416 899 est,
2443 837 2720 892 quamobrem

472 906 563 948 illas
595 907 872 961 simplicitatis
906 906 1152 949 huiusmodi
1183 906 1437 960 paeniteret,
1469 918 1566 947 cum
1599 905 1772 959 quidam
1802 918 1851 947 ex
1881 905 2053 948 advenis
2078 906 2248 949 laudata
2279 907 2478 961 virginis,
2509 921 2606 950 cum
2635 920 2721 962 qua

473 978 824 1032 colloquebatur,
856 979 1017 1034 specie,
1051 990 1176 1032 genas
1208 978 1296 1019 eius
1326 977 1477 1019 leviter
1509 977 1768 1030 attrectavit,
1800 977 1990 1030 nemine,
2023 981 2187 1031 praeter
2219 978 2418 1020 coenobii
2451 979 2716 1032 magistram,

471 1048 850 1104 animadvertente3
879 1061 986 1104 quae
1014 1049 1218 1090 continuo
1234 1079 1245 1100 ,
1272 1047 1529 1090 dissimulata
1556 1047 1766 1103 repentini
1794 1047 1961 1090 consilii
1989 1060 2135 1100 causa,
2165 1048 2348 1102 virgines
2375 1048 2489 1091 illinc
2517 1048 2720 1091 facessere

469 1121 625 1174 iussas,
653 1121 861 1163 coenobIo
893 1121 1105 1163 universas
1134 1120 1300 1172 educit,
1330 1121 1531 1175 recteque
1561 1119 1616 1162 ad
1645 1120 1844 1176 praefecti
1874 1120 2051 1162 civitatis
2077 1118 2288 1173 tribunal,
2313 1119 2519 1162 instructo
2549 1121 2593 1163 in
2621 1121 2723 1163 lon-

470 1203 571 1244 gum
609 1192 800 1245 agmine,
833 1193 995 1247 pergit,
1030 1191 1143 1233 omni
1180 1190 1314 1233 effusa
1346 1190 1399 1233 ad
1434 1191 1666 1233 novitatem
1701 1191 1928 1246 spectaculi
1967 1190 2161 1243 civitate3
2193 1189 2336 1245 ibique
2372 1191 2487 1245 gravi
2524 1191 2718 1233 oratione

467 1263 661 1305 iniuriam
700 1259 973 1317 expostulat,
996 1262 1217 1316 indignum
1254 1262 1417 1305 facinus
1456 1263 1714 1316 exclamans,
1752 1262 2018 1318 puellarum,
2049 1273 2158 1315 quae
2193 1259 2321 1303 fidem
2354 1260 2522 1303 caelesti
2560 1273 2718 1315 sponso

469 1332 751 1387 obligassent,
784 1334 1052 1376 sollicitatam
1079 1333 1132 1376 ab
1157 1333 1329 1376 homine
1355 1334 1526 1388 impuro
1555 1333 1824 1389 pudicitiam,
1849 1332 1967 1374 nullo
1991 1331 2222 1386 praesentis
2254 1331 2460 1382 numiniS,
2486 1330 2604 1373 nullo
2635 1331 2720 1373 cir—

467 1404 682 1445 cumfusae
711 1404 969 1458 frequentiae
999 1408 1214 1459 respectu:
1240 1409 1457 1459 captarum
1481 1417 1626 1447 recens
1650 1404 1821 1446 urbium
1844 1403 1920 1445 bas
1949 1415 2035 1444 esse
2066 1402 2348 1455 calamitates,
2374 1414 2398 1444 a
2428 1402 2583 1457 quibus
2605 1401 2716 1444 fide-

466 1473 671 1516 lissimum
708 1475 969 1516 ottomanico
1005 1476 1183 1530 imperio
1219 1474 1428 1530 populum
1460 1475 1601 1518 media
1633 1487 1764 1530 pace,
1797 1479 1838 1516 et
1871 1473 2073 1516 incolumi
2110 1474 2300 1528 principe
2338 1471 2557 1515 defensum
2589 1472 2713 1525 velit,

464 1555 542 1586 nec
572 1545 835 1587 maiestatem
867 1545 1022 1588 Christi
1053 1546 1215 1588 domini
1242 1546 1588 1601 Turcis'quoque
1618 1546 1904 1588 venerabilem
1933 1550 1974 1587 et
2003 1548 2334 1599 sacrosanctam,
2361 1543 2548 1599 profanis
2578 1544 2716 1586 homi·
2768 1570 2771 1574 ‹

463 1613 589 1656 nibus
619 1615 808 1657 ludibrio
837 1628 928 1658 esse
957 1617 1082 1659 sinat.

580 1687 651 1728 20.
688 1687 910 1730 Commoto
941 1689 1144 1731 maiorem
1173 1689 1215 1730 in
1247 1688 1379 1732 modo
1411 1688 1651 1743 praefect03
1677 1701 1774 1730 cum
1805 1691 2020 1730 auctorem
2050 1687 2218 1729 sceleris
2247 1678 2372 1729 edere
2403 1686 2620 1728 iuberetur
2648 1699 2722 1729 ac-

462 1758 669 1811 cusatrix,
702 1759 906 1814 religione
936 1773 980 1802 se
1010 1760 1229 1815 prohiberi
1261 1759 1508 1815 respondit3
1535 1760 1734 1814 cuiquam
1765 1760 1892 1801 exitio
1923 1759 2198 1801 contumelias
2227 1770 2322 1800 suas
2349 1770 2437 1800 esse
2464 1758 2604 1812 nolle;
2637 1770 2715 1800 nec

460 1828 624 1883 saepius
653 1843 701 1871 ac
732 1831 850 1873 enixe
880 1831 1141 1886 interrogata
1171 1831 1317 1874 induci
1348 1844 1391 1873 se
1420 1844 1543 1886 passa
1573 1836 1657 1885 est,
1683 1834 1732 1872 ut
1758 1831 1973 1873 hominem
1996 1831 2222 1873 indicaret:
2249 1842 2324 1871 nec
2354 1841 2456 1872 vero
2477 1829 2604 1873 facile
2634 1829 2714 1871 fuit

462 1899 558 1941 ullis
587 1901 774 1955 vestigiis
803 1902 858 1945 ad
888 1903 1137 1958 sacrilegum
1167 1903 1289 1945 illum
1319 1903 1567 1958 pervenire,
1601 1903 1792 1957 quamvis
1825 1902 1995 1957 plurimi
2024 1902 2205 1944 accensis
2239 1900 2387 1943 studiis
2419 1900 2474 1942 ad
2502 1900 2712 1954 indagan-

461 1969 563 2012 dum
595 1972 942 2028 effunderentur,
973 1973 1166 2016 manibus
1197 1973 1404 2016 continuo
1435 1972 1683 2027 discerpturi
1714 1977 1810 2014 ante
1843 1985 1970 2028 quam
2003 1972 2057 2015 ad
2086 1971 2383 2028 pendendum,
2416 1971 2485 2013 cui
2514 1971 2567 2013 ab
2601 1971 2715 2013 irato

458 2042 598 2085 iudice
631 2043 859 2087 destinatus
892 2045 976 2087 iam
1006 2049 1124 2098 erat,
1157 2044 1417 2100 supplicium
1445 2043 1700 2099 perveniret.
1733 2045 1840 2086 Nam
1873 2043 1978 2098 quid
2006 2055 2085 2098 ego
2119 2042 2172 2085 de
2205 2042 2401 2085 libertate
2431 2041 2594 2096 dicam,
2628 2054 2711 2097 qua

458 2118 637 2156 utuntur
668 2115 730 2157 illi
760 2115 953 2158 homines
981 2116 1027 2158 in
1062 2107 1336 2159 observandis
1371 2115 1588 2170 religionis
1621 2114 1867 2161 christianae
1894 2114 2179 2167 caerimoniis,
2212 2125 2319 2168 quae
2350 2113 2570 2168 publicum
2601 2125 2709 2155 con-

461 2189 652 2240 spectum
685 2186 836 2241 populi
867 2187 1113 2241 cultumque
1140 2187 1404 2240 desiderant,
1430 2199 1526 2229 cum
1554 2186 1857 2234 sanctissimum
1885 2185 2039 2228 Christi
2072 2185 2234 2226 domini
2259 2197 2417 2238 corpus
2446 2188 2710 2226 sanctorum-

462 2268 545 2310 que
582 2257 778 2311 reliquias
816 2257 1006 2299 sollemni
1045 2271 1202 2313 pompa
1240 2271 1316 2313 per
1354 2258 1502 2300 urbem
1542 2257 1868 2309 circumferunt,
1908 2269 2003 2298 cum
2042 2255 2247 2309 Deiparae
2282 2254 2508 2309 imaginem
2545 2255 2710 2309 agmine

460 2327 699 2381 composito
726 2340 802 2382 per
825 2330 1063 2370 universam
1090 2329 1300 2371 civitatem
1328 2329 1463 2370 omnis
1490 2328 1641 2382 populi
1671 2325 1899 2369 multitudo
1924 2325 2236 2382 prosequitur?
2255 2326 2365 2379 Quin
2397 2326 2508 2368 ultro
2536 2325 2708 2368 barbari

458 2396 512 2439 ad
541 2398 827 2452 usurpandum
856 2399 968 2441 hunc
993 2399 1122 2441 ritum
1144 2399 1405 2441 Christianos
1428 2402 1603 2452 urgent,
1627 2398 1660 2440 si
1689 2397 1858 2452 quando
1883 2399 2104 2451 ingruente
2134 2398 2345 2451 siccitate,
2370 2397 2553 2440 caelestis
2574 2409 2707 2452 aquae

458 2466 662 2514 beneficio
692 2468 833 2510 telluri
862 2469 1160 2524 segetibusque
1188 2482 1297 2523 opus
1325 2473 1412 2523 est3
1437 2481 1533 2510 cum
1554 2481 1798 2523 persuasum
1826 2467 2033 2521 habeant,
2065 2480 2296 2522 numquam
2322 2468 2531 2523 populum
2559 2467 2603 2510 id
2631 2479 2707 2522 ge-

459 2549 538 2579 nus
570 2538 826 2592 precationis
857 2539 971 2581 caclo
1005 2530 1301 2582 admoventem
1333 2541 1498 2582 irritum
1532 2539 1597 2581 sui
1629 2540 1718 2580 voti
1750 2539 1980 2582 discedere.
2015 2539 2125 2591 Quid
2153 2539 2307 2594 plura?
2337 2539 2530 2594 publicas
2562 2544 2706 2595 gratu·
2734 2523 2742 2533 ⁹

457 2608 634 2651 lationcs
675 2609 731 2651 ob
770 2609 887 2652 fusos
921 2611 1036 2666 apud
1075 2611 1312 2653 Echinadas
1351 2624 1375 2653 a
1411 2607 1652 2653 Christianis
1683 2611 1839 2653 Turcas
1871 2611 1957 2653 XL.
1997 2623 2073 2667 per
2107 2614 2241 2652 anno‘s
2277 2614 2501 2665 usurpatas
2534 2610 2705 2665 impune

456 2679 610 2733 tulere,
635 2692 767 2734 quum
799 2681 950 2724 festum
981 2682 1070 2725 eius
1093 2683 1292 2725 victoriae
1312 2682 1420 2724 diem
1448 2681 1674 2737 quotannis
1695 2686 1888 2736 agerent,
1917 2693 2049 2737 quum
2070 2680 2276 2735 religiosis
2295 2693 2374 2735 per
2396 2679 2546 2723 urbem
2575 2680 2706 2735 agmi-

455 2749 581 2793 nibus
615 2764 713 2794 cum
748 2757 900 2807 cantu,
933 2766 1030 2795 cum
1062 2753 1220 2796 laetitia
1249 2753 1533 2795 celebrarent:
1568 2765 1706 2808 neque
1736 2751 1921 2795 offensos
1954 2766 2002 2795 ea
2029 2765 2076 2794 re
2105 2752 2403 2807 impotentium
2433 2750 2703 2795 dominorum

459 2823 623 2865 animos
656 2825 966 2879 constat‚1sive
989 2825 1061 2867 illa
1089 2826 1237 2880 supina
1267 2824 1474 2882 qnaedam
1501 2825 1701 2866 securitas
1723 2824 1956 2866 incuriosae
1982 2827 2227 2866 nostrorum
2253 2823 2414 2865 rituum
2437 2822 2573 2877 gentis
2599 2822 2701 2875 fuit,

455 2895 540 2936 sive
569 2894 782 2938 occultum
813 2895 980 2938 divinae
1004 2896 1298 2952 providentiae
1329 2895 1549 2938 consilium
1579 2895 1651 2937 illa
1675 2895 1953 2950 simplicitate,
1974 2894 2153 2937 fiduciae
2181 2893 2425 2947 gaudentis:
2462 2892 2599 2935 donec
2627 2893 2702 2935 Al-

455 2967 583 3021 latio,
608 2981 703 3009 cuin
736 2969 878 3010 vicarii
904 2972 1157 3024 potestatem
1189 2970 1266 3021 (ut
1295 2978 1396 3010 mox
1423 2967 1612 3020 dicetur)
1646 2967 1699 3009 ab
1729 2966 1931 3021 episcopo
1963 2965 2149 3020 accepit,
2173 2964 2351 3006 modum
2381 2975 2543 3018 ponere
2567 2964 2702 3010 visum

456 3043 518 3080 est
547 3040 809 3093 periculosae
840 3041 1008 3095 pietati,
1042 3045 1083 3083 et
1118 3041 1162 3082 ni
1200 3040 1419 3095 provisum
1457 3039 1568 3082 foret
1601 3041 1645 3082 in
1679 3039 1851 3081 exitium
1881 3037 2065 3079 civitatis
2095 3040 2348 3090 erupturae,
2376 3035 2411 3076 si
2445 3033 2702 3089 quandoque

456 3110 619 3159 delator
649 3111 868 3165 existeret,
898 3111 964 3153 vel
999 3112 1115 3166 ipsos
1141 3112 1298 3154 Turcas
1326 3110 1589 3165 indagandae
1618 3111 1703 3164 rei,
1738 3122 1847 3165 quae
1875 3108 2121 3163 gerebatur,
2152 3106 2308 3162 cupido
2342 3107 2589 3148 incessisset.
2621 3105 2700 3147 Sed

457 3180 510 3222 ad
543 3182 811 3235 propositum
842 3183 1077 3225 redeamus.

574 3252 645 3293 21.
678 3253 898 3305 Ingenium
931 3254 1069 3296 Allatii
1108 3257 1150 3296 et
1181 3253 1389 3296 industria
1418 3266 1498 3295 usu
1532 3252 1715 3294 maximo
1751 3263 1828 3306 per
1864 3263 1911 3292 ea
1946 3255 2138 3304 tempora
2173 3248 2254 3290 fuit
2288 3249 2430 3290 Marco
2466 3247 2697 3289 Iustiniano

457 3321 636 3363 civitatis
677 3324 878 3378 episcopo
916 3325 1035 3367 latini
1072 3326 1204 3379 ritus,
1243 3329 1422 3380 propter
1459 3324 1669 3378 angustias
1702 3335 1750 3365 ac
1786 3321 2051 3365 difficultates
2089 3319 2245 3375 quibus
2280 3318 2552 3373 premebatur
2589 3318 2698 3360 inter

456 3392 591 3434 studia
623 3393 777 3435 civium
809 3395 852 3436 in
887 3401 1029 3450 partes
1060 3396 1282 3449 distracta,
1315 3397 1538 3438 occasione
1571 3394 1725 3437 nobilis
1758 3394 1799 3435 in
1828 3392 1934 3434 urbe
1965 3391 2196 3434 sodalitatis
2226 3389 2460 3445 antiquitus
2481 3385 2697 3431 institutae

456 3462 510 3504 ad
539 3464 766 3506 exercenda
799 3466 964 3520 pietatis
995 3467 1161 3522 officia,
1200 3468 1324 3510 certis
1356 3479 1455 3509 eum
1484 3465 1672 3521 legibus,
1707 3476 1883 3519 quarum
1912 3462 2175 3518 praescripto
2206 3462 2315 3503 inter
2348 3464 2486 3503 cetera
2518 3459 2697 3503 caveba-

454 3539 525 3576 tur
565 3534 616 3576 de
651 3534 816 3576 honore
850 3536 1103 3579 familiarum
1144 3539 1468 3580 mahonensium
1500 3537 1612 3589 (hoc
1646 3535 1857 3577 vocabulo
1890 3539 2058 3576 veteres
2089 3533 2274 3576 advenae
2309 3533 2454 3575 Genua
2488 3531 2693 3587 profecti,

455 3603 610 3659 quibus
641 3604 742 3646 olim
769 3605 895 3647 Chios
923 3607 1190 3661 frequentata
1219 3613 1306 3662 est,
1339 3608 1631 3663 appellantur,
1664 3605 1783 3661 quod
1814 3604 2212 3660 quinqueremibus,
2246 3615 2351 3658 quas
2382 3602 2583 3657 mahonas
2614 3614 2694 3643 vo-

456 3689 598 3718 camus
628 3677 671 3718 in
699 3689 764 3718 eas
798 3689 891 3718 oras
920 3677 1085 3719 advecti
1115 3684 1233 3733 sunt,
1260 3692 1358 3721 cum
1388 3679 1646 3733 antiquiores
1677 3678 1788 3720 cives
1815 3677 2045 3730 burgenses
2075 3675 2294 3728 dicantur)
2323 3673 2473 3728 utqui
2499 3673 2696 3727 prognati

455 3760 501 3789 ex
531 3748 613 3790 illis
646 3743 806 3802 essent,
839 3748 929 3790 sine
960 3749 1053 3790 ullis
1084 3749 1321 3804 suffragiis,
1347 3749 1422 3792 ubi
1451 3750 1634 3805 primum
1666 3761 1742 3804 per
1763 3751 1940 3790 aetatem
1968 3746 2140 3799 liceret,
2160 3758 2238 3788 suo
2267 3746 2359 3787 iure
2387 3744 2432 3786 in
2459 3743 2600 3785 album
2626 3755 2696 3785 so-

456 3818 613 3860 dalium
642 3818 1001 3873 adscriberentur,
1025 3818 1316 3875 adiectumque
1342 3833 1478 3875 nuper
1507 3820 1643 3866 fuerat
1670 3819 1727 3861 ob
1754 3819 1935 3861 recentia
1958 3829 2102 3860 eorum
2130 3817 2173 3858 in
2201 3828 2289 3861 rem
2313 3826 2578 3857 communem
2605 3826 2694 3856 me-
