2970 4420
443 291 449 294 μ
471 255 560 300 146
1167 313 1170 317 7
1414 244 1565 301 mosis
1598 270 1775 301 ALLA'ru

464 354 557 399 cita
594 351 680 399 iila
708 354 745 399 T
741 351 954 399 hemistii
975 365 1142 400 contra
1159 365 1325 417 patres
1348 352 1607 400 temeraria
1630 354 1938 417 maximeque
1961 355 2173 404 absurda
2196 359 2430 406 contentio
2455 359 2721 422 refellitur,-

464 448 495 477 a
529 430 664 477 nobis
695 448 822 477 nunc
854 431 1130 481 elaborata,
1169 429 1417 476 occasione
1447 429 1740 478 obiecturum
1774 432 1837 477 ab
1871 431 1972 496 ipso
2005 446 2171 481 contra
2206 436 2452 483 veritatem
2485 437 2722 499 quaestio-

415 559 418 562 ,
463 525 600 559 num,
631 521 774 572 atque
798 509 1210 558 enunciationum,
1239 523 1347 552 cum
1374 506 1591 553 dilucida
1619 505 1940 573 explicatione
1965 510 2136 557 obiecti
2160 513 2451 576 argumenti.
2493 513 2620 559 Talis
2646 511 2725 558 liic

465 586 617 649 igitur
641 585 757 632 libri
777 586 969 636 titulus,
999 598 1051 631 ut
1083 585 1200 631 liber
1220 583 1410 647 potius,
1441 600 1588 647 quam
1613 581 1780 632 titulus
1806 586 1921 632 libri
1949 586 2183 635 videatur.
2227 591 2424 652 Uterque
2451 606 2555 636 vero
2582 591 2620 636 T
2616 589 2723 636 keo-

464 663 607 709 dorus
635 679 783 726 aeque
811 679 869 708 ac
906 663 943 708 T
939 661 1201 716 hemistius
1221 659 1454 707 baeretici
1463 698 1476 712 ‚
1505 673 1550 707 et
1575 662 1796 726 partium
1829 662 2033 710 studiosi
2051 664 2259 725 suerunt
2290 682 2451 712 eorum
2484 666 2570 729 qui
2601 666 2724 713 divi-

461 740 663 785 nitatem
695 755 892 804 passam
923 755 1020 784 esse
1055 748 1349 788 asseverant,
1381 739 1546 784 Severo
1571 738 1776 785 nimium
1809 739 2011 787 addicti.
2053 743 2263 788 Ceterum
2300 741 2600 793 Themistius,
2628 742 2724 802 sive

465 818 770 879 Calonymus,
802 814 889 860 hoc
915 814 1040 860 enim
1066 813 1161 861 sibi
1189 826 1552 877 cognomentum
1581 833 1765 879 quoque
1793 816 2009 868 addidit,
2039 817 2187 863 etiam
2217 821 2542 882 Agnoe'tarum
2570 831 2725 866 sectae

460 904 606 956 caput
622 892 751 954 fuit,
782 892 839 937 de
864 907 961 954 qua
986 902 1032 936 et
1056 868 1234 936 librum
1255 891 1554 955 conscripsit,
1584 894 1733 954 affixo
1759 893 1920 944 titulo,
1953 895 1991 940 T
1988 892 2198 941 hemistii
2220 895 2314 942 sive
2339 896 2589 960 Calonymi
2608 913 2726 961 apo-

407 1005 410 1007 -
460 970 593 1034 logia
618 986 708 1034 pro
742 980 908 1015 sancto
945 966 1254 1031 Tlieopltobio.
1294 969 1395 1024 Quo
1429 969 1480 1015 in
1514 968 1636 1016 libro
1662 970 1817 1034 ipsum
1842 988 2025 1033 quoque
2052 973 2302 1023 Severum,
2328 968 2601 1020 cui‘tamen
2635 973 2727 1020 ad-

460 1047 616 1093 dictus
652 1057 781 1097 erat,
822 1057 964 1091 tanta
995 1057 1064 1091 est
1098 1045 1166 1092 vis
1186 1045 1463 1107 salsitatis!
1500 1047 1788 1110 talesqueet
1818 1048 2064 1094 mendacii
2093 1055 2338 1096 amantes!
2365 1051 2718 1115 perstringens,

461 1125 698 1170 dictorum
722 1139 754 1169 a
782 1121 1018 1169 Theodoro
1046 1122 1257 1169 rationes
1289 1123 1465 1187 exigit.
1507 1122 1753 1171 Themistii
1781 1125 1909 1171 enim
1933 1138 2142 1189 quatuor
2163 1139 2452 1191 argumenta
2477 1127 2588 1179 illa,
2617 1127 2726 1190 qui-

458 1202 544 1247 bus
566 1197 614 1246 se
643 1199 886 1246 inscitiam
914 1199 964 1244 in
993 1198 1175 1246 Christo
1193 1200 1422 1264 probasse
1451 1200 1810 1252 arbitrabatur,
1844 1201 2109 1249 Theodorus
2142 1202 2432 1268 singillatim
2456 1205 2726 1271 expendens
2753 1223 2755 1225 ¹

458 1291 601 1341 atque
634 1277 916 1328 aestimans,
945 1277 1142 1341 singula
1166 1290 1394 1325 sexcenta
1417 1278 1657 1325 continere
1686 1279 1900 1326 absurda
1933 1280 2153 1327 ostendit.
2191 1281 2320 1328 Hinc
2344 1297 2508 1328 rursus
2542 1283 2579 1328 Τ
2575 1281 2727 1328 bemi-

458 1357 577 1402 stius
611 1367 859 1419 acceptam
892 1355 1038 1402 veluti
1066 1355 1252 1402 cladem
1283 1371 1539 1420 reparans,
1569 1356 1866 1420 singularem
1895 1357 2071 1404 librum
2106 1358 2156 1404 in
2191 1357 2484 1405 Theodorum
2519 1358 2726 1404 conscri-

452 1432 566 1495 psit.
610 1431 874 1478 Theodorus
907 1443 1069 1478 autem
1099 1432 1251 1479 tribus
1284 1431 1490 1480 vicissim
1517 1432 1679 1484 libris,
1708 1446 1754 1480 et
1785 1450 1908 1498 quae
1941 1434 2020 1480 ille
2052 1434 2418 1498 reprehenderat
2443 1435 2651 1497 refutat,
2681 1447 2727 1482 et

457 1524 596 1554 suam
629 1509 687 1554 de
713 1507 806 1554 hac
833 1525 884 1554 re
916 1525 1077 1555 veram
1103 1508 1375 1572 opinionem
1398 1509 1614 1575 exponit.
1657 1511 1857 1574 Uterque
1884 1511 2124 1558 scribendi
2146 1529 2241 1558 non
2269 1512 2519 1577 imperitus
2542 1512 2727 1577 perspi-

457 1586 683 1632 cuitatem
719 1585 873 1632 solida
911 1602 1019 1631 cum
1056 1585 1349 1633 vehementia
1385 1586 1436 1633 in
1471 1586 1668 1634 dicendo
1701 1600 1908 1635 sectatus
1938 1601 2024 1636 est.
2063 1590 2316 1652 Scripserat
2352 1590 2509 1652 itaque
2541 1589 2727 1636 Themi·-
2782 1596 2785 1598 ’

457 1665 570 1710 stius
596 1665 726 1726 prius
761 1664 1027 1726 apologiam
1058 1679 1147 1726 pro
1173 1664 1507 1727 Theophobio‚
1535 1673 1738 1727 quatuor
1771 1665 1998 1728 capitibus
2016 1667 2421 1730 comprehensam.
2455 1666 2728 1714 Theodorus

458 1741 680 1789 adversus
703 1741 1005 1788 Themistium
1029 1740 1154 1788 libro
1179 1742 1330 1795 edito,
1358 1742 1538 1804 singula
1562 1743 1689 1790 illius
1717 1753 1988 1805 argumenta
2014 1745 2254 1791 continere
2277 1743 2480 1791 absurda
2504 1743 2724 1791 ostendit.

458 1819 578 1864 Hinc
604 1834 764 1865 rursus
789 1818 1065 1864 Themistius
1089 1819 1137 1864 in
1162 1820 1231 1864 sui
1255 1819 1602 1881 defensionem,
1630 1819 1850 1867 adversus
1872 1808 2170 1868 Theodorum
2195 1821 2354 1867 stilum
2380 1822 2576 1868 exacuit.
2609 1821 2725 1867 Tum

458 1895 761 1957 postmodum
786 1894 1059 1941 Theodorus
1086 1894 1235 1942 tribus
1259 1895 1392 1941 libris
1416 1895 1542 1942 idem
1574 1906 1897 1959 argumentum
1927 1903 2168 1960 aggressus
2193 1897 2315 1945 dicta
2342 1897 2727 1946 1'hemistii·refu—

460 1981 548 2026 tat,
576 1988 801 2035 suamque
835 1973 895 2020 de
927 1973 1014 2019 hac
1050 1988 1099 2018 re
1130 1974 1403 2035 opinionem
1437 1989 1596 2019 veram
1630 1990 1727 2020 esse
1756 1975 1977 2022 ostendit.

587 2051 862 2096 Themistius
897 2050 971 2097 hic
1003 2051 1120 2096 alius
1154 2059 1245 2104 est,
1285 2066 1310 2096 a
1344 2051 1596 2099 Themistio
1628 2051 1914 2114 philosopho
1947 2052 2035 2099 sub
2064 2052 2278 2106 Valente;
2310 2052 2489 2114 fuitque
2522 2052 2726 2099 Cononis

461 2136 600 2189 atque
631 2129 825 2189 Eugenii
851 2129 897 2173 in
927 2127 1247 2193 oppugnando
1277 2127 1541 2190 Philopono
1571 2129 1746 2183 socius,
1775 2130 1906 2176 cuius
1937 2130 2222 2176 mentionem
2245 2130 2355 2176 facit
2384 2129 2510 2176 idem
2537 2129 2728 2176 Photius
2794 2187 2795 2192 ¹

461 2204 567 2250 cod.
596 2205 683 2258 23,
713 2220 750 2251 a1
767 2219 864 2266 quo
895 2205 1134 2266 Agnoetae
1158 2204 1377 2251 haeretici
1408 2206 1613 2267 primum
1636 2205 1933 2261 Themistiani
1962 2206 2072 2252 dicti
2097 2214 2228 2260 sunt,
2258 2215 2310 2253 ut
2325 2205 2476 2252 tradit
2501 2205 2729 2254 Iohannes

461 2279 762 2327 damascenus
786 2281 847 2327 de
871 2280 1153 2327 haeresibus.
1188 2281 1478 2344 Nicephorus
1502 2290 1659 2328 tamen
1683 2282 1897 2337 Callistus
1929 2283 2039 2329 hist.
2067 2282 2181 2329 eccl.
2208 2282 2483 2329 libsxvln.
2511 2297 2615 2344 cap.
2643 2284 2723 2329 50.

462 2370 609 2403 unum
639 2374 745 2404 cum
771 2358 1055 2420 philosopho
1090 2357 1178 2404 sub
1208 2359 1401 2406 Valente
1434 2358 1568 2405 facit:
1608 2348 1730 2402 ἀλλ’
1763 2349 1787 2401 ὁ
1825 2347 1915 2421 μὲν
1944 2346 2551 2422 ἅλεξανὸρεὺς,’1ωοίννκς
2582 2349 2606 2401 ὁ
2636 2352 2725 2403 Φι-

463 2422 725 2488 λότωονος,
763 2422 920 2486 οὕτως
960 2425 1006 2486 ἐς
1044 2421 1247 2500 ὕστερον
1283 2426 1372 2487 τῆς
1405 2425 1504 2480 τῶν
1538 2425 1818 2498 τριθεῖτῶν
1852 2425 2154 2500 ‹mecca-cisne
2189 2424 2431 2501 αἱρέσεως
2469 2424 2723 2497 ἐγεγόνει·

462 2498 595 2554 καθὰ
633 2499 692 2558 δὴ
728 2499 816 2555 καὶ
854 2502 883 2554 ἁ
915 2500 1082 2569 πάλαι
1121 2506 1397 2572 Θεμίστιος
1436 2502 1460 2554 ὁ
1493 2500 1782 2568 φιλόσοφος
1820 2501 1893 2556 ἐπὶ
1934 2501 2250 2565 ΟὑοίλενὛος,
2285 2502 2372 2564 τῆς
2407 2503 2504 2558 τῶν
2541 2502 2726 2575 ἀγνοη-

460 2578 556 2631 τῶν
591 2579 784 2651 πρῶτος
822 2577 1067 2651 αἱρέσεως
1102 2576 1449 2651 καθηγήσατο·
1485 2576 1515 2636 >3¹
1545 2577 1604 2637 δὴ
1635 2579 1718 2633 καὶ
1751 2580 1824 2653 τῷ
1854 2578 2022 2653 χρόνῳ
2057 2578 2148 2652 μὲν
2183 2577 2413 2646 ἀπέσβη,
2442 2579 2724 2638 τηνικαῦτα

464 2652 513 2706 δ’
551 2654 627 2708 ἐπὶ
660 2656 763 2711 τῶν
790 2654 1061 2730 εἰρημένων
1094 2656 1369 2730 σεβηριτῶν
1404 2654 1728 2729 ἆναζνῖσασα,
1758 2653 1825 2710 τοὶ
1859 2654 2026 2714 πλήθη
2063 2654 2404 2730 σφοδρότερον
2440 2654 2724 2727 ἐπενέμετο.

460 2740 701 2788 Iohannes
737 2741 815 2788 ille
852 2741 1144 2806 Philoponus
1176 2743 1549 2795 alexandrinus,
1584 2742 1662 2789 sic'
1682 2743 1854 2789 deinde
1892 2744 1929 2789 Τ
1926 2742 2236 2790 ritbeitarum
2270 2742 2527 2789 haereseos
2550 2743 2728 2789 antesi-

461 2834 653 2882 gnanus
673 2819 805 2880 suit,
840 2819 1038 2883 perinde
1073 2832 1216 2883 atque
1251 2820 1367 2867 olim
1407 2821 1447 2867 T
1442 2819 1690 2868 hemistius
1722 2819 2035 2885 philosophus
2069 2819 2156 2865 sub
2194 2821 2384 2866 Valente
2419 2820 2482 2883 (1)
2512 2819 2729 2885 primum

463 2899 791 2960 Agnoe‘tarum
815 2909 970 2943 sectae
994 2897 1231 2963 praeivit,
1267 2914 1390 2961 quae
1415 2909 1544 2945 secta
1569 2909 1779 2962 tempore
1801 2896 1994 2961 quidem
2024 2897 2126 2961 ipso
2157 2897 2375 2943 extincta
2400 2897 2596 2960 suerat,
2626 2908 2728 2943 tum

464 2985 627 3020 autem
657 2974 753 3020 sub
777 2974 845 3020 eis
876 2973 962 3037 qui
992 2974 1113 3020 dicti
1147 2986 1258 3021 sunt
1288 2974 1558 3027 Severiani,
1598 2974 1896 3026 reviviscens,
1933 2974 2117 3038 plebem
2150 2974 2368 3021 maxime
2399 2986 2469 3020 est
2503 2974 2721 3037 depasta.

462 3051 712 3114 Nicephori
746 3051 1157 3099 hallucinationem
1186 3061 1369 3099 secutus
1401 3061 1470 3100 est
1492 3053 1761 3099 Franciscus
1793 3046 2017 3111 Pat'ritius⁴
2041 3052 2236 3104 discuss.
2266 3052 2510 3114 peripatet.
2539 3059 2655 3097 tom.
2673 3051 2721 3113 ³1.

466 3128 550 3175 lib.
592 3130 677 3182 10,
713 3129 882 3191 aliique
914 3129 1155 3183 nonnulli,
1187 3131 1268 3192 qui
1304 3129 1430 3176 idem
1469 3130 1529 3177 de
1566 3130 1816 3186 Themistio
1851 3130 2032 3193 scriptis
2065 3129 2394 3191 prodiderunt.
2431 3130 2521 3174 Eos
2555 3126 2727 3173 refellit

464 3206 711 3267 Dionysius
743 3208 953 3253 Petavius
981 3208 1030 3252 in
1062 3203 1158 3253 vita
1179 3207 1437 3261 Themistii‚
1465 3216 1642 3254 certum
1672 3223 1770 3254 esse
1804 3207 1985 3253 dicens:
2023 3205 2141 3251 duos
2165 3205 2373 3251 eiusdem
2407 3202 2613 3250 nominis
2638 3220 2727 3249 ex-

466 3281 615 3328 titisse
642 3282 937 3330 leemistios.
969 3285 1180 3339 Quorum
1205 3284 1291 3346 qui
1315 3286 1349 3330 A
1356 3290 1640 3347 gnoe‘tarum
1662 3295 1840 3330 sectam
1863 3282 2098 3332 condidit,
2128 3280 2482 3328 alexandrinae
2503 3280 2727 3326 ecclesiae

469 3357 697 3407 diaconus
711 3361 843 3421 suit,
875 3361 1091 3424 vixitque
1117 3361 1381 3425 imperante
1404 3360 1590 3415 Iustino
1612 3361 1741 3407 circa
1766 3377 1947 3407 annum
1967 3360 2141 3408 IOXIX
2151 3396 2163 3411 ,
2191 3369 2378 3404 centum
2390 3357 2503 3419 sere
2526 3358 2585 3403 ac
2606 3374 2746 3420 qua-‚

468 3433 701 3497 draginta
741 3437 882 3483 annis
916 3453 1063 3500 quam
1100 3439 1268 3484 Valens
1302 3438 1587 3489 decesserat,
1618 3437 1705 3484 sub
1737 3454 1830 3501 quo
1855 3440 1895 3485 T
1891 3438 2137 3484 lzemistius
2158 3434 2469 3500 philosophus
2488 3434 2722 3495 florebat.

553 3535 601 3575 (1)
625 3535 843 3572 Petavianus
868 3536 1033 3574 calculus
1055 3538 1299 3585 cognoscitur
1322 3538 1433 3575 etiam
1459 3548 1501 3575 ex
1526 3538 1721 3575 Themistii
1744 3538 1910 3575 oratione
1936 3537 1982 3575 de
2010 3535 2237 3586 praefectura
2268 3533 2673 3582 constantinopolitana
2703 3545 2724 3571 a

400 3627 404 3631 .
469 3602 508 3628 se
532 3598 722 3639 suscepta,
748 3605 858 3641 quam
883 3596 1091 3634 orationem
1116 3607 1185 3636 nos
1209 3596 1396 3635 edidimus
1423 3597 1624 3636 Mediolani
1650 3601 1711 3642 (et
1740 3608 1822 3634 mox
1850 3592 2124 3635 Romae'class.
2147 3595 2227 3630 AA.
2255 3595 2297 3630 T.
2326 3594 2415 3636 lv.)
2442 3593 2499 3630 lbi
2527 3594 2626 3647 essim
2657 3594 2726 3631 Ob·

471 3652 693 3689 servavimus
714 3652 963 3690 Themistium
989 3655 1059 3692 suh
1082 3655 1288 3693 Theodosio
1308 3657 1452 3694 seniore
1474 3657 1637 3695 tenuisse
1658 3647 1762 3694 illam
1785 3656 2003 3705 dignitatem
2018 3664 2127 3692 anno
2147 3653 2284 3690 Christi
2299 3653 2595 3690 CCCLXXXIV.
2613 3654 2727 3690 Porro

471 3723 513 3749 ex
541 3712 612 3748 hoc
636 3722 735 3748 anno
752 3711 801 3748 ad
820 3723 961 3749 annum
980 3716 1130 3761 DXIX,
1152 3716 1217 3764 qui
1241 3716 1314 3753 fuit
1330 3716 1464 3754 Iustini
1480 3708 1637 3754 senioris
1661 3716 1868 3762 secundus,
1890 3719 2088 3754 excurrunt
2111 3713 2200 3750 anni
2216 3714 2402 3750 CXXXV.
2428 3715 2478 3749 At
2492 3713 2578 3760 quia
2602 3722 2728 3760 reapse
2787 3754 2796 3769 X

471 3782 547 3808 non
571 3770 795 3814 Themistius
819 3776 942 3808 orator
967 3783 1009 3809 ac
1036 3773 1300 3822 philosophus,
1326 3774 1391 3813 sed
1414 3775 1643 3815 Themistius
1671 3776 1878 3814 haereticus
1907 3773 1976 3813 sub
2002 3772 2171 3812 Heraclio
2197 3771 2307 3816 vixit,
2333 3767 2501 3817 sequitur
2525 3773 2567 3805 ut
2593 3770 2723 3808 Allatii

471 3841 619 3878 quoque
645 3829 812 3867 diversus
837 3830 1003 3880 calculus
1029 3833 1241 3871 verissimus
1266 3834 1326 3871 sit.
1354 3838 1399 3872 A.
1426 3836 1478 3871 M.
