2970 4420
476 238 570 289 510

585 346 636 386 In
656 345 809 397 syriaco
829 352 908 403 vat.
937 348 1067 388 codice
1092 348 1276 403 CXXXI.
1298 347 1513 388 adnotabat
1534 348 1767 395 Assemanus
1788 344 1959 401 cataloq.
1981 352 2027 391 T.
2045 352 2134 392 III.
2153 364 2201 404 p.
2233 352 2309 394 194
2322 384 2331 394 .
2356 355 2512 395 servari
2532 354 2736 406 epistolam

469 411 662 458 Theodori
682 417 735 457 ·I·
753 429 887 469 papae
908 419 964 458 ad
982 420 1275 478 Constantinum
1299 418 1602 470 imperatorem,·
1622 432 1722 470 quae
1743 423 1882 460 notitia
1903 421 2066 473 impulit
2087 435 2168 474 me,
2194 424 2290 468 dum
2311 428 2425 470 varia
2448 427 2736 467 Tlieodororum

465 491 612 541 scripta
642 490 887 541 colliqerem‚
915 494 960 530 ut
987 490 1079 529 huic
1109 499 1261 541 quoque
1291 491 1436 541 scripto
1468 494 1634 530 mentem
1665 491 1921 536 intenderem.
1957 493 2083 544 Atque
2114 493 2210 534 haec
2236 497 2399 547 quidem
2429 498 2484 537 ad
2514 499 2735 538 Constanti-

465 573 559 602 num
589 562 753 613 epistola
782 561 876 614 (vel
896 563 1034 614 potius
1067 563 1312 605 Constantem
1343 562 1433 613 II.,
1470 575 1637 615 namque
1673 563 1768 603 haec
1797 565 1989 621 vocabula
2017 568 2167 616 passim
2197 569 2239 607 in
2267 569 2463 610 codicibus
2491 573 2729 627 praesertim

464 634 720 676 orientalibus
749 636 1056 685 corrumpuntur
1065 633 1087 685 )
1119 645 1196 673 non
1217 636 1392 673 occur‘rit
1411 636 1515 675 inter
1538 647 1691 686 paucas
1716 636 1908 676 Theodori
1931 649 2065 688 papae
2085 638 2236 691 editas,-
2261 640 2330 679 sed
2353 645 2480 681 tamen
2501 643 2628 681 multa
2648 654 2736 682 cum

464 706 517 745 iis
545 706 664 746 habet
691 707 913 757 arqumenti
941 704 1259 745 similitudinem.
1293 705 1429 756 Iqitur
1459 706 1590 746 eodem
1632 711 1825 758 tempore,
1863 708 1988 759 deque
2024 709 2159 749 eadem
2186 709 2318 760 ferme
2349 724 2391 751 re
2422 725 2525 753 nunc
2560 714 2735 753 videmus

467 778 712 819 Theodorum
731 778 785 817 ad
803 779 1076 827 imperatorem
1098 788 1251 827 quoque
1274 779 1490 829 scripsisse,
1517 778 1844 829 quemadmodum
1868 779 1922 818 ad
1941 781 2116 820 Paulum
2133 772 2407 832 patriarcham
2436 787 2551 834 atque
2572 785 2626 823 ad
2647 785 2736 836 epi-

463 861 595 901 scopos
624 850 696 900 qui
718 860 806 888 eum
828 851 1167 905 consecraverant,
1198 848 1349 888 litteras
1380 848 1558 890 dederat.
1595 850 1748 899 Quibus
1770 852 1826 889 ita
1846 851 2077 891 Sirmondus
2099 851 2318 903 praefatur
2336 855 2378 892 in
2399 854 2552 894 collect.
2582 857 2732 896 Concil.

464 922 604 961 Zattae
620 906 675 961 'T.
697 921 750 960 X.
773 919 847 977 col.
875 919 976 960 702.
1006 935 1022 952 «
1051 919 1232 971 Epistola
1253 924 1311 959 est
1333 920 1527 960 Theodori
1551 933 1686 972 papae
1716 920 1771 960 ad
1793 922 1969 962 Paulum
1993 923 2294 974 patriarcham,
2322 935 2402 974 qua
2424 926 2509 963 eius
2530 926 2736 976 synodicae

471 1010 487 1027 »
523 990 746 1043 respondet,
774 992 984 1041 arquitque
1014 991 1130 1030 illum
1150 990 1302 1042 duplici
1328 991 1376 1030 de
1404 1004 1537 1048 causa.
1571 994 1755 1032 Primum
1786 992 2078 1046 quidem‘quod
2099 994 2258 1034 ecthesis
2279 994 2536 1035 heraclianae
2558 996 2736 1038 chartam

471 1082 487 1098 1>
515 1063 689 1115 publicis
718 1064 760 1101 in
790 1062 884 1101 locis
913 1074 938 1100 a
967 1061 1126 1113 Pyrrho
1155 1074 1382 1113 suspensam
1411 1075 1490 1102 non
1520 1064 1738 1103 sustulerit.
1774 1065 1929 1104 Deinde
1965 1065 2071 1116 quod
2099 1065 2277 1116 Pyrrhi,
2315 1066 2384 1117 qui
2413 1067 2736 1118 patriarchatum

471 1154 486 1169 »
521 1135 609 1175 odio
638 1134 861 1184 compulsus
889 1133 1114 1183 abdicarat,
1142 1118 1271 1174 adhuc
1299 1135 1522 1185 superstitis
1552 1139 1590 1174 et
1619 1135 1793 1175 nondum
1814 1136 2015 1186 damnati,
2043 1137 2174 1176 sedem
2200 1138 2419 1188 occuparit.
2455 1139 2589 1187 Quare
2618 1151 2736 1190 syno-

470 1225 485 1240 »
521 1207 614 1246 dum
645 1217 775 1245 coram
805 1207 1056 1256 apocrisariis
1085 1206 1169 1244 suis
1199 1209 1402 1246 convocari
1431 1206 1558 1258 iubet,
1585 1211 1636 1247 ut
1667 1208 1780 1247 illius
1809 1220 1930 1247 causa
1955 1194 2275 1249 examinaretur.
2311 1209 2428 1258 Quod
2455 1211 2584 1260 ipsum
2615 1211 2734 1251 etiam

470 1297 484 1312 »
519 1279 563 1318 in
592 1277 722 1317 altera
752 1277 916 1328 epistola
943 1277 1082 1316 scribit
1110 1277 1165 1316 ad
1192 1280 1390 1329 episcopos
1421 1280 1491 1329 qui
1520 1279 1697 1318 Paulum
1727 1284 2066 1320 consecraverant.
2105 1290 2126 1314 »⁴
2153 1280 2335 1331 Apparet
2362 1292 2468 1332 erqo«
2485 1281 2729 1333 similitude,

460 1353 504 1389 ut
533 1349 711 1389 dioeimus
740 1348 965 1399 arqumenti
985 1360 1074 1388 cum
1103 1348 1177 1388 hac
1208 1353 1342 1388 nostra
1362 1361 1415 1389 ex
1436 1352 1588 1401 syriaco
1612 1350 1742 1390 codice
1763 1355 1942 1402 sumpta,·
1968 1354 2010 1390 in
2037 1363 2118 1402 qua
2141 1355 2271 1391 tamen
2293 1355 2402 1407 tanta
2422 1356 2510 1392 erat
2528 1364 2735 1393 aramaeae

460 1420 620 1478 linquae
641 1414 934 1472 velsyntaxeos
964 1423 1187 1472 corruptiO,
1216 1425 1256 1461 et
1277 1425 1332 1461 tot
1352 1421 1458 1461 vitiis
1479 1434 1605 1461 sermo
1635 1421 1843 1473 confusus,
1870 1426 1916 1462 ut
1945 1422 2191 1462 doctissimus
2212 1423 2256 1462 in
2283 1425 2417 1474 patria
2441 1423 2580 1474 linqua
2601 1425 2734 1464 Fran‘-

459 1494 581 1531 ciscus
611 1491 842 1532 Mehasebus
871 1504 948 1532 non
977 1494 1054 1531 nisi
1075 1504 1193 1544 aeqre
1213 1493 1468 1544 >probabilem
1489 1494 1628 1533 saltem
1658 1495 2024 1545 interpretationem
2049 1493 2236 1545 efficeret.
2271 1491 2452 1534 Prodeat
2469 1497 2602 1546 itaque
2632 1507 2737 1536 nunc

461 1565 683 1605 Theodorus
704 1566 795 1605 PP.
808 1595 820 1616 ,
848 1565 950 1605 sicut
967 1566 1071 1605 alibi
1088 1568 1130 1605 in
1161 1566 1275 1606 libris
1296 1569 1437 1606 nostris
1456 1567 1666 1606 nonnullas
1685 1569 1853 1618 sparsim
1878 1567 2060 1607 dedimus
2085 1568 2335 1619 pontificales
2356 1553 2541 1620 epistolas
2561 1568 2659 1609 Iulii
2683 1569 2728 1623 I,

460 1636 679 1686 Innocentii
707 1638 751 1688 I,
782 1638 929 1678 Gelasii
959 1638 1003 1688 I,
1034 1639 1177 1678 Felicis
1209 1637 1253 1689 I,
1280 1638 1469 1678 Iohannis
1497 1638 1621 1690 VIII,
1651 1638 1788 1678 Leonis
1815 1639 1866 1679 X.
1906 1639 2157 1691 Quamquam
2191 1651 2237 1678 ea
2255 1639 2466 1680 ‘levissima
2494 1643 2587 1679 sunt
2612 1643 2737 1692 speci-

457 1709 565 1748 mina
595 1709 821 1748 litterarum
848 1710 1140 1761 pontificiarum
1168 1721 1237 1755 seu
1266 1709 1541 1761 decretalium,
1570 1722 1671 1761 quae
1695 1711 1899 1762 plurimae
1929 1714 2022 1749 sunt
2049 1710 2160 1750 nobis
2186 1722 2293 1762 prae
2324 1711 2506 1751 manibus
2536 1711 2584 1751 ob
2614 1713 2738 1751 conti-

458 1779 659 1837 nuandam
689 1781 826 1832 maqni
853 1776 970 1820 Petri
1001 1782 1220 1832 Contenta,
1247 1781 1330 1821 vita
1361 1781 1521 1832 comite,
1551 1781 1839 1822 nobilissimam
1871 1781 2096 1822 editionem.

874 1917 1166 1960 CORONATO
1196 1917 1536 1961 ORTHODOXO
1567 1917 1907 1960 IMPERATORI
1939 1917 2318 1960 CONSTANTINO

682 2021 1325 2148 amanuenses
1367 2032 1726 2118 unwan
1768 2048 2494 2117 Pawnaffifflffiao

172 2365 247 2394 Cod.
270 2367 329 2395 vat.
350 2376 414 2398 svr.

174 2405 232 2429 131.
252 2400 272 2430 t.
296 2406 340 2432 82.
360 2398 391 2433 b.

526 2412 529 2413 γ
565 2371 607 2415 1.
646 2320 1083 2434 Quandoquidem
1098 2370 1219 2415 Deus
1234 2369 1556 2430 omnipotens,

463 2447 679 2493 ecclesiae
716 2448 932 2509 propriae
966 2461 1125 2492 curam
1167 2461 1358 2507 gerens,
1398 2444 1560 2490 divino

462 2539 548 2569 suo
580 2523 777 2569 consilio
810 2538 968 2569 rerum
1005 2521 1139 2569 nobis
1171 2523 1380 2584 regimen
1415 2521 1560 2567 tradi-

461 2599 556 2652 dit,
585 2615 704 2660 quae
737 2600 957 2645 Pietatem
989 2608 1188 2646 vestram
1224 2599 1501 2661 respiciunt,
1530 2614 1560 2645 o

459 2677 665 2738 Inclyte;
699 2685 837 2739 atque
871 2678 918 2723 in
949 2692 1006 2723 eo
1037 2677 1264 2739 nosjloco
1292 2674 1555 2729 constituit,

460 2754 584 2801 unde
608 2755 821 2801 alacriter
845 2763 892 2800 et
910 2753 1086 2816 absque
1108 2769 1239 2800 mora
1263 2754 1322 2800 ad
1343 2757 1424 2800 v'os
1450 2755 1560 2800 scriv-

459 2832 573 2879 bere
599 2832 757 2879 liceret
790 2832 849 2879 de
877 2833 931 2878 iis
960 2847 1080 2893 quae
1111 2831 1350 2893 religionis
1378 2839 1559 2877 vestrae

460 2919 505 2957 et
530 2911 747 2957 ecclesiae
781 2910 1035 2956 catholicae
1064 2910 1320 2961 intersunt,
1348 2916 1399 2954 ut
1430 2923 1560 2954 com·-

460 2990 591 3034 muni
627 2988 763 3034 saluti
799 2988 1064 3034 consultum
1099 2987 1182 3039 sit;
1220 2986 1420 3032 dicimus
1454 2987 1559 3047 qui-

461 3065 569 3112 dem
587 3066 870 3112 Maiestatem
888 3073 1089 3111 vestram
1111 3057 1337 3125 rescripto
1362 3079 1447 3110 suo
1464 3064 1559 3109 sin-

460 3144 580 3204 gulis
615 3143 884 3205 apostolicis
924 3143 1184 3203 sanctisque
1223 3140 1413 3187 sedibus
1449 3140 1558 3187 reli-

460 3220 613 3281 giosos
633 3220 946 3281 adsignavisse
965 3228 1167 3265 rectores
1192 3227 1238 3264 et
1263 3218 1558 3265 immaculata

461 3295 555 3343 fide
575 3297 835 3359 praeditos3
855 3305 1176 3344 verumtamen
1196 3297 1243 3341 in
1263 3295 1556 3357 patriarchali

463 3373 929 3435 Constantinopoleos
954 3373 1178 3435 dignitate
1208 3369 1454 3419 retinuisse
1483 3374 1559 3418 Io-

462 3450 665 3496 hannem
699 3451 861 3504 illum,
895 3452 975 3513 qui
1009 3466 1116 3496 cum
1149 3450 1327 3512 duplici
1360 3449 1558 3496 maledi-

464 3527 616 3572 ctione
651 3542 877 3589 caecaque
908 3528 1086 3573 inscitia
1103 3561 1114 3579 .
1142 3527 1344 3574 Heraclii
1370 3534 1414 3573 et
1441 3526 1558 3572 alio-

463 3618 570 3648 rum
585 3603 854 3649 huiusmodi
876 3604 1084 3650 adhaesit
1110 3602 1367 3651 erroribus.
1393 3605 1559 3658 Quam-

463 3678 627 3726 obrem
657 3681 866 3727 universa
893 3697 1073 3727 mecum
1108 3681 1335 3727 catholica
1365 3681 1556 3726 ecclesia

464 3756 694 3818 postulat,
725 3766 1016 3819 vestramque
1052 3759 1269 3820 pietatem
1304 3766 1492 3810 exorat,
1527 3773 1556 3804 o

464 3831 626 3878 fidelis.
642 3833 926 3894 Imperator,
956 3841 1006 3878 ut
1040 3835 1085 3879 in
1110 3834 1189 3881 illa
1218 3834 1457 3895 religionis
1484 3834 1556 3880 via

1635 2367 1889 2430 impensius
1918 2367 2160 2420 insistatis,
2189 2382 2332 2428 quam
2365 2365 2499 2413 vobis
2532 2368 2730 2430 Spiritus

1635 2453 1819 2491 sanctus
1843 2445 2092 2506 suggessit3
2120 2444 2249 2504 quod
2276 2453 2484 2506 agentes,
2514 2445 2727 2507 coepistis

1635 2525 1726 2586 iam
1760 2523 1933 2568 viventi
1961 2530 2006 2568 et
2032 2522 2311 2568 omnituenti
2341 2523 2438 2568 Deo
2470 2521 2646 2568 munda
2672 2521 2728 2567 li-

1635 2599 1749 2646 bare
1780 2598 2020 2646 sacrificia.

1731 2679 1779 2723 2.
1818 2678 1870 2723 ln
1895 2676 2057 2738 primis
2080 2676 2237 2737 itaque
2268 2676 2439 2736 scripta
2473 2674 2555 2721 illa
2586 2689 2626 2722 a‘
2645 2667 2731 2721 νό-

1634 2752 1707 2801 bis
1741 2752 1918 2800 aboleri
1953 2761 2165 2815 oportet,
2193 2767 2312 2813 quae
2337 2751 2544 2797 damnati
2575 2751 2729 2798 homi-

1634 2848 1715 2878 nes
1740 2831 2019 2893 blasphemo
2038 2846 2120 2876 ore
2145 2829 2377 2888 dictarunt
2403 2828 2625 2875 adversus
2649 2843 2727 2875 or-

1635 2909 1890 2955 thodoxam
1912 2907 2254 2953 immaculatam
2277 2921 2535 2968 puramque
2559 2903 2723 2951 fidem:

1634 2987 1836 3048 praecipi
1854 2987 2044 3047 insuper
2067 2984 2213 3046 (Deus
2234 2985 2409 3029 utinam
2428 2983 2592 3028 vestris
2616 2983 2730 3028 acti—

1634 3062 1722 3109 bus
1757 3062 1966 3124 saveatl)
2004 3070 2053 3107 ut
2094 3061 2298 3122 Pyrrhus
2335 3060 2729 3121 Constantinopo-

1634 3140 1732 3196 leos
1759 3139 2017 3202 patriarcha
2043 3139 2183 3184 sacris
2203 3136 2461 3184 canonibus
2483 3135 2728 3197 obtempe-

1635 3226 1730 3270 ret,
1759 3232 1879 3279 quos
1913 3225 2023 3262 tunc
2049 3215 2240 3261 violavit
2277 3214 2475 3275 (nempe
2507 3221 2558 3258 ut
2581 3213 2630 3258 in
2655 3212 2725 3258 fo÷

1632 3310 1766 3341 veam
1811 3295 1950 3340 morti
2001 3296 2214 3339 aeternae
2261 3291 2463 3337 similem
2506 3288 2724 3350 caderet)

1632 3387 1738 3418 cum
1770 3371 1943 3434 flagitia
1979 3371 2060 3416 illa
2086 3385 2183 3416 non
2212 3368 2364 3416 solum
2397 3367 2587 3429 propria
2612 3381 2727 3412 con-

1633 3449 1830 3496 fessione
1848 3447 2197 3511 comprobavit,
2220 3446 2303 3493 sed
2323 3444 2456 3507 -quod
2483 3444 2614 3506 peius
2630 3451 2699 3489 est
2712 3478 2722 3497 ,

1632 3527 1813 3588 scriptis
1839 3525 1934 3571 suis
1966 3540 2018 3570 ac
2053 3523 2334 3571 testimonio.
2373 3521 2514 3582 Atqui
2546 3520 2608 3566 ait
2634 3521 2728 3566 Do-
2799 3525 2804 3526 ⁷

1632 3603 1809 3648 minus:
1833 3601 1913 3648 odi
1938 3601 2200 3648 sacerdotes
2223 3599 2304 3661 qui
2329 3596 2654 3658 imprudenter
2675 3611 2727 3642 ac

1632 3689 1805 3726 temere
1824 3677 2154 3741 prolabuntur.
2177 3677 2446 3735 Rursusque
2468 3673 2726 3736 prophetae

1628 3757 1698 3802 sui
1724 3771 1831 3802 ore-2
1855 3756 1952 3808 isti,
1973 3751 2324 3816 inquit,„vesani
2346 3751 2536 3804 cadant,
2559 3759 2605 3796 et
2630 3765 2726 3796 non

1630 3840 1889 3894 resurgant.
1919 3833 2084 3877 Denuo
2110 3829 2298 3876 tandem
2325 3843 2349 3874 a
2377 3828 2536 3873 divino
2563 3825 2727 3873 obiur-
