2970 4420
457 276 484 321 8
1400 288 1550 321 monus
1582 289 1760 320 ALLATn

455 379 577 431 σθεν
618 373 779 431 ἰοῦσιν
815 373 1070 441 ὠφέλειαν
1097 399 1215 439 ταις
1242 398 1349 450 περι
1382 373 1570 430 τούτων
1604 368 1945 444 οἰδολεσχίαις
1972 374 2410 450 προμηθούμενος·
2439 375 2611 442 ἄλλης
2653 377 2708 434 δὲ

453 452 731 519 βασιλικης
768 450 1129 549 ὑωρμνησθεις
1165 453 1249 507 καὶ
1285 452 1530 523 πατρικῆς
1568 451 1804 515 ε’ντολης,
1841 449 1924 506 υἱέ
1963 475 2060 523 μου
2096 452 2337 528 φύλαξαι
2373 456 2467 509 τοῦ
2499 479 2715 514 ποιησαι

455 534 651 596 βιβλία
684 529 894 593 πολλοὶ,
928 528 1449 624 ωαραγγελλοόσης,
1483 527 1566 581 καὶ
1606 526 1663 581 τὸ
1698 526 1867 584 αι’τιον
1905 527 2313 624 ἐωαγαγοόσης,
2345 555 2435 586 του
2474 556 2539 603 μη
2581 529 2712 589 εἶναι

454 603 721 680 οισερασμόν
758 630 783 663 η
824 605 1117 662 συντέλειαν
1152 629 1246 661 των
1283 626 1651 700 συνταγματων
1686 626 1776 666 της
1812 603 2039 679 ἀπείρου
2073 612 2258 702 σοφίας
2290 605 2386 662 τοῦ
2422 610 2587 673 θεου,
2625 609 2711 664 καὶ

456 681 670 738 κόπωσιν
705 682 795 755 μὲν
831 681 1091 755 λεγούσης
1128 680 1304 752 ψυχης
1333 704 1416 735 και
1450 681 1640 776 σαρκὸς
1669 704 1755 738 την
1791 681 2031 777 ἀμετρίαν
2060 682 2307 757 ὑπάρχειν
2339 707 2428 746 της
2463 685 2716 755 μελέτης,

454 783 540 818 την
577 784 646 813 απ
693 760 849 821 αὕτης
887 757 944 813 δε
977 758 1268 824 ωφέλειαν,
1305 780 1388 812 και
1426 756 1604 820 wolone
1637 756 1996 814 θεοωνεόστου
2030 777 2234 831 ’γραφης
2274 757 2521 832 δύναμιν
2525 763 2595 824 εἷς
2629 785 2717 818 τον

455 860 544 890 του
583 837 717 890 θεοῦ
748 835 942 903 φόβον,
973 835 1057 889 καὶ
1089 859 1176 896 της
1208 834 1415 896 ε’ντολης
1442 834 1646 908 τήρησιν
1676 834 2249 906 συγκεφαλαιουμένους
2281 838 2478 910 ἐξεῖναι
2509 839 2715 905 λαβειν·

456 913 718 985 τοιΓαροῦν
745 937 833 974 της
861 912 1210 1008 παραγΓελίας
1233 909 1419 973 ταύτης
1448 910 1824 986 ἀκροασάμενος
1843 953 1854 974 ,
1884 911 2272 985 ἐφυλαξάμην’
2255 937 2330 968 επι
2365 915 2600 971 πλεισΤον
2626 938 2716 978 της

460 989 747 1063 ἐξηγήσεως
781 1012 912 1061 μετα
949 1012 1034 1046 την
1068 1011 1165 1043 των
1202 987 1500 1063 αποῤῥνῖτων
1532 988 1838 1059 επίσκεψιν’
1823 987 1967 1044 ιε’ναι·
1995 994 2296 1046 τελευταίαν
2333 987 2384 1045 δὲ
2418 1015 2513 1047 των
2547 1014 2718 1067 τετρα-

459 1071 644 1136 στίχων
679 1066 866 1120 τούτων
894 1089 979 1123 την
1011 1066 1303 1138 ὁμολογίαν
1333 1063 1669 1138 ἀποχρώντως
1696 1090 1826 1137 ημας
1857 1063 2226 1138 οἶκοὸομούσης
2259 1066 2384 1139 πρός
2410 1091 2461 1121 τε
2491 1071 2715 1143 θεωρίαν

462 1167 545 1197 και
579 1144 763 1216 πραξιν
794 1140 1171 1215 εξηγησοίμενος
1201 1141 1516 1197 καὟαπαόσω.
1554 1151 1677 1199 Mihi
1703 1169 1752 1198 zn
1778 1169 1941 1199 animo
1965 1163 2071 1198 erat
2093 1151 2341 1214 diffusiore
2362 1155 2589 1202 sermonis
2613 1171 2717 1202 am-

460 1229 562 1275 bitu
585 1231 653 1276 ad
678 1240 970 1293 argumenta
990 1228 1188 1292 singula
1212 1219 1482 1276 carminum
1507 1228 1715 1314 theologi
1738 1229 2063 1275 condecentem
2087 1222 2431 1293 exposi‘tionem
2450 1246 2708 1295 apponere,

462 1318 562 1352 tum
595 1305 719 1352 mihi
755 1322 934 1351 morem
968 1322 1160 1369 gerens,
1190 1323 1271 1369 qut
1309 1306 1438 1353 illius
1472 1306 1694 1370 gravium
1723 1319 1769 1352 et
1792 1305 2201 1370 amplissimarum
2233 1318 2579 1354 sententiarum
2608 1325 2713 1372 spe-

462 1382 802 1434 culati',onzbus
834 1395 878 1428 et
902 1382 1204 1428 acumi'nzbus
1227 1381 1504 1447 theologicis
1530 1383 1653 1429 mi‘hz
1673 1384 1962 1447 complaceo,
1992 1395 2095 1429 tum
2123 1383 2326 1447 posteris
2350 1385 2718 1431 emolumentum

461 1476 592 1506 circa
617 1475 675 1505 ea
699 1459 858 1523 magis
889 1475 1192 1523 comparans.
1234 1461 1404 1506 Verum
1426 1461 1625 1506 alterius
1650 1460 1839 1506 consi‘lzi
1858 1475 2139 1506 memoriam
2174 1460 2402 1512 recolens,
2432 1472 2477 1506 et
2513 1461 2639 1525 regii
2661 1477 2719 1507 ac

454 1536 653 1602 paterni
668 1536 933 1600 praecepti,
954 1536 1039 1596 fili
1060 1536 1153 1587 mi,
1181 1552 1293 1583 cave
1317 1554 1376 1582 ne
1397 1538 1569 1583 multos
1595 1537 1739 1584 libros
1764 1536 2115 1601 conscripseris,
2139 1537 2300 1583 sedulo
2325 1537 2644 1589 admonentis,
2673 1550 2719 1584 et

458 1630 656 1660 causam
682 1613 995 1677 proferentis,
1025 1614 1154 1676 quod
1175 1615 1334 1660 nullus
1362 1614 1424 1659 sit
1443 1614 1570 1676 finis
1592 1626 1679 1660 aut
1706 1614 1936 1661 terminus
1961 1614 2357 1678 compositionum
2383 1615 2604 1676 infinitae
2629 1633 2721 1662 nu-

458 1692 603 1738 minis
624 1691 916 1756 sapientiae,
946 1704 990 1737 et
1025 1691 1235 1738 laborem
1259 1692 1511 1738 asserentis
1539 1693 1732 1738 animae
1762 1705 1807 1739 et
1841 1692 2050 1757 corporis
2073 1692 2440 1738 immoderatam
2473 1693 2545 1739 rei
2567 1693 2719 1739 medi-

461 1769 691 1815 tationem
723 1786 818 1815 esse
828 1787 842 1821 ;
871 1768 1131 1815 utilitatem
1165 1785 1292 1819 vero,
1322 1784 1446 1831 quae
1482 1768 1591 1814 inde
1613 1769 1935 1832 consequitur,
1964 1780 2009 1814 et
2031 1769 2179 1814 totius
2203 1768 2431 1816 divinitus
2455 1769 2719 1833 inspiratae

461 1846 726 1910 scripturae
746 1846 1044 1908 facultatem
1076 1845 1126 1891 in
1159 1845 1252 1891 Dei
1276 1845 1519 1897 timorem,
1553 1858 1599 1891 et
1624 1846 1871 1911 praecepti
1898 1845 2272 1897 observantiam,
2314 1846 2459 1894 veluti
2489 1847 2539 1893 in
2569 1863 2717 1893 unum

462 1935 607 1986 caput
639 1923 916 1984 referentes,
945 1938 1177 1986 usurpare
1208 1921 1365 1968 licere.
1405 1923 1704 1986 Quapropter
1732 1923 1966 1970 monitum
1989 1921 2076 1968 hoc
2108 1922 2333 1974 audiens,
2367 1922 2476 1970 cavi
2501 1940 2559 1969 ne
2586 1924 2719 1970 ultra

461 2000 805 2064 expositionem
819 2011 931 2064 post
955 1999 1275 2063 ineffabilium
1298 1999 1723 2046 considerationem
1740 1999 2089 2064 protraherem.
2119 2002 2415 2046 Postremum
2438 2017 2543 2048 vero
2569 2013 2718 2048 tetra,-

462 2078 722 2125 stichorum
754 2077 923 2124 horum
957 2078 1224 2130 sententiis,
1256 2094 1379 2140 quae
1412 2077 1528 2124 satis
1556 2077 1833 2141 abundeque
1867 2089 1970 2124 tum
2000 2077 2069 2123 ad
2089 2077 2486 2141 speculationem,
2517 2090 2619 2124 tum
2651 2078 2720 2142 ad

463 2155 698 2214 actionem
731 2154 1015 2211 aedificant,
1042 2154 1307 2206 enarratis,
1335 2153 1527 2200 dicendi
1541 2155 1694 2217 finem
1711 2154 1927 2217 faciam.
1965 2156 2059 2201 Has
2089 2155 2493 2216 interpretationes
2509 2151 2717 2201 'maxima

463 2248 519 2278 ex
553 2241 684 2294 parte
718 2232 879 2278 Billius
912 2232 960 2278 in
992 2247 1122 2278 suam
1145 2233 1415 2278 Nazianzeni
1448 2231 1700 2278 editionem
1733 2231 1875 2278 latine
1907 2247 2075 2295 parum
2103 2240 2263 2278 cautus
2285 2230 2372 2278 sub
2397 2232 2503 2293 Cyri
2530 2232 2720 2278 nomine

462 2308 728 2356 transfudit.
763 2310 820 2355 Et
848 2309 897 2356 in
917 2308 1113 2371 epistola
1139 2308 1198 2354 ad
1228 2308 1511 2355 cardinalem
1536 2308 1775 2354 Sirletum:
1813 2307 1999 2371 reliqua
2027 2307 2175 2353 etiam
2203 2308 2453 2371 opuscula,
2481 2323 2603 2370 quae
2630 2309 2718 2371 Gya

464 2402 547 2432 rus
572 2384 875 2450 explanavit,
906 2384 1121 2445 versibus
1142 2384 1255 2430 item
1286 2384 1493 2431 reddidi.
1531 2385 1620 2432 Sed
1652 2400 1788 2446 cyrus
1821 2385 1887 2447 (i.
1916 2400 1959 2432 e.
1988 2384 2240 2447 dominus)
2275 2392 2381 2431 ante
2415 2385 2606 2431 nomina
2630 2398 2718 2447 po-

464 2464 604 2510 situm
637 2462 751 2525 quid
782 2463 866 2517 sit,
895 2462 1041 2509 fusius
1074 2463 1123 2508 in
1157 2462 1258 2508 aliis
1293 2461 1510 2508 diximus.

592 2622 648 2666 V.
685 2617 895 2666 Habetur
918 2627 1182 2681 praete-rea:
1217 2607 1416 2668 Nimia-a
1445 2608 1712 2682 βυζανὛίου
1743 2605 2034 2674 φιλοσόφου
2064 2605 2257 2669 ε’κθεσις
2286 2606 2712 2665 καὛασκευαστικη

464 2709 559 2758 μετ
602 2683 912 2759 ἀποδείξεως
941 2687 1036 2739 τοῦ
1067 2687 1422 2760 χριστιανικοῦ
1452 2682 1798 2760 ὃόγματος,’
1780 2708 1832 2738 εκ
1865 2707 2039 2739 κοινων
2075 2684 2298 2749 ε’ννοιων,
2332 2708 2411 2738 και
2455 2681 2716 2739 διαλεκτι-

426 2765 428 2768 ¹
466 2787 551 2825 κης
577 2760 830 2834 μεθόδου,
859 2785 942 2816 και
981 2778 1199 2828 φυσικων
1234 2761 1667 2836 ἐπιχειρημάτων,
1698 2785 1779 2816 και
1820 2760 2034 2815 συλλοΓι
2043 2763 2207 2823 σ’Τικης
2238 2763 2575 2831 πολυἻεχνιάς
2600 2784 2715 2834 προ-

467 2857 706 2911 αγομενη
737 2862 818 2893 και
860 2840 1151 2934 οἷντίῤῥησις
1184 2862 1270 2901 της
1307 2844 1578 2900 σταλείσης
1609 2838 1881 2899 ἐπιστολης
1912 2860 1965 2892 εκ
1999 2861 2096 2893 των
2127 2837 2424 2912 Ἀγαρηνων
2452 2837 2576 2911 πρὸς
2612 2842 2715 2891 Μι-

465 2915 611 2986 χαηλ
652 2915 883 2983 βασιλέα
925 2939 1035 2971 υιον
1080 2919 1377 2980 Θεοφίλου,
1421 2912 1516 2970 {wa
1562 2913 1794 2986 ὃιαβολη
1835 2937 1924 2977 της
1966 2937 2065 2970 των
2109 2915 2426 2989 Χριστιανων
2471 2920 2713 2975 ωιἭστεως

466 2993 662 3038 Nicetae
689 2990 941 3056 byzantini
963 2990 1237 3055 philosophi
1259 2991 1493 3055 empositto
1518 2991 1806 3052 confirmans
1833 3006 1939 3035 cum
1967 2989 2368 3035 demonstra-tione
2399 2988 2715 3035 christianum

467 3069 643 3133 dogma
667 3086 731 3115 ex
764 3068 1090 3128 communibus
1115 3067 1405 3119 notionibus,
1434 3079 1480 3114 et
1507 3067 1760 3114 di'alecttca
1788 3065 2032 3117 methodo,
2062 3078 2107 3111 et
2130 3065 2436 3112 naturalibus
2458 3080 2717 3128 argumen-

468 3146 552 3195 tis,
582 3158 626 3191 et
658 3144 867 3207 artifieio
896 3144 1187 3209 syllogistico
1215 3145 1470 3209 producta.
1508 3146 1571 3190 Et
1603 3144 1871 3206 confutatio
1901 3144 2128 3207 epistolae
2160 3143 2222 3188 ab
2255 3141 2490 3205 Agarenis
2523 3141 2593 3186 ad
2621 3141 2715 3188 Mi-

469 3221 676 3268 chae‘lem
707 3223 1041 3286 imperatorem
1071 3221 1337 3293 Theophili,
1355 3223 1493 3286 (non
1514 3221 1871 3284 Theophylacti,
1899 3229 1951 3267 ut
1979 3221 2278 3273 Possevfflus,
2306 3227 2351 3265 et
2373 3219 2715 3280 Epitomatores

470 3300 723 3359 gesneriani
746 3298 962 3361 vertunt)
979 3298 1146 3357 flium
1170 3315 1366 3351 missae,
1397 3315 1493 3362 qua
1517 3298 1832 3345 christianam
1845 3297 2000 3358 fidem
2024 3295 2466 3342 calumniabantur
2497 3289 2553 3339 P.
2585 3289 2715 3339 Δυσ-

471 3363 700 3436 θηρατόν
733 3388 781 3418 τι
818 3390 995 3441 χρημα
1031 3365 1293 3429 αληθεια,
1329 3389 1410 3420 και
1449 3364 1570 3427 τούς
1603 3387 1665 3438 γε
1699 3370 1818 3418 λίαν
1853 3363 2227 3458 ὀξυωποῦντας.

599 3451 731 3497 Alius
755 3460 823 3497 est
845 3453 1051 3499 eiusdem
1089 3461 1329 3499 tractatus:
1368 3443 1692 3538 οἷντίρρησις,
1718 3465 1798 3494 και
1840 3463 2087 3513 ανατροπη
2125 3463 2210 3501 της
2247 3433 2540 3511 ὃευτέρας’
2523 3461 2712 3492 επιστο-

472 3517 571 3578 λης
598 3541 685 3578 της
715 3523 984 3581 σταλείσης
1010 3543 1147 3592 παρα
1173 3542 1270 3574 των
1292 3520 1575 3593 ΑΓαρηνῶν
1602 3516 1723 3592 πρὸς
1751 3516 1980 3587 Μιχαηλ
2007 3515 2239 3583 βασιλεα
2275 3513 2383 3569 υιόν
2416 3518 2678 3579 Θεοφίλου
2697 3557 2710 3578 ,

476 3618 550 3648 επι
570 3591 815 3664 διαβολη
841 3618 928 3656 της
955 3618 1050 3650 των
1077 3597 1386 3670 ΧρισΤιανων
1420 3601 1643 3658 πίστεως.
1682 3604 1955 3667 Confutatto
1988 3615 2032 3648 et
2062 3619 2235 3650 eversio
2275 3601 2508 3648 secundae
2540 3601 2728 3664 episto-

474 3682 549 3727 lae
580 3680 642 3727 ab
675 3680 909 3744 Agarenis
943 3682 1010 3741 ad
1040 3683 1317 3730 Michae'lem
1351 3683 1708 3771 imperatorem
1709 3680 1952 3745 Theophili
1980 3683 2033 3727 F.
2067 3694 2264 3730 missae,
2294 3678 2568 3741 quasdem
2592 3677 2721 3724 chri-

474 3757 687 3805 stianam
721 3756 1160 3805 calumniabantur.
1199 3755 1254 3802 P.
1285 3748 1640 3821 Ἐβουλόμην,
1670 3774 1705 3804 ω
1744 3754 1925 3816 φίλος
1951 3745 2037 3803 τὸν
2070 3769 2178 3821 περι
2216 3751 2424 3808 πίστεως
2461 3767 2599 3816 ημων
2628 3767 2718 3817 ‘roo

475 3846 825 3899 χριστιανικου
862 3820 1004 3891 λε”γω
1043 3820 1309 3899 δόγματος
1340 3826 1519 3898 λόγον.
2594 3845 2596 3847 ’
