2970 4420
449 271 509 316 48
1388 284 1538 316 uzoms
1571 285 1746 316 ALLATu

425 435 431 439 ι
577 369 755 415 XXXV.
793 370 927 416 Philo
956 368 1293 432 pythagoieus,
1324 368 1545 414 Clementi
1574 368 1659 415 lib.
1688 370 1724 415 Ι.
1759 370 1833 415 15.
1862 379 1908 418 et
1940 373 2019 418 21.
2047 381 2259 420 stromat.
2287 374 2465 428 senior,
2496 374 2695 437 Iosepho

448 454 609 492 contra
647 446 911 508 Appionem
945 447 1027 492 lib.
1063 449 1099 492 I.
1138 447 1223 499 23,
1258 454 1302 491 et
1335 443 1534 491 Eusebio
1566 445 1625 491 de
1660 456 1921 531 praeparat.
1962 449 2223 511 evangelica
2260 449 2343 501 lib.
2380 452 2458 497 IX.
2492 454 2571 497 20.
2608 453 2688 498 24.

443 514 507 565 ‘O
543 510 631 584 μέν
666 536 746 567 τοι
784 511 1042 586 φαλκρευς
1082 511 1398 583 Δημήτριος,
1433 533 1515 564 και
1556 511 1727 567 Φίλων
1764 514 1788 565 ὁ
1825 514 2190 589 πρεσβύτερος,
2226 515 2309 570 καὶ
2346 515 2691 589 Εὐπόλεμος,

447 589 502 642 ου’
539 589 669 643 πολι)
707 613 796 651 της
833 591 1087 650 ἀληθείας
1124 587 1416 660 διήμαρτον.
1455 599 1734 646 Sozomenus
1768 599 1876 645 hist.
1914 602 2242 650 ecclesiasticae
2275 603 2358 649 lib.
2396 605 2432 649 1.
2472 620 2572 666 cap.
2611 606 2686 651 12.

445 666 672 720 Φίλων
648 690 670 718 ο
703 664 1062 740 πυθαγόριος
1045 688 1090 719 εν
1119 688 1230 725 τοις
1259 687 1353 717 κατ
1395 663 1549 719 αὐτὸν
1576 663 1784 738 χρόνοις
1816 667 2016 741 ἱσἻορεῖ.
2051 679 2136 725 Sed
2167 681 2400 727 diversum
2433 681 2559 735 hunc
2592 697 2690 728 esse

444 769 468 799 a
496 753 688 800 Philone
712 754 1023 815 pythagoreo,
1052 753 1180 798 cuius
1203 751 1441 806 Clemens,
1468 752 1714 815 Iosephus,
1739 769 1791 799 ac
1814 753 2039 801 Eusebius
2060 758 2333 811 meminere,
2361 757 2566 804 dicemus
2584 773 2690 804 cum

441 830 501 876 de
536 831 728 876 Philone
763 830 1063 876 alexandrino
1095 826 1237 874 verba
1267 827 1504 875 faciemus,
1541 831 1676 875 Hunc
1700 831 1758 876 de
1784 830 1971 892 regibus
1996 832 2299 886 Iudaeorum,
2328 833 2558 895 rebusque
2590 834 2690 880 hie-

443 907 788 967 rosolymitanis
812 907 1066 968 scripsisse,
1097 904 1391 951 manifestum
1416 913 1501 952 est.
1529 906 1807 953 Iudaeorum
1836 923 2033 969 namque
2058 918 2238 970 gentem
2262 911 2424 956 ceteris
2449 910 2547 956 aliis
2566 909 2689 956 mul-

447 995 494 1030 to
523 986 831 1046 antiquiorem
859 983 996 1028 fuisse
1022 982 1381 1034 demonstravit,
1409 991 1461 1028 ut
1484 985 1546 1029 ait
1570 984 1777 1030 Clemens
1803 983 1887 1030 lib.
1910 985 1946 1029 1.
1975 985 2049 1053 15.
2063 994 2280 1035 stromat.
2310 976 2508 1031 Τούτων
2537 974 2687 1032 ἁπάν-

441 1075 536 1104 των
574 1047 950 1143 πρεσβύτατον
971 1072 1145 1122 μακρω
1179 1045 1239 1101 τό
1278 1045 1511 1103 ιὀυὸαἶον
1547 1049 1727 1124 γένος,
1762 1073 1844 1104 και
1884 1074 1970 1107 την
2005 1047 2128 1126 παρ’
2163 1053 2341 1114 αὐτοῖς
2378 1057 2688 1118 φιλοσοφίαν

448 1125 725 1200 ἕγΓραπτον
761 1147 1031 1201 ’γενομενκν
1064 1123 1434 1199 ωροκοιτάρξαι
1469 1149 1557 1187 της
1591 1150 1687 1199 παρ
1728 1123 1950 1186 Ἕλλησι
1987 1134 2326 1194 φιλοσοφίας,
2359 1127 2447 1183 δια
2479 1130 2688 1184 πολλων

444 1205 467 1257 ὁ
503 1202 831 1299 πυθαγόριος
863 1199 1184 1257 ὑποδείκνυσι
1207 1206 1395 1257 Φί·λων
1426 1203 1482 1256 οὗ
1515 1226 1609 1273 μην
1639 1203 1787 1256 οἷλλοὶ
1819 1203 1901 1258 καὶ
1934 1198 2338 1279 Ἀριστόβουλος
2373 1205 2396 1258 ὁ
2425 1229 2686 1279 περιπατη-

443 1281 612 1342 τικός,
649 1303 730 1332 και
779 1277 942 1332 ἄλλοι
979 1283 1215 1339 1τσλείους.
1250 1291 1328 1335 Et:
1365 1283 1537 1334 Φίλων
1574 1277 1630 1334 δὲ
1667 1280 1749 1333 καὶ
1788 1280 1945 1343 αὖτός
1989 1280 2250 1356 oive'ypaxie
2293 1283 2411 1344 τούς
2448 1282 2687 1349 βασιλεις

440 1381 537 1413 των
560 1353 818 1410 Ιοοὸαίων
850 1353 1110 1421 διαφώνως
1138 1356 1211 1428 τῷ
1240 1356 1518 1428 Δκμῆῗρίῳ.
1554 1368 1739 1413 Poterat
1761 1369 1885 1414 enim
1911 1384 1995 1414 nec
2019 1369 2252 1416 immerito
2277 1369 2409 1415 aliter
2434 1384 2574 1430 quam
2596 1370 2688 1415 De-

439 1444 628 1491 metrius
657 1459 728 1489 res
763 1443 964 1490 iudaicas
987 1444 1195 1495 tradere,
1223 1452 1459 1505 tamquam
1485 1459 1643 1490 earum
1671 1445 1890 1505 peritior,
1919 1448 2048 1506 quasi
2082 1447 2233 1509 ipsum
2265 1447 2550 1493 Demetrium
2583 1461 2688 1492 cor-

439 1521 651 1583 rigendo.
691 1521 820 1567 Illius
850 1523 1052 1567 carmina
1090 1521 1313 1567 nonnulla
1349 1536 1405 1567 ex
1437 1522 1623 1583 primo,
1642 1530 1688 1567 et
1718 1521 1901 1568 decimo
1932 1531 2099 1584 quarto
2133 1523 2256 1570 libro
2289 1524 2347 1570 de
2371 1522 2556 1584 regibus
2587 1522 2687 1568 hie-

437 1599 783 1659 rosolymitanis
816 1600 975 1644 recitat
1007 1598 1232 1644 Eusebius
1257 1613 1313 1644 ex
1342 1597 1608 1644 Alexandro
1633 1597 1942 1660 Polyhistore.
1980 1601 2104 1646 Inter
2132 1616 2184 1647 ea
2216 1601 2549 1692 elegantissima
2573 1599 2685 1646 haec

436 1684 542 1721 sunt
578 1674 691 1736 (lib.
723 1675 799 1722 lX..
833 1675 949 1737 24.)
2487 1683 2498 1693 “

822 1742 999 1796 Τοισιν
1037 1738 1146 1803 ἕδος
1182 1742 1496 1816 μακαριστὸν
1534 1740 1658 1805 ὅλης
1699 1741 1868 1817 μέγας
1907 1741 2096 1799 ἔκτισεν
2132 1741 2293 1819 α’κτωρ

811 1814 1091 1887 “Υ’ψιστος,
1127 1842 1208 1872 και
1249 1819 1475 1892 πρόσθεν
1512 1820 1595 1886 ἀφ’
1627 1820 1984 1893 Αβραοίμοιο,
2019 1820 2102 1875 καὶ
2137 1820 2303 1884 Ἰσοὶκ,

816 1893 1004 1962 Ἰακωβ
1042 1894 1292 1950 εὔτεκνοιο
1328 1895 1473 1958 τόκος
1502 1897 1716 1963 Ἰωσὴφ,
1755 1896 1806 1958 ὃς
1844 1898 2040 1970 ὀνείρων

823 1975 1133 2036 Θεσπιστῆς,
1172 1973 1487 2043 σκηπτοῦχος
1525 1973 1571 2028 ἐν
1606 1972 1896 2046 Αἰγύπτοιο
1932 1972 2199 2046 θρόνοισι,

822 2049 1070 2111 Δινεόσας
1105 2050 1351 2122 λαθραῖα
1384 2048 1572 2122 χρόνου
1608 2048 1929 2123 πλημμόριὸι
1964 2055 2157 2125 μοίρης.

432 2140 551 2184 Hiuc
586 2138 782 2183 maxime
802 2138 994 2193 ‚fallitur
1033 2137 1280 2190 Simlerus,
1309 2138 1389 2199 qui
1422 2145 1553 2200 putat
1587 2151 1612 2183 a
1646 2137 1879 2184 Clemente
1915 2137 2156 2184 Philonem
2184 2137 2399 2200 byblium
2427 2139 2679 2201 designari,
2718 2143 2728 2155 “

432 2216 606 2277 quippe
638 2216 718 2277 qui
754 2216 909 2261 iunior
933 2215 1073 2261 fuerit
1104 2215 1318 2276 losepho.
1356 2216 1413 2261 Et
1444 2214 1694 2261 verisimile
1728 2224 1796 2261 est
1826 2215 2068 2262 Philonem
2103 2216 2355 2271 seniorem,
2383 2233 2488 2265 cum
2522 2218 2580 2264 de
2609 2230 2681 2264 re*

433 2291 521 2337 bus
557 2291 980 2353 hierosolymitanis
1012 2298 1338 2353 pertractaret,
1367 2292 1511 2353 egisse
1545 2292 1683 2337 etiam
1719 2292 1778 2338 de
1811 2291 1998 2354 regibus
2029 2292 2306 2339 Iudaeorum
2338 2309 2433 2340 non
2464 2296 2685 2342 inconve-

434 2370 587 2415 niente
617 2376 906 2430 argumento.
943 2369 1138 2414 Fallitur
1159 2369 1270 2414 item
1301 2369 1524 2430 Georgius
1551 2369 1803 2415 Hervastus
1835 2370 1887 2434 in·
1911 2384 2033 2415 nova
2063 2384 2144 2415 sua
2169 2357 2471 2432 chronologia
2495 2370 2554 2416 ad
2587 2370 2681 2418 cal-

435 2445 591 2491 culum
628 2446 989 2491 astronomicum
1025 2460 1127 2507 cap.
1156 2446 1278 2499 264,
1314 2445 1395 2506 qui
1430 2444 1674 2491 Philonem
1713 2446 1965 2491 annianum
1989 2453 2095 2491 cu'm
2121 2439 2315 2493 Philone
2348 2447 2461 2499 isto,
2488 2447 2546 2493 de
2573 2462 2680 2509 ·quo

416 2522 640 2584 'loquitur
672 2522 882 2567 Clemens
917 2522 1271 2575 alexandrinus,
1302 2530 1350 2568 et
1383 2522 1463 2583 qui
1498 2521 1556 2568 de
1589 2521 1777 2583 regibus
1812 2522 2090 2568 ludaeorum
2121 2524 2325 2584 scripsit,
2354 2522 2612 2570 confundit.
2679 2514 2681 2517 ’

561 2601 632 2644 An
658 2600 732 2645 hic
755 2599 888 2645 Philo
913 2600 1066 2645 senior
1091 2607 1252 2645 auctor
1286 2598 1394 2644 libri
1427 2600 1543 2645 sacri
1576 2600 1861 2661 Sapientiae?
1897 2598 2099 2646 Dubium
2135 2615 2243 2646 sane
2277 2608 2344 2646 est
2381 2600 2594 2662 pluribus
2622 2601 2689 2648 de,

431 2678 593 2722 causis.
631 2676 854 2722 Nonnulli
881 2677 1022 2722 sancti
1054 2685 1230 2737 patres,
1258 2677 1429 2741 aliique
1458 2673 1553 2722 non
1579 2677 1943 2723 contemnendae
1968 2677 2274 2730 auctoritatis,
2301 2676 2473 2725 librum
2496 2678 2573 2739 qui
2599 2679 2682 2725 Sa—

431 2754 629 2815 pientiae
665 2755 852 2800 nomine
885 2755 1006 2799 inter
1039 2769 1194 2799 sacrae
1228 2755 1482 2816 scripturae
1516 2753 1756 2800 volumina
1786 2753 2135 2806 circumfertur,
2163 2754 2397 2800 Salomoni
2430 2755 2569 2808 dant,
2601 2771 2682 2801 ex-

431 2839 703 2893 cerptasque
734 2847 791 2878 ex
823 2847 879 2877 eo
902 2832 1153 2877 ‘sententias
1177 2830 1265 2877 sub
1297 2832 1556 2878 Salomonis
1589 2833 1775 2877 nomine
1811 2832 2018 2878 laudant.
2057 2832 2145 2878 Alii
2173 2832 2274 2878 aliis
2308 2832 2574 2879 auctoribus
2598 2834 2679 2879 tri-

430 2907 607 2954 buunt:
645 2924 724 2955 eos
758 2917 808 2954 ut
834 2909 907 2954 hic
932 2910 1120 2955 recitem
1154 2922 1546 2971 supervacaneum
1581 2908 1728 2962 duco;
1758 2910 1925 2972 passim
1963 2909 2134 2970 ubique
2168 2907 2355 2962 obvios,
2384 2909 2555 2964 lector,
2582 2910 2674 2956 adi.

430 2973 744 3049 Hieronymus
777 2988 824 3033 in
855 2986 1139 3049 praefatione
1178 2987 1237 3033 ad
1266 2986 1414 3033 libros
1449 2987 1709 3034 Salomonis
1745 2987 1909 3040 refert,
1937 3002 1963 3032 a
1998 2987 2158 3033 multis
2192 2986 2318 3033 illius
2351 2985 2467 3032 libri
2488 3002 2678 3049 compo-

429 3065 615 3109 sitorem
644 3065 885 3110 Philonem
911 3064 1050 3110 fuisse
1073 3065 1398 3114 existimatum.
1437 3065 1665 3110 Iohannes
1689 3064 2038 3110 saresberiensis
2063 3065 2198 3126 epist.
2232 3066 2339 3109 172.
2372 3064 2526 3110 comiti
2553 3065 2679 3110 Hen-

429 3143 542 3187 rico.
572 3141 767 3188 Librum
793 3141 1069 3205 Sapientiae
1092 3141 1351 3204 composuit
1374 3140 1534 3192 Philo,
1565 3141 1835 3203 diciturque
1855 3139 2271 3204 pseudographus,
2299 3154 2391 3184 non
2415 3139 2532 3201 quia
2552 3141 2678 3186 male

429 3218 691 3281 scripserit,
721 3218 805 3264 sed
825 3218 941 3281 quia
971 3219 1096 3265 male
1125 3218 1382 3281 inscripsit.
1420 3217 1686 3280 Inscriptus
1712 3217 1839 3262 enim
1871 3229 1939 3262 est
1955 3215 2215 3279 ⁴Sapientia
2247 3214 2535 3266 Salomonis,
2570 3231 2702 3271 cum,

431 3310 461 3339 a
487 3297 735 3342 Salomone
769 3313 862 3342 non
887 3296 949 3342 sit
974 3295 1146 3341 edituS.
1185 3296 1279 3341 Sed
1294 3307 1494 3359 propter
1520 3292 1705 3344 stilum,
1735 3310 1871 3356 quem
1902 3292 2058 3338 induit
2082 3304 2127 3337 et
2150 3291 2441 3355 elegantiam
2465 3307 2672 3343 morum,

430 3387 574 3432 quam
609 3373 654 3416 ei
689 3373 945 3433 informat,
985 3372 1164 3418 dicitur
1194 3372 1479 3418 Salomonis.
1517 3374 1654 3433 Hugo
1688 3371 1747 3417 de
1781 3373 1825 3416 S.
1861 3370 2010 3416 Charo
2039 3368 2294 3415 Cardinalis
2329 3368 2678 3438 p'rolog300m-

430 3456 572 3493 ment.
603 3449 648 3493 in
679 3451 876 3511 Sapient.
908 3450 1045 3505 Quod
1067 3450 1315 3495 attendens
1344 3449 1500 3500 Philo,
1532 3460 1743 3494 tractare
1768 3448 1920 3494 volens
1944 3446 2000 3492 de
2022 3445 2294 3509 Sapientia,
2316 3445 2478 3508 primo
2503 3444 2679 3490 exhor·
2749 3512 2752 3515 1

430 3537 563 3571 tatur
591 3525 659 3570 ad
690 3541 899 3572 amorem
931 3526 1198 3590 sapientiae
1229 3526 1420 3575 dicens:
1458 3525 1649 3589 diligite
1689 3524 1927 3570 iustitiam
1959 3531 2047 3571 etc.
2084 3522 2194 3568 Fuit
2224 3533 2384 3567 autem
2419 3520 2506 3566 iste
2539 3520 2678 3567 Philo

430 3602 629 3647 iudaeus
653 3601 850 3663 quidam
883 3603 1207 3651 Hebraeorum
1231 3602 1530 3649 doctissimus
1539 3602 1566 3653 „
1582 3602 1752 3665 lingua
1778 3615 1955 3664 graeca
1978 3598 2338 3649 disertissimus,
2367 3597 2453 3660 qui
2473 3609 2678 3661 tempore

428 3679 748 3742 apostolorum
766 3679 966 3740 floruit,
997 3692 1041 3724 et
1076 3681 1378 3744 imperatoris
1416 3680 1522 3726 Caii
1553 3691 1858 3744 cognomento
1893 3677 2163 3740 Caligulae,
2200 3688 2252 3721 ut
2286 3675 2405 3722 dicit
2439 3675 2679 3739 Hierony-

428 3773 555 3808 mus,·
585 3755 670 3818 qui
697 3755 870 3801 librum
905 3755 1047 3801 istum
1082 3758 1364 3821 composuit,
1393 3756 1478 3820 qui
1507 3756 1763 3820 Sapientia
1787 3753 2053 3802 Salomonis
2080 3752 2376 3803 inscribitur,
2406 3763 2451 3796 et
2471 3751 2683 3815 pseudo-⁷

355 3837 356 3841 ’
425 3832 716 3903 epigraplzus
747 3833 1038 3898 appellatur,
1079 3833 1131 3879 id
1159 3846 1225 3880 est
1247 3835 1385 3895 falso
1421 3834 1695 3897 inscriptus,
1735 3833 1851 3895 quia
1885 3847 1975 3878 non
2011 3847 2041 3877 a
2074 3832 2346 3880 Salomone,
2378 3830 2461 3876 sed
2489 3846 2521 3876 a
2554 3828 2672 3876 Plzi-

2963 3438 2970 3517 ..2—4.
2963 3321 2970 3422 ,μη-..Α
2963 3287 2970 3308 .-
2966 3245 2970 3279 ...„
2966 3223 2970 3235 u
2966 3187 2970 3212 .-Α
2955 3150 2970 3172 ξι.
2968 3123 2970 3127 i
