2970 4420
430 256 548 287 xvm
1378 259 1528 290 Lr-zoms
1562 259 1738 290 ALLATn

433 331 523 382 dit,
548 330 731 385 prolatis
759 331 803 373 in
828 330 1014 375 medium
1038 332 1160 376 factis
1193 333 1401 389 dictisque
1429 337 1472 375 et
1499 337 1593 375 tota
1618 334 1781 376 ratione
1809 333 1948 388 vitae,
1981 347 2110 392 quam
2136 337 2210 381 ille
2239 338 2295 382 ad
2321 339 2554 395 perfectam
2578 340 2695 384 chri-

431 404 587 446 stianae
607 404 894 446 institutionis
926 405 1164 460 (normam)
1196 409 1414 460 exegerat,
1447 407 1714 459 mortemque
1742 403 1924 448 obiicrat
1947 406 2019 461 pio
2048 420 2097 451 ac
2127 409 2340 465 prudente
2367 406 2461 454 viro
2493 410 2666 466 dignam
2682 443 2695 465 ,

430 477 542 517 inter
571 476 830 530 expiationes
861 479 990 530 atque
1012 476 1241 531 mysteria,
1273 488 1351 531 per
1376 487 1485 529 quae
1516 474 1816 519 excedentibus
1839 475 1893 518 ab
1921 477 2004 520 hac
2022 478 2118 522 luce
2141 479 2330 524 fidelium
2360 482 2508 525 animis
2540 495 2623 539 pax
2654 487 2697 526 et

431 551 604 601 optatus
634 546 688 589 ad
715 546 956 589 caelestium
981 546 1105 589 sedes
1129 547 1328 588 transitus
1352 549 1512 587 statuto
1543 545 1742 588 ecclesiae
1768 546 1855 588 ritu
1885 548 2167 603 propitiatur:
2202 563 2290 607 quo
2318 554 2478 608 scripto
2508 565 2594 596 non
2622 567 2694 596 so-

431 619 519 660 lum
545 618 670 661 amici
698 618 833 661 famae
856 618 1066 660 immerito
1091 617 1296 660 laceratae
1322 616 1543 659 consulere
1570 616 1757 671 studuit,
1783 617 1857 660 sed
1887 619 2014 662 etiam
2046 624 2259 665 communi
2282 623 2568 668 litteratorum
2596 639 2693 669 cau-

429 701 502 731 sae
526 689 707 741 servire,
730 690 805 744 qui
829 689 907 731 fati
933 687 1151 731 cuiusdam
1180 687 1439 741 malignitate
1469 696 1612 730 rerum
1637 687 1873 731 divinarum
1893 691 2052 744 securi,
2078 697 2123 735 et
2144 693 2403 750 religionum
2431 696 2697 751 negligentes

427 761 563 816 ‘vulgo
590 765 807 815 putantur.
841 761 1000 807 Verum
1028 759 1132 802 haec
1161 759 1325 814 aliquot
1350 759 1469 801 annis
1495 763 1645 814 postea
1673 759 1809 802 fuere.
1844 761 2037 804 Ceterum
2068 765 2322 808 auctoritate
2347 766 2539 821 Lagallae
2569 767 2696 810 indo-

426 832 515 874 lem
552 832 640 874 eius
672 831 725 873 ad
760 843 907 873 omnes
943 830 1188 890 disciplinas
1224 828 1400 871 mirifice
1436 829 1593 873 factam
1626 830 1897 885 admirantis,
1934 832 2143 876 adductus
2174 835 2360 893 ‚Allatius
2398 841 2499 892 post
2534 850 2696 892 paucos

432 905 473 945 in
508 903 741 946 medicinae
772 901 922 944 studiis
954 905 1123 943 exactos
1146 911 1335 953 menseS,
1358 899 1605 968 sollemnem
1633 900 1826 944 doctoris
1856 915 1904 944 ea
1931 904 2092 946 in‘arte
2119 905 2291 949 titulum
2321 908 2486 963 accepit
2509 907 2593 966 (1);
2617 922 2695 951 nec

433 976 546 1017 ultra
577 975 623 1017 in
656 986 708 1016 eo
739 972 950 1016 curriculo
982 971 1062 1014 sibi
1092 970 1450 1026 perseverandum
1478 972 1755 1027 existimavit,
1785 978 2012 1018 contentus
2040 977 2286 1030 cognitione
2307 971 2565 1035 scriptorum
2578 1010 2590 1033 ,
2621 980 2698 1035 qui

434 1046 478 1086 in
508 1058 557 1087 ea
585 1045 686 1087 clari
717 1044 953 1097 habentur,
982 1042 1036 1085 ad
1068 1043 1196 1084 animi
1222 1041 1441 1084 dumtaxat
1466 1048 1784 1098 ornamentum,
1806 1045 2048 1101 ingeniique
2076 1047 2264 1102 cultum,
2287 1053 2331 1091 et
2354 1062 2408 1092 ne
2436 1050 2484 1092 in
2513 1049 2699 1105 regenda

433 1117 608 1174 propria
628 1115 967 1168 valetudine,-ac
988 1113 1168 1155 vitandis
1190 1114 1364 1168 corpori
1387 1114 1546 1168 noxiis,
1572 1115 1698 1157 alieni
1720 1117 1884 1159 consilii
1902 1129 2160 1173 magnopere
2182 1119 2410 1174 indigeret:
2437 1133 2698 1177 quamquam

434 1187 628 1229 dubitare
657 1186 854 1232 nonnihil
890 1186 1015 1227 etiam
1051 1184 1165 1226 visus
1203 1189 1267 1227 est
1299 1184 1352 1227 de
1385 1185 1627 1240 profitenda
1659 1187 1729 1229 illa
1761 1192 1872 1240 arte,
1905 1189 2068 1232 illectus
2102 1190 2336 1233 admirabili
2370 1191 2571 1235 facilitate
2606 1193 2698 1235 eius

432 1258 562 1314 adyta
594 1256 867 1314 penetrandi,
901 1260 943 1299 et
973 1254 1235 1310 quotidianis
1269 1256 1463 1309 magistri
1496 1255 1865 1300 adhortationibus
1898 1259 2124 1314 fatigatus,
2157 1261 2232 1303 sed
2266 1261 2459 1305 cohibuit
2489 1263 2698 1317 impetum

435 1329 576 1371 studio
602 1328 799 1370 novitatis
826 1327 1056 1369 ferventius
1082 1327 1269 1381 incitati,
1294 1340 1347 1369 ne
1378 1333 1529 1370 contra
1550 1328 1740 1372 officium
1769 1330 1850 1372 viri
1877 1329 2098 1386 prudentis
2127 1332 2265 1376 facere
2292 1333 2529 1388 videretur,
2559 1335 2595 1377 si
2617 1334 2700 1377 tri-

432 1404 520 1441 tam
548 1413 571 1441 a
601 1399 746 1453 primis
777 1398 897 1439 annis
927 1397 1039 1439 vitae
1073 1398 1285 1450 semitam,
1318 1403 1483 1442 matura
1514 1399 1598 1442 iam
1636 1405 1797 1456 aetate,
1825 1415 1902 1457 per
1933 1405 2160 1446 vanitatem
2192 1409 2236 1446 et
2266 1404 2429 1447 consilii
2456 1405 2701 1448 inconstan-

431 1472 559 1523 tiam,
587 1471 776 1512 deserere
808 1470 1036 1511 diceretur.
1785 1511 1789 1514 ,
2690 1515 2693 1519 ¹

552 1543 624 1584 28.
659 1541 735 1582 His
759 1541 830 1582 ille
858 1540 1008 1582 studiis
1035 1539 1219 1583 intendit
1246 1539 1353 1583 nihil
1381 1540 1553 1583 remissa
1577 1553 1677 1583 cura
1703 1544 1889 1596 negotii,
1915 1546 2034 1586 cuius
2056 1546 2190 1598 gratia
2221 1558 2265 1588 se
2291 1547 2337 1588 in
2360 1546 2510 1590 urbem
2539 1552 2695 1591 contu-

433 1616 565 1668 lerat,
600 1626 687 1668 quo
722 1613 895 1668 quidem
925 1626 976 1655 ex
1006 1614 1211 1655 sententia
1239 1613 1459 1666 confecto,
1492 1613 1785 1668 episcopoque
1813 1614 1867 1656 ad
1899 1616 2094 1658 ecclesiae
2124 1629 2224 1659 suae
2253 1618 2598 1672 procurationem
2628 1632 2700 1662 re·

432 1698 580 1739 verso,
613 1671 774 1727 Romae
803 1685 991 1727 substitit
1021 1684 1067 1726 in
1097 1684 1227 1727 domo
1261 1685 1382 1727 Pauli
1411 1685 1560 1739 Regii,
1596 1685 1675 1726 viri
1703 1698 1799 1727 cum
1832 1688 1979 1741 primis
2014 1686 2131 1730 docti
2165 1693 2207 1730 et
2237 1689 2443 1743 singulari
2473 1690 2530 1733 ob
2562 1690 2704 1734 diuti-

434 1771 537 1800 num
566 1771 709 1800 rerum
739 1770 862 1798 usum
890 1756 1138 1811 prudentia:
1165 1756 1329 1817 quippe*
1350 1755 1585 1798 scribendis
1614 1756 1806 1810 epistolis
1836 1758 2029 1812 Gregorii
2054 1759 2146 1802 XV.
2179 1759 2374 1814 pontifici
2403 1762 2575 1804 maximi
2598 1775 2700 1806 mox

435 1828 674 1883 adhibitus,
700 1829 928 1883 multisque
958 1832 1176 1882 praeterea
1202 1827 1329 1869 rebus
1361 1827 1555 1881 gerendis
1578 1828 1816 1882 exercitus,
1841 1841 1967 1871 senex
1996 1835 2165 1873 exactae
2194 1831 2278 1874 iam
2299 1831 2467 1885 aetatis,
2494 1837 2537 1874 et
2566 1833 2703 1876 oculis

434 1905 607 1955 eaptus,
632 1901 819 1942 litterato
851 1901 893 1940 in
927 1901 1017 1948 otio
1052 1899 1372 1953 conquieverat.
1408 1886 1883 1942 Huius²consuetudine
1913 1902 2266 1958 sermonibusque
2297 1905 2476 1946 maxime
2509 1905 2699 1947 omnium

433 1985 478 2013 se
510 1972 738 2027 profecisse
762 1971 977 2026 praedicat
1001 1970 1192 2012 Allatius.
1225 1970 1329 2012 Cum
1358 1971 1470 2012 enim
1498 1970 1707 2012 acerrimo
1729 1972 1886 2014 iudicio
1909 1973 2151 2028 praeditum
2178 1973 2563 2030 animadvertisset,
2585 1987 2698 2019 eam-

434 2060 516 2101 que
545 2047 598 2089 de
627 2047 702 2089 illo
737 2045 851 2102 apud
884 2046 1177 2088 doctissimum
1210 2058 1423 2100 quemque
1453 2047 1702 2101 opinionem
1734 2044 1956 2098 incedere,
1990 2049 2038 2086 ut
2069 2057 2196 2086 nemo
2226 2048 2446 2099 putaretur
2479 2046 2704 2089 exactioris

431 2131 569 2173 neque
601 2119 803 2160 felicioris
833 2130 921 2160 esse
945 2119 1155 2170 trutinae,
1184 2129 1268 2172 qua
1299 2117 1403 2171 quid
1433 2118 1478 2158 in
1503 2117 1622 2159 libris
1646 2129 1743 2159 cum
1773 2116 1920 2169 laude,
1954 2115 2058 2170 quid
2090 2116 2240 2158 vitiose
2270 2117 2457 2171 positum
2484 2120 2593 2159 esset
2621 2130 2698 2161 ex-

361 2185 369 2191 ’
433 2189 660 2244 penditur,
695 2203 719 2231 a
751 2189 860 2230 senis
894 2188 1023 2230 latere
1059 2200 1146 2230 non
1180 2187 1420 2240 discedere,
1455 2187 1508 2229 ab
1543 2201 1616 2230 ore
1655 2188 1840 2230 hominis
1874 2186 2084 2241 pendere,
2119 2185 2231 2229 dicta
2262 2188 2574 2242 sententiasque
2606 2199 2698 2231 me-

435 2260 570 2301 moria
598 2259 918 2301 commendare:
947 2271 1032 2312 qua
1063 2258 1134 2299 ille
1166 2257 1384 2311 diligentia
1412 2257 1662 2300 illustratam
1685 2258 1766 2315 sibi
1798 2256 1976 2299 mirifice
2000 2246 2211 2311 mentem,
2235 2262 2363 2312 atque
2388 2258 2460 2311 iis,
2486 2270 2596 2313 quae
2626 2258 2700 2301 ha-

436 2337 583 2374 ctenus
618 2331 799 2385 legendo
837 2329 1173 2384 meditandoque
1210 2329 1290 2370 sibi
1326 2334 1572 2384 paraverat,
1606 2329 1797 2371 ordinem
1834 2328 2085 2370 methodum
2119 2328 2348 2384 (quodque
2386 2330 2584 2372 usuvenit
2621 2329 2699 2373 ad-

432 2415 582 2457 sperso
613 2403 697 2444 sale
723 2402 851 2454 cibis)
886 2401 1095 2456 quendam
1120 2401 1253 2443 velutiv
1269 2413 1461 2455 saporem
1483 2401 2018 2454 accessisse-(sentiebat);
2045 2400 2274 2455 eademque
2299 2413 2427 2455 opera
2451 2401 2700 2444 benivolen-

438 2475 543 2516 tiam
571 2475 652 2515 viri
685 2474 978 2515 effusissimam
1009 2472 1088 2515 sibi
1122 2473 1383 2526 conciliavit,
1418 2477 1618 2514 utnemo
1648 2473 1774 2527 plane
1808 2473 1870 2514 illi
1898 2484 2034 2526 neque
2062 2471 2197 2513 carior
2225 2476 2356 2525 esset,
2389 2484 2526 2527 neque
2550 2473 2701 2515 iucun-

439 2546 560 2600 dior,
586 2559 664 2588 nec
694 2547 867 2588 om'nino
900 2545 1028 2587 alium
1057 2545 1254 2586 heredem
1279 2545 1547 2587 fortunarum
1577 2557 1746 2586 suarum
1779 2545 1916 2596 (inter
1944 2557 2049 2598 quas
2080 2548 2171 2585 erat
2197 2544 2519 2586 instructissima
2540 2543 2700 2587 biblio-

436 2618 580 2671 theca)
613 2618 833 2659 instituere
852 2618 895 2659 in
925 2618 1065 2659 animo
1095 2617 1326 2669 habuerat,
1353 2617 1384 2658 si
1414 2617 1592 2658 Allatius
1619 2616 1766 2658 relicto
1792 2616 1907 2658 avito
1936 2616 2189 2668 cognomine
2213 2615 2256 2656 in
2286 2615 2400 2669 eius,
2426 2619 2474 2657 ut
2500 2615 2697 2672 volebat,

437 2689 637 2731 familiam
658 2690 839 2732 transire
862 2689 1138 2731 sustinuisset.
1169 2687 1471 2730 Celebrabatur
1491 2700 1540 2729 eo
1563 2692 1756 2741 tempore
1777 2687 1899 2740 Regii
1920 2686 2072 2727 domus
2097 2698 2122 2727 a
2146 2686 2247 2732 ,viris
2270 2685 2410 2728 doctis
2432 2684 2494 2743 (2)
2516 2691 2558 2729 et
2584 2689 2703 2742 prin-

438 2760 615 2815 cipibus,
634 2759 821 2802 civitatis
851 2760 961 2802 inter
986 2771 1095 2813 quos
1126 2758 1335 2801 eminebat
1364 2758 1610 2800 Franciscus
1636 2758 1793 2800 Sfortia
1818 2757 2073 2808 Cardiualis,
2107 2757 2224 2798 cuius
2249 2762 2352 2799 tunc
2380 2770 2554 2814 magnae
2571 2760 2702 2802 'erant

437 2832 483 2872 in
513 2830 691 2874 ecclesia
728 2843 902 2872 romana
935 2842 1064 2885 opes,
1095 2834 1136 2871 et
1167 2830 1388 2883 singularis
1415 2830 1660 2872 auctoritas.
1694 2830 1773 2870 Hic
1804 2829 1915 2870 inter
1950 2832 2098 2869 cetera>
2122 2840 2218 2869 cum
2251 2824 2326 2870 illo
2358 2828 2619 2872 deliberabat
2649 2829 2702 2871 de

437 2904 597 2945 ratione
630 2901 821 2944 edendae
852 2902 963 2943 vitae
992 2901 1168 2943 Sfortiae
1196 2913 1220 2942 a
1249 2900 1496 2955 Gotignola,
1528 2901 1657 2955 primi
1686 2911 1782 2942 suae
1812 2899 1948 2953 gentis
1985 2898 2193 2951 auctoris,
2227 2911 2356 2953 quam
2386 2899 2543 2942 Paulus
2571 2901 2702 2944 Bom-

438 2973 567 3015 binus
604 2986 708 3028 prae
746 2974 920 3025 celeris,
954 2985 1063 3027 quae
1098 2977 1240 3015 extant
1276 2973 1511 3014 accuratius
1546 2971 1879 3026 conscripserat,
1917 2970 2062 3012 limam
2098 2975 2237 3012 tamen
2273 2970 2397 3012 huius
2432 2971 2528 3012 viri
2548 2983 2700 3025 magno

393 3037 395 3039 ’
441 3045 559 3099 operi
589 3046 712 3098 usui,
747 3056 902 3098 magno
932 3045 1011 3086 iam
1044 3047 1290 3085 ornamento
1313 3043 1499 3084 futuram
1525 3042 1826 3085 arbitrabatur.
1861 3041 1941 3083 Sed
1966 3040 2245 3093 lihrieditio,
2272 3041 2328 3082 ob
2355 3045 2537 3084 mortem
2556 3043 2698 3095 Regii,

438 3115 558 3156 brevi
581 3120 730 3169 postea
754 3120 1083 3170 consequutam,
1109 3115 1295 3169 itemque
1315 3114 1572 3167 Cardiualis,
1599 3115 1672 3168 qui
1694 3125 1832 3167 neque
1853 3114 1943 3167 ipse
1966 3111 2038 3154 diu
2062 3111 2124 3153 illi
2144 3115 2355 3166 superstes
2373 3111 2476 3163 fuit,
2499 3112 2701 3154 hactenus

442 3191 528 3238 est;
558 3187 705 3229 codice
721 3218 733 3239 ,
758 3188 800 3228 in
827 3199 913 3240 quo
938 3198 1067 3228 manu
1093 3190 1183 3227 erat
1215 3190 1402 3237 exarata,
1427 3186 1537 3226 inter
1560 3189 1698 3226 cetera
1719 3185 1954 3226 Sfortianae
1981 3184 2026 3242 in·
2049 3183 2162 3225 Urbe
2185 3182 2468 3225 bibliothecae
2490 3183 2698 3238 reposito.

561 3259 633 3300 29.
666 3260 773 3301 Usus
806 3259 931 3300 etiam
964 3257 1195 3300 admodum
1225 3257 1487 3299 familiariter
1520 3261 1582 3299 est
1619 3255 1855 3302 Alexandro
1889 3256 2031 3309 Magio
2065 3254 2343 3308 bononiensi,
2376 3255 2468 3296 viro
2501 3255 2700 3308 gravissi·
2750 3257 2756 3259 “

444 3342 541 3382 mo,
576 3334 618 3370 et
647 3330 755 3370 inter
785 3334 948 3372 ceteros
978 3330 1095 3371 aulae
1124 3341 1323 3371 romanae
1354 3318 1576 3383 proceres,
1609 3340 1718 3382 quos
1754 3326 1966 3381 praelatos
1997 3325 2236 3379 appellant,
2267 3324 2378 3366 fama
2408 3324 2627 3367 doctrinae
2659 3331 2701 3367 et

444 3399 580 3441 multa
614 3412 781 3441 morum
820 3400 1055 3454 elegantia,
1088 3401 1132 3442 in
1164 3401 1310 3455 primis
1345 3399 1547 3450 florente,
1581 3401 1698 3441 cuius
1726 3398 1794 3439 ille
1822 3396 2112 3448 sermonibus,
2148 3408 2331 3453 quorum
2362 3407 2447 3438 una
2477 3407 2575 3437 cum
2607 3396 2701 3450 ple-

447 3470 590 3524 risque
615 3469 706 3511 aliis
736 3470 1048 3524 praestantibus
1073 3467 1310 3514 eruditione
1337 3471 1441 3513 viris
1459 3470 1678 3513 ‚assiduam
1700 3469 1746 3516 in
1775 3469 1863 3510 eius
1887 3467 2017 3510 domo
2046 3467 2213 3521 copiam
2239 3466 2449 3518 habehat,
2473 3466 2702 3521 plurimum

447 3539 720 3595 capiebatur,
746 3552 825 3581 nec
850 3541 1066 3583 minimum
1097 3542 1151 3584 ad
1177 3541 1413 3585 ordinanda
1437 3554 1512 3584 sua
1541 3540 1679 3583 studia
1709 3552 1758 3581 ex
1795 3539 1883 3581 eius
1908 3539 2097 3582 oratione
2125 3538 2438 3592 praecepti-sque
2465 3537 2697 3580 hauriebat.

547 3679 592 3721 (ι)
614 3680 768 3721 Superest
790 3679 824 3711 in
845 3679 973 3729 schedis
994 3689 1054 3713 ms.
1077 3682 1351 3722 perhonorificum
1371 3682 1500 3724 collegii
1523 3682 1640 3714 medici
1664 3681 1826 3722 diploma,
1849 3689 1915 3721 quo
1941 3678 2079 3712 Allatius
2101 3678 2321 3720 hippocratica
2341 3678 2449 3711 laurea
2474 3678 2615 3711 donatur
2634 3687 2704 3711 ver·

449 3732 500 3765 bis
525 3732 733 3774 amplissimis
758 3736 844 3764 anno
869 3736 958 3764 1616.
982 3732 1079 3764 Aliud
1104 3733 1244 3775 denique
1266 3743 1368 3776 aeque
1398 3734 1600 3768 laudativum
1622 3734 1768 3775 diploma
1788 3733 1949 3774 legebam,
1974 3740 2039 3773 quo
2065 3730 2150 3775 idem
2174 3731 2305 3763 civitate
2330 3739 2464 3763 romana
2482 3731 2621 3765 donatus
2643 3732 2704 3766 l'uit

442 3795 532 3817 auno
560 3791 572 3818 ι
600 3790 649 3818 36.
674 3788 711 3817 Α.
735 3786 779 3817 Μ.

544 3790 597 3879 (πῖ
615 3838 768 3870 Virorum
787 3846 843 3879 per
863 3847 899 3870 ea
917 3839 1061 3879 tempora
1077 3840 1198 3871 Romae
1218 3839 1389 3874 doctorum
1408 3840 1565 3873 hahemus
1586 3841 1627 3873 ab
1646 3840 1765 3873 Allaiio
1783 3839 1964 3880 catalogum
1983 3838 2018 3870 in
2034 3837 2117 3870 libro
2136 3837 2291 3879 inscripto
2314 3845 2393 3879 apes
2411 3836 2580 3870 urbanae.
2604 3840 2641 3870 A.
2659 3831 2704 3870 Μ.
