2970 4420
2462 288 2554 334 16¹·

286 387 388 445 ἅνω
415 385 776 461 Ἰερουσαλὴμ,
804 381 861 449 ἧς
886 383 1042 448 Τόποζ
1070 383 1126 445 ἦν
1154 383 1207 446 ἢν
1241 382 1536 460 ᾠκοδόμησε
1565 381 1835 456 Σολομῶν·
1871 383 1914 437 εἷ
1946 382 2030 457 foi?
2062 382 2185 438 κοίΤοὶ
2204 385 2292 439 ’Τὸν
2325 385 2550 458 δειχθέν-

1083 299 1210 332 xuv.
1247 292 1294 332 et
1325 297 1434 331 XLV.
1471 297 1753 330 FRAGMENTA.

284 501 352 532 τοι
381 477 429 531 ἐν
462 476 536 550 τῷ
570 471 675 549 ὄρει
719 473 885 530 πάντα
915 480 1175 534 πεποίηκεν
1218 476 1411 537 Μωσῆς
1450 472 1529 540 1),
1561 471 1716 534 τύπος
1760 468 1816 530 ἦν
1862 469 2109 530 δηλονότι
2142 472 2166 529 7‘1
2209 473 2255 527 ἐν
2298 476 2362 545 τῇ
2397 478 2551 547 anniti?

285 569 501 640 λατρεία
528 564 624 619 τοῖν
662 563 709 618 ἔν
745 565 982 636 οὖρανοῖς
1016 569 1336 638 μυστηρίων,
1373 564 1445 643 εἷς
1482 561 1516 618 οἳ
1553 560 1716 617 θέλων
1751 555 1842 615 καὶ
1868 561 2002 631 ἧμοῖς
2035 561 2286 617 εἰσελθεῖν
2324 565 2347 616 ὁ
2380 564 2553 639 κύριος

285 651 596 712 ὡδοποίησεν
629 653 751 726 ὑμῖν
780 652 871 711 τὴν
909 651 1030 709 ὁδὸν
1064 651 1356 726 πρόσφατον
1388 653 1472 707 καὶ
1510 651 1775 725 μένορσαν·
1811 652 1877 714 ὦς
1914 649 1968 705 δὲ
2006 650 2177 706 πάντα
2199 651 2354 714 τύπος
2391 651 2443 711 ἦν
2488 655 2554 708 τὰ
2601 680 2603 682 ’

282 741 446 798 σωοίλα
470 740 654 808 2)’τῶ’ν
691 740 829 806 νέων,
867 740 999 798 οὕτω
1033 742 1207 805 τόσος
1240 744 1328 804 τῆς
1365 742 1467 798 οἴνω
1503 743 1673 817 χαρᾶς
1707 738 1757 808 3)
1781 737 1870 795 καὶ
1905 741 1931 798 ἦ
1972 741 2054 796 νῦν
2093 741 2234 796 ἐστὶν
2264 740 2442 816 «iopen,
2479 745 2550 805 εἷς

286 828 340 890 {iv
377 829 644 906 ἐρχόμενοι
681 830 813 902 μετὰ
848 829 1077 904 ψαλμῶν
1112 830 1197 886 καὶ
1237 828 1378 906 ᾠδῶν
1412 831 1758 904 πνευματικῶν
1793 828 2090 904 ἀρχώμεθα
2115 833 2213 887 «τῶν
2251 834 2501 890 νηστειῶν.

288 1008 550 1061 supernae
588 989 1018 1061 Hierosolymae,
1060 990 1211 1042 cuius
1246 981 1414 1059 figura
1450 1003 1562 1044 erat
1598 993 1715 1058 illa,
1756 1012 1917 1064 quam
1951 992 2201 1046 Salomon
2244 994 2557 1049 aedificavit.

286 1071 423 1124 Nam
459 1073 502 1124 si
539 1072 749 1144 Moyses
785 1074 961 1125 omnia
997 1072 1292 1126 seeundum
1327 1076 1628 1145 exemplar,
1667 1072 1817 1148 quod
1853 1077 1956 1130 sibi
1992 1077 2049 1128 in
2085 1091 2264 1140 monte
2301 1093 2557 1135 monstra-

287 1167 403 1208 tum
439 1155 642 1221 fuerat,
683 1156 892 1220 effecit,
933 1175 1058 1208 sane
1096 1156 1433 1228 exploratum
1475 1170 1554 1210 est
1602 1161 1804 1211 cultum
1853 1161 1912 1212 in
1955 1161 2299 1213 tabernaculo
2345 1166 2557 1218 exhibi-

287 1251 401 1291 tum
422 1281 436 1303 ,
478 1241 850 1311 mysteriorum
887 1241 1185 1316 caelestium
1221 1240 1442 1311 figur-am
1481 1242 1674 1310 fuisse3
1715 1243 1786 1296 ad
1820 1263 1957 1316 quae
2003 1246 2247 1316 mysteria
2294 1255 2435 1298 oum'
2458 1267 2562 1301 nos

287 1322 497 1393 ingredi
521 1323 678 1375 vellet
702 1325 966 1376 Dominus
983 1364 996 1387 ‚
1027 1325 1165 1376 viam
1187 1325 1394 1396 paravit
1431 1325 1587 1376 nobis
1606 1346 1812 1378 ,novam
1841 1339 1894 1379 et
1916 1340 2331 1399 permanentem.
2360 1331 2557 1396 Quem-

288 1405 576 1459 admodum
612 1419 785 1460 autem
822 1407 997 1459 omnia
1035 1407 1212 1485 vetera
1249 1426 1513 1459 novorum
1534 1408 1704 1479 figura
1741 1422 1928 1473 erant,
1962 1412 2036 1463 sie
2071 1412 2200 1463 haee
2236 1413 2556 1467 sollemnitas

288 1491 510 1561 superni
546 1490 724 1561 gaudii
759 1502 922 1562 typus
958 1502 1065 1554 est,
1106 1490 1173 1543 ad
1211 1490 1359 1561 quod
1396 1503 1673 1562 pergentes
1709 1511 1829 1544 eum
1865 1494 2077 1564 psalmis
2112 1507 2164 1547 et
2199 1497 2415 1549 canticis
2452 1500 2558 1568 spi-

286 1573 530 1626 ritalibus
564 1575 885 1626 ieiuniorum
921 1574 1133 1625 initium
1168 1573 1442 1626 faciamus.

368 1702 551 1741 Maarini
577 1701 744 1742 editores
770 1705 814 1742 in
831 1705 952 1759 parte
982 1703 1153 1743 secanda
1182 1704 1277 1742 tomi
1302 1703 1340 1742 I.
1368 1715 1532 1754 oper-um
1552 1703 1763 1743 Athanasii
1783 1704 1880 1756 (ed.
1902 1718 1991 1746 ven.
2009 1718 2054 1757 p.
2079 1706 2210 1758 772.)
2227 1712 2450 1759 posuerant
2469 1709 2563 1749 lati·

281 1758 377 1813 nw'n
394 1773 591 1824 quoddam
612 1774 799 1825 epistolae
815 1773 1098 1814 athanasianae
1111 1773 1386 1826 sraqmentum
1408 1775 1599 1826 incipiens
1616 1775 1733 1823 Deusv
1752 1774 1926 1829 quidem
1945 1780 2027 1818 etc.
2048 1778 2169 1829 idque
2187 1779 2397 1819 in'monito
2421 1776 2564 1821 diserte

281 1846 421 1895 aiunt,
451 1849 578 1896 prout
605 1845 682 1884 sibi
714 1849 851 1896 sponte
871 1850 1181 1897 persuaserant,
1218 1858 1272 1885 εα-
1301 1846 1439 1898 aliqua
1471 1849 1556 1886 eius
1583 1846 1817 1887 heortastica
1841 1849 2006 1899 epistola
2035 1854 2250 1900 sumptum.
2291 1852 2565 1892 Verumtamen

282 1928 404 1967 qaam
431 1917 542 1956 nullo
571 1917 618 1955 id
640 1921 874 1968 arqumento
904 1916 1160 1969 suffulciant,
1198 1917 1433 1968 nullumque
1453 1919 1531 1968 ipsi
1546 1916 1776 1969 fraymcnto
1798 1921 1894 1958 insit
1915 1919 2139 1959 heortastici
2165 1922 2320 1971 yenen's
2346 1923 2558 1975 indiciam,

281 1999 351 2027 nos
364 1985 524 2028 minime
545 1987 653 2028 illud
671 1988 918 2040 admisimus,
943 2001 992 2028 ne
1013 2001 1075 2028 res
1092 1993 1218 2028 certas
1235 2000 1324 2028 cam
1339 1990 1519 2038 incertis,
1543 1989 1609 2028 vet
1624 1992 1760 2040 potius
1771 1993 1927 2030 omnino
1943 1991 2172 2031 arbitrarii-s
2183 2022 2196 2042 ,
2221 1991 2560 2043 confunderemus.

742 2123 808 2158 DE
833 2123 1084 2160 CHRONICO
1108 2123 1321 2170 QUODAM
1344 2124 1528 2160 LATINO
1552 2125 1728 2161 RERUM
1752 2124 1791 2161 S.
1817 2103 2099 2162 ATHANASH.

347 2225 453 2259 Inter
475 2222 661 2269 opuscula
684 2221 948 2260 ecclesiastica
973 2235 1000 2260 a
1023 2223 1075 2267 cl,
1098 2225 1276 2269 Scipione
1300 2221 1462 2270 Maffeio
1485 2235 1536 2261 ex
1557 2214 1753 2263 codicibus
1774 2227 2043 2263 veronensibus
2069 2230 2203 2272 erata,
2226 2229 2324 2265 illud
2348 2229 2462 2267 valde
2471 2242 2561 2277 pre-

217 2315 222 2317 ,
287 2284 424 2319 tiosum
449 2286 533 2328 est,
559 2283 661 2330 quod
684 2285 906 2331 inscripsit.-
931 2282 1183 2330 fragmentum
1209 2283 1356 2331 insigne
1380 2284 1556 2322 historiae
1580 2285 1851 2322 ecclesiasticae
1869 2286 1992 2332 quarti
2020 2286 2159 2322 saeculi
2185 2287 2318 2334 (quod
2333 2299 2358 2324 a
2376 2289 2481 2325 nobis
2510 2289 2562 2324 le-

286 2344 394 2389 yitur
417 2344 459 2378 in
483 2343 650 2379 editione
674 2343 890 2379 tridentina
916 2345 1011 2379 anni
1038 2347 1142 2379 1742.
1161 2347 1255 2390 post
1279 2344 1448 2380 eiusdem
1472 2343 1625 2391 Maffeii
1648 2346 1856 2382 vernaculo
1879 2356 2053 2382 sermone
2078 2346 2285 2382 historiam
2301 2351 2571 2394 quaestionum,

287 2403 337 2440 de
360 2403 496 2440 divina
519 2405 655 2450 qratia
680 2405 769 2447 etc„
795 2414 1031 2450 quamquam
1055 2406 1177 2440 etiam
1202 2404 1434 2441 Gallandius
1468 2407 1510 2440 in
1537 2416 1650 2442 suam
1682 2405 1951 2441 bibliothecam
1976 2404 2110 2441 intulit
2139 2408 2180 2441 T.·
2211 2408 2281 2450 V„
2310 2417 2377 2442 nec
2407 2418 2565 2453 operam

285 2462 497 2499 Athanasii
517 2464 681 2499 venetas
697 2462 826 2498 editor
848 2464 1023 2508 omisit.)
1048 2463 1106 2499 Ibi
1122 2465 1224 2499 inter
1249 2464 1462 2510 praeclara
1487 2465 1628 2512 oppido
1644 2465 1791 2508 malta,
1814 2465 1916 2501 duae
1941 2475 2087 2511 quoque
2108 2465 2316 2515 Athanasii
2338 2468 2461 2502 nostri
2482 2469 2563 2512 epi-

287 2521 410 2558 stolae
431 2533 554 2558 novae
577 2525 692 2567 sant,
712 2523 828 2569 prior
853 2522 908 2559 ad
931 2522 1114 2559 ecclesias
1137 2525 1393 2568 mareoticas,
1420 2523 1549 2560 altera
1575 2523 1631 2559 ad
1651 2523 1897 2571 presbyteros
1922 2525 1960 2559 et
1984 2523 2168 2559 diaconos
2192 2518 2374 2560 ecclesiae
2403 2525 2566 2561 alexan-

288 2582 452 2626 drinac;
476 2593 575 2628 quae
599 2592 685 2617 cam.
714 2582 763 2618 de
789 2592 927 2628 qenere
954 2581 1286 2619 heortasticarum
1310 2593 1387 2619 non
1411 2585 1514 2629 sint,
1535 2583 1618 2619 illic
1636 2595 1661 2620 a
1679 2583 1787 2619 nobis
1810 2584 1972 2619 relictae
1995 2585 2096 2619 sant.
2123 2587 2208 2619 Non
2235 2586 2364 2620 tamen
2389 2587 2564 2620 omitten-

287 2641 382 2678 dum
406 2642 663 2678 iudicavimus
687 2641 894 2677 chronicon
919 2641 1153 2689 acephalum
1176 2652 1309 2678 reram
1333 2643 1545 2679 Athanasii
1567 2641 1636 2679 sab
1666 2641 1873 2688 Theophila
1891 2644 2067 2688 episcopo
2090 2644 2184 2688 (qui
2202 2645 2297 2688 post
2318 2654 2438 2678 annos
2468 2644 2562 2679 dao-

289 2701 414 2738 decim
436 2702 617 2737 successit
639 2701 890 2746 Athanasio)
921 2702 1112 2749 scriptum
1134 2712 1295 2748 9raeoe,
1322 2705 1369 2739 ut
1392 2704 1600 2749 putamus,
1631 2702 1700 2739 sed
1717 2702 1841 2738 latine
1860 2703 2015 2738 tantam
2030 2704 2070 2737 in
2086 2703 2363 2748 antiquissimis
2389 2705 2563 2750 lferonae

289 2760 527 2797 membranis
549 2763 747 2796 servatam
760 2788 773 2806 ,
799 2770 919 2797 manu
947 2755 1152 2798 Theodosii
1174 2762 1331 2798 diaconi
1353 2763 1543 2798 exaratis.
1569 2764 1672 2799 Nam
1697 2761 1906 2798 chronicon
1929 2761 2002 2797 hoc
2026 2760 2192 2796 latinam
2218 2762 2368 2796 tantam
2386 2761 2565 2797 chronico

287 2821 419 2856 nostro
441 2821 596 2868 syriaco
621 2819 745 2855 lucem
767 2821 968 2866 asperqit,
991 2822 1219 2867 tantamque
1235 2822 1404 2857 vicissim
1422 2821 1472 2862 ab
1490 2831 1534 2857 eo
1552 2823 1719 2868 accipit,
1741 2823 1798 2857 ita
1815 2831 1856 2856 se
1876 2821 2040 2857 invicem
2066 2820 2273 2856 emendant
2300 2822 2371 2855 aut
2396 2823 2563 2866 aaqent,

288 2882 334 2916 ut
356 2881 539 2927 separari
562 2881 716 2915 omnino
739 2890 817 2915 non
840 2879 1017 2916 debeant.
1041 2881 1250 2927 Ceteroqui
1272 2881 1460 2927 quidquia
1472 2883 1564 2917 erat
1585 2882 1626 2916 in
1650 2880 1774 2917 latino
1801 2880 1980 2917 chronico
2007 2879 2063 2916 ad
2080 2890 2142 2916 res
2158 2880 2366 2916 Athanasii
2382 2890 2456 2916 non
2466 2890 2561 2926 per-

293 2940 438 2984 tinens,
463 2939 814 2986 praetermisimus.
1683 2940 1686 2945 '

33 3275 152 3307 chron.
172 3284 244 3313 syr.

102 3337 160 3366 An.
182 3339 245 3366 346.

352 3036 575 3124 1.Scripsit
605 3081 731 3113 autem
754 3080 792 3112 et
818 3076 1025 3123 imperator
1059 3077 1302 3114 Constantius
1340 3076 1388 3113 de

292 3135 414 3174 reditu
443 3136 660 3182 Athanasii,
683 3141 721 3173 et
744 3136 843 3172 inter
858 3137 1092 3184 imperatoris
1107 3136 1283 3184 epistolas
1302 3136 1393 3174 haec

291 3205 440 3249 quoque
472 3195 643 3235 habetur.

341 3259 377 3298 2.,
394 3256 442 3293 Et
455 3253 596 3292 factum
615 3260 672 3294 est
693 3261 775 3303 post
790 3255 960 3303 Gregorii
978 3260 1135 3292 mortem
1149 3254 1390 3298 Athanasius,

293 3325 461 3352 reversus
493 3321 548 3352 est
579 3326 622 3352 ex
649 3314 752 3352 Urbe
767 3343 778 3360 ‚
810 3319 848 3352 et
880 3315 1048 3363 partibus
1082 3314 1212 3352 Italiae
1227 3342 1238 3359 ‚
1270 3320 1307 3351 et
1330 3315 1391 3351 in-

295 3385 443 3423 gressus
463 3380 520 3411 est
548 3374 812 3412 Alexandriam
838 3364 974 3423 paophi
997 3375 1138 3420 XXIV,
1173 3373 1392 3411 consulibus

293 3433 513 3472 Constantio
541 3434 605 3479 lv,
636 3438 675 3470 et
701 3435 903 3471 Constante
931 3435 1000 3480 111,
1034 3434 1106 3471 hoc.
1130 3439 1196 3471 est
1214 3438 1297 3481 post
1323 3443 1391 3470 an-

292 3503 363 3531 nos
379 3493 445 3538 VI,
473 3497 511 3530 et
528 3492 708 3529 remansit
733 3493 883 3539 quietus
912 3491 1013 3540 apud
1040 3491 1304 3530 Alexandriam
1324 3502 1392 3528 an-

292 3553 352 3590 nis
380 3553 485 3598 XVI,
515 3557 554 3589 et
580 3551 772 3589 mensibus
801 3553 864 3589 Vl.

341 3616 378 3649 3.
403 3612 492 3648 Post
517 3610 588 3648 hoo
612 3617 760 3658 tempus
774 3610 1000 3648 Athanasius
1024 3609 1181 3648 audiens
1198 3609 1393 3647 adversum

105 3688 163 3718 An.
181 3692 242 3718 353.
296 3681 336 3708 se
354 3670 502 3708 turbam
518 3670 683 3707 futuram
702 3698 712 3715 ,
733 3670 955 3718 imperatore
972 3671 1178 3707 Constante
1193 3669 1234 3705 in
1248 3667 1392 3705 Medio·

295 3729 383 3766 lano
403 3728 608 3766 constituto
619 3755 631 3772 ,
650 3727 782 3765 direxit
797 3727 846 3765 ad
863 3728 1082 3765 comitatum
1098 3727 1286 3774 navigium
1305 3735 1405 3763 cum*

296 3786 478 3839 episeopis
494 3787 675 3835 quinque,
690 3787 928 3834 Serapionem
941 3786 1213 3831 thmuitanum,
1224 3784 1391 3822 Triadel-

1906 3042 1915 3057 Ι

1464 3076 1580 3123 phum
1595 3075 1854 3122 niciotanum,
1876 3076 2089 3123 Apollinem
2120 3076 2425 3126 cynopolitanum
2454 3085 2562 3122 supe·

1465 3136 1594 3181 rioris,
1612 3136 1855 3172 Ammoninm
1876 3134 2248 3182 pachemmonensem
2267 3140 2305 3171 et
2327 3133 2558 3182 presbyteros

1463 3192 1709 3231 Alexandriae
1741 3194 1810 3237 ΙΙΙ,
1830 3194 1981 3230 Petrum
2008 3192 2215 3238 medicum,
2246 3193 2495 3238 Astericium,
2522 3198 2561 3230 et

1462 3252 1631 3291 Phileam
1646 3256 1696 3296 4).
1726 3254 1814 3289 Post
1834 3263 1993 3300 quorum
2018 3252 2289 3299 navigationem
2322 3252 2368 3290 de
2401 3252 2562 3289 Alexan-

1463 3312 1569 3357 dria,
1593 3309 1812 3350 consulibus
1836 3312 2053 3348 Constantio
2074 3313 2137 3348 Vl,
2174 3323 2262 3360 aug.
2295 3318 2334 3349 et
2360 3313 2563 3350 Constante

1463 3373 1617 3409 Caesare
1640 3372 1690 3416 Il,
1718 3371 1865 3419 pachon
1891 3371 2030 3408 XXIV.
2057 3370 2142 3408 die:
2169 3382 2253 3408 mox
2285 3377 2367 3421 post
2392 3372 2452 3408 1v.
2484 3370 2564 3408 'dies

1463 3431 1668 3467 Montanus
1692 3428 1881 3477 palatinus
1913 3429 2101 3477 ingressus
2127 3428 2390 3467 Alexandriam
2419 3429 2565 3477 pachon

1463 3490 1642 3535 xxvm,
1671 3487 1838 3526 eiusdem
1862 3489 2023 3536 Augusti
2047 3489 2191 3526 litteras
2216 3489 2432 3527 Constantis
2460 3487 2565 3525 dedit

1465 3549 1637 3596 episcopo
1662 3548 1892 3594 Athanasio,
1916 3558 1981 3596 per
2003 3559 2098 3596 quas
2117 3547 2264 3585 vetabat
2282 3558 2350 3585 eos
2373 3558 2565 3584 occurrere

1465 3607 1514 3644 ad
1531 3608 1772 3652 comitatum3
1796 3617 1840 3644 ex
1860 3618 1936 3655 qua
1956 3618 1996 3644 re
2015 3608 2128 3644 nimis
2159 3613 2321 3644 vastatus
2342 3612 2399 3644 est
2421 3607 2563 3654 episeo-

1466 3677 1557 3714 pus,
1574 3673 1610 3704 et
1633 3667 1756 3704 omnis
1778 3667 1941 3715 populus
1965 3666 2146 3715 fatigatus
2166 3673 2223 3704 est
2241 3666 2365 3704 valde:
2384 3667 2436 3703 ita
2459 3667 2564 3702 Mon-

1464 3730 1575 3762 tanus
1588 3725 1684 3762 nihil
1700 3735 1815 3772 agens
1830 3724 2017 3774 profectus
2032 3731 2101 3771 est,
2119 3726 2334 3774 relinquens
2350 3725 2564 3772 episcopum

1463 3783 1721 3822 Alexandriae.

349 3869 383 3911 ¹)
397 3864 465 3902 Ed.
481 3869 641 3908 Μωῡσῆς.
662 3865 758 3908 -2)
775 3863 844 3901 Ed.
862 3866 1010 3903 παλαιοί.
1028 3884 1076 3892 —-
1096 3867 1130 3909 3)
1146 3861 1237 3901 Cod.
1252 3865 1370 3913 χώρας
1390 3865 1480 3907 -4)
1498 3862 1648 3911 Apollo,
1664 3855 1902 3911 Ammonius,
1919 3868 1957 3901 et
1975 3863 2124 3902 Phileas
2138 3862 2275 3901 desunt
2291 3862 2331 3899 in
2343 3861 2473 3912 chron.
2488 3871 2562 3908 syr.

2390 3928 2437 3960 21
