2970 4420
111 1280 126 1296 *
143 1279 258 1309 Coloss.
275 1280 327 1309 IV.
346 1284 388 1310 13.

446 250 507 294 26
1384 270 1533 301 morus
1565 270 1741 302 ALLA'ru

444 349 521 408 gio
556 347 724 396 Rhodii
765 346 850 413 ip‘si
887 363 1211 416 nuncupantur
1250 370 1304 401 ex
1338 362 1467 400 vasto
1503 354 1684 401 colosso
1716 356 1764 400 in
1808 355 2032 403 honorem
2075 359 2185 406 solis
2225 369 2449 407 extructo.
2488 362 2679 409 Suidas:

444 417 772 479 Κολασσαεῖς
809 418 856 470 οἱ
889 417 1117 483 Ῥόδιοι,
1154 419 1331 482 οἵτινες
1367 419 1640 477 ἀνέστησαν
1679 421 1726 475 ἐν
1760 422 1823 492 τῇ
1857 421 1982 496 ννῖσῳ
2015 427 2249 494 χαλκοῦν
2283 425 2558 501 ἀνδριάντα
2587 429 2684 482 τοῦ

443 491 623 556 ηλίου,
654 489 704 546 ὃν
742 491 829 549 διὰ
855 492 914 549 ‘rox
945 495 1179 571 μέγεθος
1216 495 1461 551 ἐκάλεσαν
1497 495 1762 571 κολοσσόν.
1800 509 2079 565 Colossenses
2110 512 2284 565 Rhodii
2314 527 2447 566 sunt,
2477 515 2563 578 qui
2582 532 2682 562 ere-

440 591 619 624 xerunt
655 579 704 625 in
740 581 896 627 insula
928 598 1117 629 aeream
1150 595 1361 629 statuam
1389 582 1501 634 soli,
1532 599 1678 645 quam
1708 584 1766 630 ob
1795 586 2066 633 vastitatem
2101 590 2329 636 colossum
2357 593 2678 655 appellarunt.

441 655 498 701 Et
529 671 643 703 voce
672 645 869 710 Ῥόδος.
899 648 1079 710 Ῥόδος
1114 650 1140 707 ἦ
1177 650 1346 712 νῆσος,
1374 645 1480 710 ἥτις
1516 649 1597 704 καὶ
1635 647 1819 713 Λίνδος
1855 654 2092 708 καλεῖται
2111 698 2123 718 ,
2152 653 2235 709 καὶ
2259 660 2597 720 Κολασσαεῖς
2632 659 2679 712 οἶ

444 719 702 795 οἰκήτορες
739 722 825 778 διὰ
861 724 945 780 τὸν
982 725 1245 780 κολοσσόν.
1282 733 1476 784 Rhodus
1504 736 1686 789 insula,
1716 738 1896 785 Lindus
1928 756 2108 803 quoque
2140 755 2444 806 nuncupata,
2475 755 2521 790 et
2551 743 2684 792 illius

439 809 733 857 habitatores
758 825 952 876 propter
981 814 1207 859 colossum
1228 813 1509 861 Colossenses
1527 814 1660 862 dicti.
1691 817 1955 863 Eustathius
1976 818 2024 862 in
2052 820 2367 881 Periegetemt·
2388 807 2482 864 ,διὰ
2514 807 2566 864 δὲ
2597 808 2683 865 τδν

443 876 686 949 οἷνῶτερον
721 878 947 952 ῥηθέντα
979 879 1148 953 μέγαν
1183 880 1460 943 κολοσσὸν,
1493 880 1576 936 καὶ
1617 884 1970 946 Κολοσσαεῖς,
2006 884 2070 946 ὠς
2108 884 2162 938 ἐκ
2193 885 2435 960 μεγάλου
2466 886 2684 961 παραση-

439 977 539 1025 μου
557 998 569 1018 ,
601 954 875 1011 ἐκαλοῦντο
904 957 949 1010 οἱ
975 954 1185 1010 Ῥόδιοι.
1220 969 1421 1030 Propter
1448 968 1548 1014 iam
1570 985 1718 1036 supra
1745 982 1975 1016 assertum
1993 972 2250 1024 colossum,
2281 973 2429 1019 etiam
2453 975 2685 1020 Colossen-

439 1059 534 1093 ses,
566 1042 712 1089 veluti
740 1059 802 1088 eoe
833 1059 1010 1106 magno
1042 1044 1245 1107 insigni,
1275 1043 1452 1091 Rhodii
1487 1046 1905 1110 nuncupabantur.
1943 1049 2114 1095 Eadem
2147 1049 2319 1097 habent
2346 1052 2568 1113 Georgius
2602 1052 2687 1098 Ce-

440 1119 639 1173 drenu5‚
668 1120 894 1166 lohannes
927 1122 1153 1175 Zonaras,
1181 1122 1375 1168 michael
1400 1122 1590 1184 Glycas,
1618 1123 1846 1170 lohannes
1874 1126 2175 1172 antiochenus
2197 1127 2244 1172 in
2271 1128 2613 1190 archaeologia,
2640 1137 2687 1174 et
2725 1183 2727 1189 s

438 1198 532 1244 alii.
570 1200 688 1244 Hinc
721 1213 815 1244 non
847 1198 1159 1259 dignoscitur,
1188 1216 1332 1262 quare
1365 1202 1519 1262 potius
1544 1201 1603 1248 ad
1628 1202 1896 1256 Choniatas,
1929 1218 2071 1264 quam
2102 1203 2161 1248 ad
2187 1202 2422 1257 Rhodios,
2447 1204 2687 1266 inscriptio

437 1275 518 1320 illa
550 1274 770 1336 epistolae
805 1275 966 1321 referri
1000 1274 1185 1322 debeat.
1223 1278 1436 1324 Attamen
1462 1293 1568 1324 cum
1598 1280 1647 1326 in
1679 1295 1732 1326 ea
1761 1279 1930 1326 Paulus
1961 1279 2241 1333 Laodiceae,
2268 1287 2316 1325 et
2337 1278 2641 1341 Hierapoleos
2668 1280 2684 1294 '

436 1366 647 1413 quoque,
678 1354 931 1399 vicinarum
957 1346 1170 1407 urbium,
1197 1357 1480 1410 meminerit,
1509 1356 1647 1418 longe
1671 1356 1867 1403 similius
1888 1372 2002 1403 vero
2026 1365 2094 1404 est
2117 1357 2431 1410 Colossenses‚
2454 1371 2548 1402 non
2571 1356 2689 1422 alios

435 1444 555 1481 esse,
588 1445 727 1490 quam
757 1445 837 1475 eos
871 1431 1021 1492 ipsos,
1057 1432 1138 1492 qui
1173 1432 1219 1477 in
1255 1433 1500 1479 Choniatas
1533 1433 1856 1486 decesserunt;
1883 1441 1929 1478 et
1962 1433 2172 1479 Colossas
2203 1448 2327 1487 esse,
2356 1448 2475 1494 quae
2506 1441 2689 1479 mutato

434 1513 595 1567 postea
620 1508 831 1559 nomine,
861 1508 1044 1553 Chonae
1067 1507 1215 1555 dictae
1239 1518 1367 1562 sunt;
1399 1510 1529 1570 quod
1555 1518 1685 1556 acute
1707 1517 2006 1572 perspexerat
2026 1509 2419 1571 Theophylactus‚
2444 1525 2548 1555 cum
2573 1510 2688 1556 scri-

434 1583 589 1629 beret:
629 1572 712 1626 καὶ
755 1570 911 1630 δῆλον
951 1574 1004 1628 ἐκ
1037 1576 1131 1629 τοῦ
1163 1574 1250 1632 την
1284 1574 1592 1631 Λαοδίκειαν
1631 1572 1758 1631 εἶναι
1794 1581 2038 1633 πλησίον.
2076 1586 2213 1640 Quod
2243 1585 2352 1633 inde
2380 1586 2685 1651 perspicuum

434 1672 527 1710 est,
561 1660 689 1723 quod
720 1660 955 1709 Laodicea
981 1660 1092 1707 huic
1116 1662 1183 1709 sit
1212 1661 1384 1709 vicina.
1422 1655 1581 1725 Neque
1618 1662 1772 1710 obstat
1807 1679 1863 1710 ex
1896 1663 1968 1710 his
2000 1663 2197 1710 Colossis
2224 1663 2496 1710 Strabonem
2527 1663 2685 1711 Colos-

435 1753 570 1784 senos
606 1754 891 1800 nuncupare.
928 1740 1137 1801 Namque
1159 1740 1209 1786 id
1233 1742 1279 1786 in
1312 1741 1410 1786 aliis
1432 1756 1620 1803 quoque
1645 1741 1857 1788 videmus
1883 1742 2009 1787 varia
2035 1740 2188 1787 efferri
2215 1741 2509 1788 formatione.
2545 1742 2602 1788 Et
2626 1757 2686 1788 ne
2726 1768 2728 1771 .

434 1816 482 1862 in
517 1818 738 1879 exemplis
773 1818 1056 1864 adducendis
1095 1820 1261 1865 nimius
1293 1821 1406 1873 sim,
1445 1835 1590 1882 pauca
1623 1820 1831 1866 tradam.
1870 1819 2006 1867 Chios
2039 1835 2093 1866 ex
2130 1820 2244 1866 Chio
2275 1819 2424 1866 insula
2461 1819 2686 1866 oriundos

434 1896 669 1941 communi
700 1897 980 1958 scriptorum
1014 1913 1099 1942 usu
1131 1912 1374 1943 vocamus:
1403 1913 1499 1943 non
1532 1897 1723 1944 defuere
1756 1906 1936 1951 tamen,
1961 1898 2042 1959 qui
2073 1905 2120 1944 et
2153 1897 2337 1944 Chiotas
2368 1896 2605 1951 dixerunt,
2632 1906 2685 1943 ut

371 1964 373 1967 ⁴
432 1973 592 2019 videre
620 1981 687 2019 est
710 1974 758 2018 in
782 1974 1039 2020 Memnonis
1064 1975 1290 2036 excerptis
1315 1974 1439 2037 apud
1473 1974 1704 2021 Photium.
1742 1975 1807 2020 Ex
1831 1975 2073 2036 Byzantio,
2103 1974 2178 2020 alii
2203 1975 2466 2035 Byzantios,
2494 1973 2570 2020 alii
2593 1975 2687 2035 By-

432 2051 661 2104 zantinos,
690 2052 766 2098 alii
789 2052 1113 2112 Byzantianos,
1142 2067 1223 2097 seu
1248 2051 1598 2112 Byzantinianos
1614 2088 1624 2105 ,
1653 2060 1698 2098 et
1731 2051 1918 2099 tandem
1942 2052 2176 2098 Vitruvius
2199 2051 2446 2111 Byzanteas
2470 2048 2554 2096 lib.
2581 2051 2681 2097 Vll.

431 2130 498 2174 Ex
525 2129 691 2175 Gadira
714 2130 959 2183 Gadireus,
986 2138 1032 2175 et
1062 2129 1308 2182 Gadirsses,
1339 2137 1385 2176 et
1412 2129 1685 2183 Gadiraeus,
1716 2137 1763 2176 et
1785 2129 2063 2183 Gadirenus,
2089 2130 2135 2175 et'
2160 2130 2401 2175 innumera
2435 2127 2531 2174 fere
2556 2128 2685 2174 simi-

433 2207 510 2253 lia.
548 2209 653 2254 Non
686 2215 754 2253 est
787 2222 900 2268 ergo
929 2208 1101 2253 mirum
1136 2207 1408 2254 Colossenos
1430 2207 1678 2254 ‚Strabonis
1708 2209 1758 2253 in
1793 2207 2084 2254 Colossenses
2110 2205 2296 2252 abiisse.

562 2286 648 2331 Sed
671 2301 761 2347 qua
783 2285 844 2331 de
867 2300 1001 2331 causa
1023 2285 1258 2338 Colossae,
1285 2299 1427 2346 quam
1457 2273 1610 2328 πόλιν
1638 2272 1860 2346 μεΓοίλην
1888 2277 2119 2349 Φρυγίης
2136 2315 2148 2337 ,
2182 2297 2415 2346 magnam
2439 2280 2685 2346 Phrygiae

433 2363 637 2412 urbem„
660 2364 843 2408 vocavit
876 2361 1141 2408 Herodotus
1174 2363 1221 2407 in
1259 2361 1521 2422 Polymnia,
1559 2377 1729 2409 nomen
1769 2362 1818 2407 in
1853 2361 2037 2407 Chonas
2078 2359 2457 2406 immutaverint?
2496 2361 2682 2406 Menaea

433 2441 712 2486 Graecorum
747 2449 906 2486 natum
938 2440 1006 2484 illi
1045 2455 1214 2485 nomen
1248 2455 1300 2485 ex
1334 2440 1568 2486 Michaelis
1603 2438 1868 2501 archangeli
1900 2439 1948 2485 in
1986 2437 2146 2484 eadem
2179 2435 2296 2482 urbe
2329 2444 2511 2498 patrato
2543 2437 2685 2481 mira-

433 2517 541 2563 culo
575 2526 779 2563 narrant.
819 2518 939 2563 Dum
973 2518 1095 2562 enim
1132 2517 1346 2578 gentiles,
1375 2516 1486 2563 odio
1516 2516 1787 2562 christianae
1811 2516 2072 2577 religionis,
2101 2513 2354 2561 fluviorum
2382 2513 2447 2559 ibi
2478 2521 2684 2576 praeter-

433 2593 676 2640 fluentium
714 2610 854 2655 aquas
887 2596 934 2639 in
969 2609 1115 2639 unum
1147 2595 1406 2646 corrivant,
1442 2601 1494 2639 ut
1525 2608 1683 2639 earum
1721 2593 1897 2655 impetu
1938 2600 1983 2638 et
2020 2593 2151 2654 copia
2187 2591 2343 2643 locum
2377 2599 2423 2637 et
2456 2590 2685 2652 templum

434 2671 521 2718 sub
555 2673 744 2718 nomine
778 2671 1012 2718 Michaelis
1046 2662 1251 2717 erectum
1288 2671 1588 2732 demergant,
1622 2670 1816 2717 Michael
1852 2669 2022 2716 baculo
2062 2683 2221 2715 saxum
2258 2668 2470 2731 pulsans,
2507 2668 2684 2714 hiatum

434 2751 639 2811 aperuit,
669 2750 749 2810 qui
776 2749 947 2794 molem
971 2748 1098 2794 illam
1126 2763 1350 2810 aquarum
1378 2746 1631 2809 absorpsit,
1661 2755 1706 2793 et
1731 2746 1983 2809 templum,
2013 2755 2059 2793 et
2084 2746 2417 2793 deservientem
2440 2745 2509 2791 illi
2532 2744 2684 2791 homi-

433 2842 541 2873 nem
574 2825 633 2873 ab
658 2827 819 2873 illuvie
841 2827 921 2872 illa
947 2826 1143 2872 servavit
1166 2824 1465 2871 incolumem.
1502 2826 1559 2871 Et
1593 2840 1697 2871 cum
1722 2838 1806 2886 per
1830 2823 2007 2869 hiatum
2029 2822 2162 2870 illum
2196 2824 2339 2869 instar
2370 2820 2680 2875 infundibuli,

432 2904 560 2965 quod
591 2905 773 2951 Graecis
806 2892 940 2962 χώνη
977 2912 1067 2955 est,
1097 2919 1241 2965 aquae
1271 2902 1720 2956 transmitterentur,
1747 2904 1853 2949 loco
1876 2910 1923 2959 et
1948 2899 2053 2948 urbi
2088 2890 2261 2945 Χῶναι
2301 2898 2486 2946 Chonae
2511 2913 2690 2945 nomen>

433 2967 635 3027 inditum
668 2989 755 3038 est.
793 2970 981 3045 Φθόνῳ
1016 2969 1280 3042 τηκόμενοι
1316 2966 1396 3025 ἐπὶ
1425 2970 1537 3032 τοῖς
1571 2968 1898 3044 παραδόξως
1933 2965 2227 3041 γενομένοις
2266 2967 2312 3021 ἐν
2347 2966 2423 3038 τῷ
2456 2966 2556 3039 ναῷ
2587 2966 2683 3018 τοῦ

435 3048 856 3122 ἀρχιστρατήγου
887 3047 1145 3117 Μιχαὴλ,
1175 3045 1349 3122 ἄνδρες
1381 3046 1732 3121 ἑλληνίζοντες
1766 3046 1851 3102 τὸν
1881 3042 2237 3119 παραῤῥέοντα
2271 3041 2503 3115 ἐγγύθεν
2533 3065 2681 3096 ποτα-

433 3126 527 3195 μὸν
558 3125 927 3192 ἐβουλεὸσαντο
958 3125 1088 3179 κατὰ
1117 3125 1211 3178 τοῦ
1242 3125 1365 3180 ναοῦ
1393 3122 1611 3198 στρέψαι
1630 3166 1642 3186 ,
1672 3121 1795 3178 ὥστε
1822 3119 1913 3176 καὶ
1947 3121 2031 3176 τόν
2063 3118 2177 3176 ναὸν
2206 3117 2562 3180 κατακλύσαι,
2592 3118 2674 3171 καὶ

433 3199 518 3255 τὸν
551 3201 906 3276 προσμένοντα
939 3202 1079 3274 αὐτῷ
1115 3199 1276 3275 ἄνδρα
1308 3207 1475 3272 τίμιον
1510 3198 1595 3254 τὸν
1626 3198 1926 3272 ’Ἄρχιππον
1963 3195 2251 3252 ἀπολέσαι·
2290 3195 2464 3261 φανεὶς
2501 3193 2554 3248 δὲ
2592 3193 2695 3260 καὶ,

434 3276 586 3349 μόνος
623 3281 645 3332 ὁ
681 3278 813 3340 Θεῖος
835 3278 1261 3353 ἈρχισἻροίτηΓος
1278 3319 1290 3341 ,
1315 3277 1398 3331 καὶ
1434 3275 1637 3351 θαῤῥεῖν
1669 3273 2083 3346 ἐΓκελευσοίμενος
2109 3274 2182 3347 τῷ
2202 3274 2467 3346 Ἀρχίππῳ
2487 3314 2498 3334 ,
2522 3270 2680 3328 πλησ-

437 3377 510 3408 σει
547 3354 725 3428 ῥάβδῳ
760 3356 845 3413 την
878 3355 1090 3430 πέτραν,
1118 3354 1202 3409 καὶ
1239 3352 1458 3428 πάροδον
1497 3355 1544 3409 ἐν
1569 3353 1709 3424 *αὐτῇ
1740 3349 1949 3413 ποιήσας
1979 3351 2075 3404 τοῦ
2103 3350 2363 3421 ποταμοῦ,
2395 3348 2457 3420 ἐξ
2492 3348 2678 3410 ἐκείνου

435 3429 591 3505 μέχρι
620 3432 701 3485 καὶ
728 3434 822 3485 τοῧ
846 3434 926 3488 νῦν
950 3430 1238 3505 παροδεύων
1267 3433 1451 3505 ὁροῖται
1477 3428 1832 3502 χωνευόμενος.
1868 3437 2140 3485 Invidentia
2165 3436 2539 3501 contabescentes
2562 3451 2680 3499 pro-

431 3530 539 3582 pter
571 3517 720 3568 mira,
757 3534 878 3579 quae
898 3519 1091 3580 fiebant
1125 3518 1177 3564 in
1211 3519 1382 3582 templo
1415 3516 1704 3564 militiarum
1733 3513 1966 3581 principis
1999 3512 2270 3563 Michaelis,
2303 3511 2396 3560 viri
2427 3511 2680 3575 gentilium

435 3594 660 3658 religioni
690 3595 897 3645 addicti,
923 3596 1147 3659 proxime
1166 3598 1403 3657 fluentem
1422 3594 1635 3657 fluvium
1667 3593 1718 3639 in
1743 3592 1967 3656 templum
1989 3590 2143 3654 ipsum
2165 3601 2426 3636 convertere
2456 3588 2550 3634 sibi
2565 3606 2681 3652 pro-

430 3682 714 3735 posuerunt,
748 3682 871 3715 utet
899 3673 1128 3734 populum
1151 3672 1524 3735 submergerent,
1555 3682 1600 3716 et
1628 3669 1781 3716 virum
1815 3669 1866 3714 in
1889 3684 1942 3714 eo
1967 3677 2334 3717 commorantem
2363 3665 2680 3713 venerandum

436 3747 725 3810 Archippum
757 3746 1022 3810 perderent.
1066 3750 1234 3794 Verum
1266 3747 1595 3795 tantummodo
1628 3751 1865 3811 apparens
1896 3743 2082 3791 divinus
2113 3742 2191 3789 hic
2224 3743 2513 3789 militiarum
2545 3743 2678 3794 duoe.

438 3836 482 3871 et
519 3835 571 3870 ut
605 3824 722 3871 bono
747 3834 862 3869 esset
897 3823 1058 3870 animo
1094 3822 1330 3890 Archip'po
1356 3825 1616 3890 imperans,
1637 3824 1804 3889 pulsat
1838 3821 2005 3870 baculo
2036 3836 2239 3873 saxum„
2265 3831 2311 3868 et
2343 3819 2680 3867 transitumin
