2970 4420
566 290 570 294 '
633 281 858 314 'rnssonom
894 282 936 312 ·1·
972 279 1043 312 PP-
1082 279 1137 310 m·
1170 276 1454 310 consrmmt
1487 274 1676 315 mzltAcL.
1713 275 1809 306 mr.
1847 274 2098 306 EPISTOLAE·

247 381 417 435 gantur
447 369 641 418 oraculo
672 367 935 416 sacerdotes
960 368 1043 430 qui
1066 368 1116 414 in
1147 364 1341 414 rabidos

237 446 599 512 quodammodo
633 446 923 508 audacesque
946 459 1083 492 canes
1112 443 1338 490 transfor-

247 534 453 573 mantur.
474 525 653 586 Reapse
671 523 718 569 hi
735 523 964 570 malitiose
982 520 1221 568 nonnullis
1238 519 1339 566 aliis

246 610 579 667 persuaserunt
625 601 853 662 imperitis
896 597 1215 645 sacerdotibus
1231 631 1244 649 ‚
1287 605 1339 643 ut

245 679 548 727 confessionis
597 677 763 725 libello
804 684 1038 724 recentem
1084 674 1340 734 falsamque

243 757 458 804 fraudem
485 756 796 803 obtruderent
817 753 1039 801 adversus
1063 758 1238 797 rectam
1263 763 1336 795 ca-

243 835 562 897 tholicamque
587 832 756 891 fldem3
781 830 1020 878 communi
1042 826 1337 875 sacerdotum

246 913 500 959 sententiae
530 909 925 962 contradicentes,
953 906 1033 968 qui
1065 919 1223 954 veram
1249 903 1338 949 do-

245 990 443 1036 ctrinam
477 988 771 1052 praedicant,
807 994 855 1033 et
887 986 1116 1031 sinceram
1150 989 1339 1044 aposto-

244 1067 361 1114 licae
394 1066 501 1113 Sedi
525 1065 824 1112 devotionem
856 1060 1156 1125 profitentur.
1195 1060 1338 1121 Igitur

247 1144 429 1207 placeat
459 1143 681 1190 Maiestati
714 1140 893 1188 vestrae
921 1138 1110 1191 iubere,
1137 1145 1188 1183 ut
1224 1137 1338 1182 scri-

248 1219 389 1284 ptum'
412 1219 767 1267 chalcedonensi
791 1215 991 1263 concilio
1016 1215 1271 1265 adiectum,
1293 1221 1339 1258 et

246 1300 336 1361 ipsi
362 1297 579 1345 concilio
613 1310 842 1357 sanaeque
881 1293 1120 1340 doctrinae
1154 1298 1340 1336 contra-

245 1377 394 1428 rium,
417 1375 548 1437 quod
566 1375 639 1420 isti
659 1387 799 1419 muro
822 1370 1042 1423 infixum,
1063 1377 1108 1415 et
1126 1367 1236 1415 fidei
1255 1382 1340 1413 vo-

248 1452 415 1499 lumini
446 1465 702 1514 appensum
739 1454 1113 1511 proposuerunt;
1149 1445 1238 1491 hoc
1270 1445 1340 1490 in-

247 1546 389 1593 quam
409 1530 633 1591 scriptum
651 1528 886 1577 removeri
906 1524 1096 1571 mandet
1110 1558 1122 1574 ,
1143 1532 1189 1570 et
1210 1522 1342 1568 flam-

248 1608 337 1653 mis
361 1607 500 1652 etiam
518 1604 639 1651 tradi
665 1605 938 1667 praecipiat3
958 1617 1065 1648 cum
1086 1601 1143 1646 iis
1166 1599 1342 1646 cunctis

249 1684 489 1746 capitulis,
516 1698 636 1745 quae
661 1682 830 1728 divinis
855 1680 1062 1728 conciliis
1093 1678 1343 1725 adversan-

248 1769 351 1813 tur;
372 1769 418 1807 et
433 1776 486 1806 ea
504 1760 751 1822 praecipue
763 1793 774 1812 ‚
797 1773 916 1820 quae
933 1757 1100 1803 Leonis
1117 1754 1281 1801 libello
1297 1762 1344 1800 et

248 1837 606 1884 chalcedonensi
639 1835 838 1882 concilio
867 1832 1112 1880 subiuncta
1136 1831 1338 1878 fuerunt.

249 1914 418 1960 Omnia
450 1913 590 1966 haec,
622 1910 951 1973 Tranquillitas
982 1916 1136 1955 vestra
1170 1923 1256 1969 per
1288 1906 1344 1952 il-

249 1991 346 2036 lam
377 2005 471 2052 qua
506 1989 694 2051 fulgetis
718 1988 942 2050 inclytam
965 1985 1133 2039 fidem,
1163 1985 1346 2031 annihi-

253 2068 340 2114 lari
366 2066 641 2129 abolerique
665 2065 839 2112 iubeat.
877 2065 1009 2110 Certe
1039 2079 1127 2125 ego
1152 2077 1346 2124 magno-

253 2161 365 2208 pere
387 2146 581 2191 miratus
600 2160 703 2190 sum
717 2179 729 2197 ,
752 2143 936 2189 nullum
957 2142 1180 2188 hactenus
1202 2156 1228 2187 a
1250 2141 1348 2187 Ma—

252 2224 413 2270 iestate
436 2230 590 2268 vestra
621 2221 801 2268 editum
825 2219 966 2267 fuisse
991 2219 1232 2269 decretum
1267 2218 1346 2265 ad-

240 2308 414 2347 ‘versus
432 2299 617 2345 'harum
649 2298 970 2346 doctrinarum
1004 2297 1266 2345 falsitatem.

350 2378 398 2423 3.
435 2377 680 2439 Optassem
709 2377 901 2437 insuper
935 2390 961 2421 a
993 2375 1164 2421 Pietate
1195 2382 1348 2421 vestra

254 2454 364 2501 illos
386 2451 571 2517 protegi
595 2456 839 2517 episcopos
853 2488 865 2506 ‚
887 2454 969 2515 qui
989 2445 1235 2499 nobiscum
1256 2452 1349 2498 fra-

255 2541 375 2578 trem
408 2540 622 2578 nostrum
653 2531 849 2577 Paulum
880 2532 1245 2577 constituerunt:
1280 2538 1350 2576 at-

255 2625 348 2671 que
375 2608 434 2656 ab
464 2610 539 2655 his
566 2609 770 2655 vicissim
802 2607 1132 2655 confirmatum
1161 2607 1351 2654 anathe-

255 2694 381 2734 mate
404 2686 546 2733 fuisse
571 2686 713 2732 velim
737 2685 978 2732 decretum
1004 2694 1213 2731 vestrum
1237 2699 1351 2730 con-

260 2772 330 2810 tra
353 2763 550 2810 stultum
573 2762 708 2809 illum
726 2762 800 2808 ·de
825 2777 923 2824 quo
951 2763 1001 2808 in
1032 2761 1351 2824 superioribus

257 2840 486 2898 diximus;
505 2854 647 2901 quem
665 2838 839 2885 nedum
863 2838 1129 2901 depositum
1144 2873 1155 2892 ‚
1179 2838 1259 2884 sed
1279 2854 1353 2885 re-

259 2917 479 2979 ligiosum
503 2916 690 2969 dicunt,
719 2932 871 2978 neque
895 2910 980 2963 ulli
1008 2916 1172 2978 culpae
1199 2915 1353 2962 obno-

259 2995 385 3040 xium
407 2994 628 3040 iudicant.
654 2995 829 3040 Verum
849 2994 975 3039 enim
994 3009 1109 3040 vero
1131 3008 1351 3055 magnum

258 3071 307 3117 id
339 3071 610 3118 scandalum
640 3069 775 3117 nobis
804 3070 1016 3124 videtur,
1044 3069 1153 3116 fidei
1181 3071 1354 3117 scilicet

260 3149 586 3211 discrepantia.
616 3148 708 3194 Cur
725 3163 839 3210 ergo
857 3148 916 3194 de
933 3163 1012 3194 sua
1031 3148 1222 3195 ecclesia
1248 3148 1355 3210 pul-

260 3243 339 3273 sus
354 3226 472 3272 fuit?
489 3224 807 3288 Respondebit
824 3224 1019 3271 fortasse
1037 3225 1204 3287 aliquis
1216 3260 1227 3278 ‚
1242 3225 1356 3271 haec

258 3313 306 3351 et
330 3304 422 3350 alia
446 3301 742 3355 huiusmodi,
771 3317 828 3348 ex
855 3301 968 3348 odio
994 3309 1186 3364 parente
1212 3302 1353 3347 nasci.

260 3384 320 3428 At
352 3381 478 3428 enim
511 3378 656 3433 absit,
687 3387 740 3425 ut
764 3378 1013 3426 hominum
1047 3378 1178 3431 odia,
1207 3393 1358 3424 sacer-

260 3458 426 3506 dotum
458 3456 641 3504 iuribus
663 3464 861 3503 noceant
876 3478 891 3509 ,·
916 3463 997 3502 aut
1018 3455 1263 3501 sacerdotii
1286 3456 1358 3501 vi-

261 3550 335 3581 res
365 3542 590 3597 superent
617 3533 700 3596 (1).
733 3532 1035 3593 Vicissimque
1068 3532 1106 3578 si
1129 3532 1235 3594 quis
1260 3532 1358 3594 epi-

2402 257 2491 304 511

1409 378 1579 426 scopus
1602 377 1629 409 a
1651 376 1760 409 suae
1782 359 2001 407 ecclesiae
2023 362 2246 422 regimine
2267 364 2409 409 iustas
2432 360 2496 408 ob

1410 455 1571 487 causas
1589 446 1883 488 removeatur
1895 471 1907 491 ‚
1927 446 2006 484 aut
2020 438 2261 485 ministerii
2279 442 2348 487 sui
2365 454 2497 487 exer-

1411 517 1521 564 citio
1546 517 1779 579 privetur,
1805 514 1936 561 nulla
1961 514 2050 560 alia
2074 523 2276 576 potestas
2298 516 2423 563 hunc
2445 518 2495 563 in

1411 594 1656 656 pristinam
1705 593 1979 655 dignitatem
2025 593 2267 639 restituere
2308 595 2494 655 poterit.

1411 674 1535 719 Haec
1568 687 1676 718 cum
1706 670 1931 723 dicimus,
1966 670 2094 717 Pauli
2125 671 2384 717 sacerdotio
2417 688 2500 734 pa-

1415 749 1637 796 trocinari
1670 763 1766 795 non
1789 757 1859 795 est
1884 748 2091 801 animus»,
2118 746 2200 794 sed
2223 747 2391 794 idonea
2415 764 2502 810 po—

1412 827 1506 873 tius
1539 825 1744 874 remedia
1773 826 1961 873 occ-ulto
1982 825 2167 872 vulneri
2195 825 2411 872 conferre
2432 828 2503 872 ni-

1412 905 1584 958 timur,
1612 919 1671 951 ne
1695 902 1948 951 roboretur
1972 903 2122 957 fraus,
2150 912 2195 950 et
2219 919 2328 950 sana
2351 903 2504 951 adhuc

1415 980 1629 1028 membra
1658 981 1906 1044 pervadatz
1932 980 2145 1028 delendis
2165 980 2383 1028 videlicet
2404 997 2505 1042 ma÷

1413 1059 1530 1106 culis
1564 1059 1842 1114 studemuss
1857 1068 1903 1106 et
1926 1060 2184 1122 impuritati
2208 1060 2398 1114 cuilibet
2422 1062 2506 1109 ab·

1414 1135 1632 1182 luendae.
1653 1136 1868 1183 Ceterum
1891 1136 2223 1192 subveremm,
2246 1156 2305 1186 ne
2326 1141 2447 1188 forte
2469 1143 2507 1188 is

1418 1213 1431 1275 (
1451 1214 1652 1277 Paulus)
1695 1215 1943 1261 discidium
1983 1217 2232 1263 serendum
2277 1221 2508 1266 curaverit

1414 1306 1467 1346 ac
1504 1290 1903 1353 perturbationem
1947 1293 2067 1339 inter
2106 1296 2398 1358 episcopatus
2436 1301 2505 1345 sui

1414 1368 1504 1414 iuri
1530 1367 1787 1422 subiectOS‚
1808 1378 1854 1415 et
1880 1370 2102 1418 adversus
2125 1387 2210 1418 nos
2234 1375 2373 1419 etiam
2397 1390 2508 1421 con—

1417 1446 1644 1491 citaverit.
1695 1446 2026 1493 Verumtamen
2077 1449 2344 1497 orthodoxa
2393 1451 2510 1499 fides

1418 1522 1614 1584 spiritali
1633 1538 1828 1570 munere
1844 1522 1967 1571 ‚bene
1985 1525 2103 1579 olet,
2126 1536 2171 1573 et
2189 1529 2388 1589 paradisi
2410 1529 2509 1576 fru-

1417 1607 1517 1645 ctus
1554 1609 1768 1661 procreat
1809 1603 1855 1647 in
1895 1601 2032 1649 nobis
2064 1594 2232 1650 Christi
2271 1606 2510 1670 discipulis
2532 1607 2540 1619 '

1414 1677 1556 1748 eique
1580 1679 1790 1724 sacratis:
1812 1677 1984 1740 quibus
2007 1681 2137 1728 nulla
2161 1698 2269 1744 pars
2291 1685 2509 1747 imputari

1419 1761 1573 1815 potest
1606 1755 1846 1816 spinarum
1871 1755 2061 1803 illarum
2095 1767 2174 1804 aut
2204 1761 2506 1815 zizaniorum,

1419 1846 1540 1892 quae
1573 1832 1745 1878 inimici
1780 1833 2122 1881 discordiarum
2146 1837 2269 1884 inter
2298 1838 2512 1886 homines

1420 1909 1712 1955 seminatoris
1746 1909 1923 1957 fructus
1956 1921 2082 1958 sunt.

1509 2064 1695 2115 Sequitur
1729 2067 1772 2105 in
1805 2065 1936 2105 codice
1974 2067 2050 2107 illa
2085 2067 2272 2107 Iohannis
2308 2069 2383 2108 IV.
2420 2070 2514 2109 ΡΡ.

1414 2135 1584 2186 prolixa
1614 2139 1654 2176 et
1682 2137 1849 2189 insiqnis
1883 2149 1958 2190 pro
1989 2139 2166 2178 Honorio
2195 2140 2287 2179 ΡΡ.
2322 2141 2511 2191 epistola,

1421 2219 1523 2259 quae
1553 2208 1649 2259 quia
1672 2209 1821 2260 leqitur
1850 2211 1892 2249 in
1921 2210 2175 2250 conciliorum
2200 2215 2301 2251 tomo
2324 2213 2443 2252 citato
2462 2214 2515 2253 X.

1422 2279 1498 2319 col.
1519 2278 1604 2320 682
1617 2309 1631 2333 ,
1651 2279 1799 2319 idm‘rco
1821 2292 1847 2319 a
1866 2281 1977 2320 nobis
1996 2281 2208 2324 omittt'tun
2231 2283 2368 2334 Neque
2391 2287 2519 2323 tamen

1422 2351 1629 2410 περιέμενε,
1651 2363 1855 2402 possumus
1878 2353 2412 2407 Constantini-imperatoris,
2437 2357 2520 2396 He-

1424 2421 1546 2462 raclio
1572 2414 1717 2473 qenai,
1748 2435 1974 2475 responsum
2004 2424 2130 2464 eidem
2159 2410 2349 2466 johannis
2378 2430 2520 2478 episto-

1424 2492 1506 2543 ἰαε,
1534 2493 1578 2532 in
1599 2496 1754 2544 syriaco
1777 2494 1906 2533 codice
1923 2499 2213 2547 conservatum,
2239 2497 2311 2536 sed
2326 2500 2368 2538 in
2381 2499 2521 2550 publi-

1423 2566 1479 2602 eis
1517 2564 1631 2603 libris
1664 2564 1814 2615 adhuc,
1851 2567 1894 2604 ni
1914 2565 2065 2616 fallor,
2100 2567 2386 2618 desideratum,
2416 2570 2524 2620 quod

1422 2639 1481 2674 est
1510 2635 1748 2675 huiusmodi.

1551 2788 1759 2819 Emsrom
1792 2788 1879 2824 QUA
1914 2788 2168 2820 memnon
2201 2789 2452 2820 RESPONDET
2481 2782 2490 2786 '

1695 2864 2005 2895 rA'rmARcuAE
2039 2850 2055 2912 (
2074 2865 2272 2897 ROMANO.
2295 2851 2309 2912 )

1531 2995 1573 3039 1.
1612 2993 1665 3038 ln
1704 2993 1870 3038 Christi
1903 2992 2082 3039 domini
2117 2995 2306 3040 nomine
2332 2996 2516 3057 accepi-

1427 3086 1532 3116 mus
1565 3070 1856 3116 Paternitatis
1880 3078 1988 3116 tuae
2016 3071 2286 3132 epistolam,
2315 3086 2339 3116 a
2373 3070 2518 3134 benef

1429 3147 1555 3194 dicto
1597 3147 1923 3193 archidiacono
1970 3148 2149 3193 Barsica
2192 3147 2254 3209 (2)
2295 3147 2512 3201 allatam;
2574 3166 2606 3176 v·

1425 3239 1620 3286 eamque
1652 3224 1927 3270 Paternitate
1961 3232 2038 3270 tua
2073 3223 2262 3286 dignam
2287 3227 2517 3287 comperi—

1429 3316 1560 3365 mus,¹
1585 3309 1678 3355 tam
1710 3299 1774 3345 'ob
1809 3316 1860 3347 ea
1895 3315 2016 3361 quae
2048 3301 2224 3347 sincere
2251 3300 2517 3363 significasti

1428 3377 1488 3423 de
1530 3392 1652 3439 puro
1695 3377 1883 3423 salutari
1927 3385 1971 3423 et
2016 3377 2316 3424 immaculato
2354 3378 2512 3430 dono,

1429 3454 1561 3516 quod
1609 3453 1822 3516 Apostoli
1871 3454 2146 3511 orthodoxis
2191 3455 2514 3513 tradiderunt;

1430 3546 1574 3593 quam
1617 3530 1681 3578 ob
1722 3547 1960 3578 sacrorum
2000 3532 2306 3580 conciliorum
2345 3533 2517 3580 doctri·-

348 3701 397 3743 (1)
422 3699 640 3737 Theodorus
664 3700 704 3736 in
729 3710 786 3747 ep.
814 3697 873 3736 ed.
900 3697 948 3735 ad
973 3697 1157 3734 Paulum:
1186 3696 1357 3733 turbatio
1382 3699 1422 3733 et
1443 3696 1572 3733 odium
1592 3697 1729 3744 populi
1752 3698 1994 3744 episcopatus
2017 3697 2183 3745 yradum
2205 3700 2327 3734 nescit
2348 3697 2515 3743 auferre.

265 3756 550 3809 Hoc-adnotent
575 3758 746 3796 canonici
772 3759 867 3795 iuris
892 3757 1102 3804 scriptores.

347 3819 397 3860 (2)
423 3817 620 3864 Coi-ruptio
649 3817 818 3855 vocabuli
850 3818 1002 3854 Sericus
1034 3816 1073 3852 in
1103 3816 1280 3852 Bar-sica.
1312 3814 1459 3852 Sericus
1489 3820 1611 3852 autem
1645 3814 1925 3852 archidiaconus
1956 3815 2170 3853 nominatur
2199 3816 2235 3853 in
2269 3816 2388 3864 priore
2419 3815 2515 3852 edita

264 3874 448 3913 Theodori
473 3877 651 3924 epistola,
679 3883 715 3914 et
741 3877 779 3914 in
806 3877 919 3914 altera
948 3875 1101 3913 Honorii
1126 3874 1173 3912 ad
1197 3875 1381 3922 Sergium.
