2970 4420
722 282 763 299 ff...
781 282 810 285 t..

463 286 557 333 4148
1023 302 1207 335 meaux
1238 302 1413 334 chEm
1443 300 1501 333 ΒΕ
1532 303 1795 335 ῦΒΑΕεοιισΜ
1826 303 2152 338 scmsnnmus.

450 378 508 412 κοιιι
531 374 659 418 ἕνωσιν,
679 375 735 412 καὶ
759 377 908 418 σπονδοὶς
930 377 1013 425 πρὸς
1035 378 1111 419 τούς
1131 377 1307 426 Φράγγους
1328 375 1548 424 ποιησάμενοι

449 451 509 474 συν
534 451 630 476 πασν)
652 439 695 487 τῇ
714 438 859 474 Ἰταλία·
881 439 1050 475 ἐκώλυσαν
1071 453 1128 474 και
1150 439 1228 478 τούς
1250 437 1389 487 φόρους,
1410 452 1466 473 και
1490 438 1547 473 τόν

448 499 772 548 ψευδοπατριοίρχην
801 499 841 544 α)
867 500 1088 536 Ἀναστοίσιον
1120 498 1371 547 ἄναθεμοίτισεν
1398 499 1416 535 ὅ
1450 498 1549 547 α’γιος

447 561 644 634 ΓρηγόΙριος.

479 636 482 639 ’
522 622 575 670 ιγ’.
601 622 708 658 ῙΓοὶλιν
729 623 787 660 ἐπὶ
808 622 1054 659 Κωνσταντίνου
1075 622 1135 658 καί
1156 621 1300 668 Εἷρήνης
1322 624 1382 663 τῆς
1404 619 1433 670 ζ’
1454 621 1550 657 συνό-

447 687 505 719 δου
527 679 843 733 ,συγκροτηὸείσης,
866 685 883 720 ὁ
908 684 1026 725 ποίπας
1051 683 1220 729 Ἀδριανός
1247 683 1432 732 συνῄνεσεν.

522 746 569 784 ιδ’.
597 748 675 783 Ἐπὶ
693 747 812 782 Φωτίου
833 749 893 781 τοῦ
907 745 1283 786 Κωνσταντινουπόλεως
1303 744 1399 793 μέγα
1414 744 1453 784 ἦν
1471 744 1550 794 σχί-

449 820 542 855 σμα,
563 808 620 842 καὶ
645 809 759 852 πολλοὶ
780 808 824 842 τοὶ
845 806 1039 854 αἰτιάματα
1060 809 1119 841 τῶν
1142 806 1326 854 Ῥωμαίων,
1347 806 1389 849 ὥς
1410 807 1431 846 ἦ
1453 807 1550 855 ἐγκύ-

448 873 541 911 κλιος
567 870 674 905 αὐτοῦ
694 869 858 908 ἐπιστολή
881 871 1042 916 παριστᾷ·
1063 869 1247 916 γενομένης
1269 869 1303 913 δὲ
1325 869 1468 910 ἑνῶσεως
1489 872 1549 904 τῶν

448 930 648 975 ἐκκλησιῶν,
667 931 779 972 καθώς
796 931 819 969 η’
835 931 927 978 παρα
943 932 1002 965 τοῦ
1018 930 1123 965 αὐτοῦ
1139 929 1260 966 Φωτίου
1279 933 1440 966 συστᾶσα
1455 929 1550 966 σύνο-

448 995 503 1034 δος
526 996 638 1036 δηλοῖ,
657 994 715 1028 καὶ
738 991 914 1034 ἑνωθέντος
935 991 1084 1027 Ἰωάννου
1106 994 1164 1027 τοῦ
1180 992 1326 1039 Ῥώμης,
1348 993 1407 1028 καὶ
1426 991 1550 1035 λαβόν-

448 1069 505 1096 τος
530 1057 705 1095 κανονικῶς
733 1055 777 1088 τοὶ
801 1053 1021 1101 ἀρχαιότατα
1046 1053 1229 1102 προνόμια,
1251 1055 1295 1089 τοὶ
1316 1045 1473 1102 ῥωμαΐίιοὶ
1496 1054 1551 1089 αι’-

449 1116 602 1165 τιοίματα
626 1115 711 1164 ἅπερ
734 1115 792 1151 καί
815 1114 895 1154 ἕκτη
920 1115 1074 1158 σύνοδος,
1093 1116 1135 1156 ὥς
1158 1114 1309 1163 εἴρηται,
1330 1116 1509 1158 καίάῠτός
1532 1117 1548 1151 ὅ

447 1178 567 1220 Φώτιος
593 1178 872 1226 καταμέμφεται,
900 1176 1094 1216 εἶοίσθησαν
1126 1180 1296 1223 παντελῶς
1326 1177 1548 1222 ἀνεξέταστα.

447 1242 530 1277 ’Ano'
557 1243 636 1288 γοῦν
663 1243 722 1282 τῆς
749 1239 784 1285 ς”
810 1240 949 1276 συνόδου
975 1241 1080 1289 μέχρι
1108 1243 1167 1281 τῆς
1195 1239 1224 1289 ζ’
1248 1241 1461 1289 παρέδραμον
1486 1241 1546 1280 ἔτη

448 1302 505 1350 ρη’“
530 1300 564 1345 b)
586 1301 643 1336 καιΙ
665 1299 753 1340 ἦσαν
776 1301 813 1336 αἱ
834 1300 1012 1340 ἐκκλησίαι
1034 1302 1216 1349 ἡνωμέναι,
1236 1303 1294 1337 καὶ
1316 1301 1425 1343 οὐδεὶς
1445 1301 1548 1350 λόγος

447 1366 521 1412 περὶ
548 1367 606 1400 τῶν
629 1364 836 1413 σφαλμάτων
857 1367 917 1400 τῶν
935 1364 1103 1412 Ῥωμαίων
1124 1364 1277 1412 γέγονεν,
1300 1364 1329 1399 εἷ
1351 1364 1399 1412 μή
1423 1364 1546 1407 συνέβη

447 1428 470 1466 η“
487 1427 730 1475 εἷκονομαχικὴ
749 1426 900 1475 αἵρεσις,
919 1430 958 1461 δι’
978 1424 1016 1466 ἢν
1033 1428 1091 1462 καί
1111 1425 1212 1468 αὖθις
1230 1425 1461 1476 ἐσχίσθησαν·
1479 1426 1547 1463 ἀπὸ

447 1489 480 1524 δέ
508 1478 567 1530 τῆς
595 1488 624 1537 ζ’
649 1490 706 1524 καὶ
733 1489 790 1525 ε’πί
817 1489 862 1523 τοὶ
886 1487 1078 1535 ἔμπροσθεν
1104 1488 1210 1537 μέχρι
1237 1489 1298 1523 καί
1323 1487 1445 1524 Φωτίου
1473 1487 1547 1524 οὐδὲ

447 1551 549 1592 οὕτως
574 1550 678 1598 λόγος
705 1548 755 1592 τίς
781 1549 919 1590 ἐκινήθη
946 1551 1021 1598 περὶ
1043 1552 1102 1585 τῶν
1124 1551 1295 1599 ῥωμαΐκῶν
1323 1550 1549 1597 σφαλμάτων,

442 1628 486 1648 ων
514 1627 568 1648 και
598 1613 614 1648 ὁ
642 1613 762 1654 Φαίτιος
789 1626 845 1647 και
875 1628 895 1651 η
921 1612 953 1657 ς’
978 1610 1134 1659 ε’μνησθη
1163 1613 1309 1653 σύνοδος·
1335 1614 1395 1648 τοῦ
1421 1612 1455 1647 δὲ
1485 1615 1550 1648 Φω-

446 1689 518 1710 τιου
544 1675 633 1722 μετα
659 1675 788 1713 πολλήν
814 1673 988 1716 καταβοην
1015 1676 1074 1708 καί
1102 1674 1258 1735 ταραχήν
1280 1673 1551 1721 οἶπολυπραγμό-

448 1750 506 1777 νως
537 1735 637 1771 παλιν
666 1734 850 1786 ἐνωὲέντος
883 1737 954 1776 τοῖς
984 1734 1181 1782 ΗΡωμαιοις,
1208 1738 1268 1770 τῶν
1297 1750 1332 1769 τε
1366 1735 1549 1774 ἐκκλησιῶν

437 1798 597 1845 ,υπῆρχεν
624 1795 744 1845 ὁμοίως
771 1795 897 1838 ἕνωσις.
944 1820 946 1822 v

523 1984 570 2021 ιε’.
594 1984 661 2020 Καὶ
688 1983 745 2019 ἐπὶ
777 1981 939 2032 Σεργίου,
966 1985 1025 2018 τοῦ
1056 1983 1114 2019 ἐπὶ
1147 1985 1207 2018 τοῦ
1232 1982 1550 2030 Βουλγαροκτόνου,

449 2045 786 2120 παριαρχευσαντος,
806 2045 944 2092 λέγεται
972 2044 1072 2080 πάλιν
1097 2044 1238 2093 σχίσμα
1263 2044 1436 2092 γενέσθαι·
1461 2046 1550 2081 κατα

450 2107 547 2143 ποίαν
574 2109 608 2143 δέ
635 2106 765 2150 αιτιάν,
788 2107 895 2154 ἀγνοῶ’
922 2104 986 2152 (1)·
1009 2109 1100 2142 δοκεῖ
1124 2107 1192 2155 γάρ
1218 2107 1273 2142 διαὶ
1297 2108 1373 2147 τούς
1400 2105 1549 2155 θρόνους

573 2169 581 2182 9
637 2170 642 2182 l
691 2169 704 2182 91

449 2232 559 2267 νωνίαν
581 2232 663 2273 ἴσως
686 2232 794 2274 ου’δεις
815 2230 1062 2278 κατεμέμφετο
1081 2230 1155 2266 ἐπεὶ
1178 2231 1212 2266 δέ
1232 2230 1304 2266 dno*
1323 2233 1381 2272 τῆς
1403 2231 1436 2277 ς’
1457 2231 1551 2266 συνό-

451 2298 508 2330 δου
530 2295 552 2334 ἦ
573 2294 748 2342 διάγνωσις
774 2294 893 2341 γέγονε
920 2292 973 2335 c),
997 2294 1056 2328 καί
1076 2293 1134 2329 ε’πῖ
1162 2295 1219 2328 τοῦ
1244 2292 1365 2329 Φωτίου
1392 2292 1551 2341 τρανότε-

450 2371 522 2404 ρον,
546 2357 708 2404 μεμπτέα
732 2357 756 2395 η’
780 2356 902 2397 ἕνωσις·
929 2358 1031 2404 ἐχρῆν
1057 2355 1123 2403 γάρ
1150 2353 1169 2391 ὃ
1194 2354 1319 2402 ἔκριναν
1346 2356 1464 2400 κακὸν,
1492 2355 1550 2390 καί

450 2418 750 2467 ἀποστρέφεσθαι,
770 2417 792 2457 ’ὃ
814 2417 1078 2465 διορθώσασθαι,
1092 2416 1115 2457 ἢ
1135 2416 1196 2463 κςῖν
1216 2417 1320 2466 μέχρι
1341 2417 1446 2465 λόγων
1469 2420 1551 2457 στῆ-

453 2495 511 2517 σαι
538 2483 616 2522 τούς
646 2480 880 2529 διορὸοῆντας,
907 2480 938 2515 εἴ
965 2495 1005 2527 γε
1032 2481 1089 2519 τήν
1116 2480 1250 2528 δύναμιν
1284 2479 1549 2529 ὑπερβαίνουσαν

451 2541 527 2591 εἶχε
554 2544 592 2578 το“
617 2545 773 2591 πρᾶγμα·
799 2543 829 2577 εί
857 2543 891 2577 δέ
919 2541 1074 2589 βλαβεροὶ
1101 2538 1143 2585 d)
1169 2542 1212 2576 τοὶ
1235 2542 1442 2589 αι’τιοὶματα,
1469 2541 1549 2589 ὅπερ

450 2604 637 2657 ἀπίθανον,
663 2606 810 2652 φωρᾶται
839 2604 904 2650 γάρ
931 2606 1029 2637 τοῦτο
1057 2605 1113 2638 καὶ
1143 2603 1323 2650 συνάγεται
1354 2617 1395 2644 ως
1425 2603 1551 2638 ἀκόλα-

451 2680 520 2701 στα
547 2666 580 2701 οἱ
611 2680 708 2713 αρχι
699 2667 779 2713 ςρεῒς
812 2668 921 2700 ταῦτα
949 2664 1160 2713 παρεδραμον
1190 2663 1222 2699 ἐν
1248 2663 1395 2710 τοσουτῳ
1423 2664 1550 2712 χρόνῳ,

451 2726 506 2762 ι’να
527 2719 561 2761 τί
580 2741 713 2774 καταμε
710 2727 860 2774 μφονται
883 2728 941 2760 τῶν
959 2724 1143 2773 Ρωμαίων;
1166 2725 1229 2774 ὅρα
1250 2723 1305 2761 οὖν
1326 2725 1377 2761 ότι
1400 2726 1444 2760 τοὶ
1461 2725 1551 2761 άπα-

449 2788 666 2836 ριθμηθέντα
691 2789 878 2837 σχίσματα
897 2788 937 2832 ἐξ
962 2787 1076 2829 αι’τίας
1103 2787 1263 2840 γεγόνασι
1290 2790 1349 2823 τῶν
1375 2787 1550 2836 ημετέρων·

452 2853 469 2887 ὁ
495 2853 563 2900 γάρ
591 2852 710 2893 Φῶτιος
738 2847 914 2900 ἐχθρωδῶς
941 2850 1091 2898 κείμενος
1116 2852 1197 2898 πρὸς
1227 2851 1282 2886 τόν
1309 2851 1425 2887 παπαν
1452 2851 1550 2886 Νικό-

451 2918 533 2949 λαον
560 2928 590 2950 κ.
610 2928 639 2949 τ.
660 2917 692 2950 λ.
715 2912 780 2959 (2).

526 3037 577 3082 ις’.
596 3036 753 3085 Ὕστερον
779 3039 893 3072 πολλω
918 3035 975 3072 ἐπὶ
1002 3039 1062 3072 τοῦ
1083 3037 1416 3073 Κωνσταντινουπόλε
1404 3052 1459 3079 εως
1485 3052 1551 3073 πα-

452 3099 613 3146 τριάρχου
636 3102 695 3156 τοῦ
710 3081 958 3147 Κηρουλαριᾞου
977 3100 1036 3133 τοῦ
1056 3099 1112 3134 ἐπι
1131 3103 1190 3140 τῆς
1209 3098 1388 3142 βασιλείας
1405 3101 1463 3134 τοῦ
1480 3103 1553 3135 Μο-

450 3174 623 3209 νομαχου,
645 3159 686 3202 ὦς
712 3162 795 3209 πρὸς
818 3162 890 3197 τὸν
894 3160 1105 3207 Ἀντιοχείας
1131 3160 1268 3234 γράφει,
1291 3162 1349 3196 καί
1370 3161 1451 3209 πρός
1472 3176 1506 3196 ον
1535 3177 1552 3197 ο

452 3222 554 3264 αυτὸς
572 3222 698 3271 Πέτρος
718 3221 791 3269 (3),
807 3222 883 3270 περὶ
902 3225 961 3258 τῶν
982 3225 1151 3258 λατινικῶν
1173 3222 1382 3270 αἷτιαματων
1404 3225 1464 3264 τῆς
1484 3238 1554 3259 κοι-

452 3282 564 3324 νωνιάς
586 3282 690 3319 αὑτῶν
711 3282 844 3324 τελείως
866 3283 1040 3332 οἷπεῤῥοίγη
1064 3284 1087 3322 νῖ
1106 3282 1272 3322 ε’κκλησία
1288 3287 1553 3322 Κωνσταντινου-

453 3342 597 3387 πόλεως,
619 3345 676 3379 καί
703 3348 762 3380 τῶν
791 3345 881 3392 ἷερῶν
909 3344 1074 3393 διπτύχων
1101 3344 1268 3392 ἀπελείφη
1297 3346 1315 3381 0‘
1340 3345 1474 3388 Ποίπας.

1622 386 1693 423 que
1709 375 1882 427 'inierunt
1905 374 2185 427 cum-Francis,
2204 378 2399 418 deficiente
2416 378 2529 417 simul
2549 377 2720 428 universa

1622 436 1742 474 Italia.
1769 437 1923 475 Tributa
1947 448 2094 486 quoque
2120 437 2204 476 dari
2232 439 2522 487 prohibuerunt.
2548 438 2720 485 Denique

1622 496 2010 545 pseudopatriarcham
2038 499 2276 536 Anastasium
2304 499 2530 537 anathemati
2561 498 2721 536 subiecit

1622 548 1856 604 Gregorius.

1695 622 1750 655 13.
1779 619 1934 655 Denuo
1945 617 2014 663 sub
2048 618 2293 655 Constantino
2328 624 2366 656 et
2399 620 2506 656 Irene
2541 617 2723 665 septimae

1622 677 1764 727 synodo
1784 684 2030 730 congregatae
2058 679 2248 716 consensit
2273 678 2498 717 Hadrianus.

1695 741 1751 774 14.
1779 737 1856 774 Sub
1869 738 2001 775 Photio
2015 737 2384 785 constantinopoleos
2397 719 2606 785 patriarcha
2622 747 2723 786 mag-

1622 807 1714 833 num
1742 797 2026 842 erat-schisma,
2054 796 2266 847 multaeque
2290 794 2469 834 Romanis
2494 796 2739 834 criminatio-.

1622 866 1689 893 nes
1717 855 1880 893 inflictae
1902 855 2073 901 fuerunt,
2098 861 2143 892 ut
2164 856 2205 893 in
2229 855 2415 904 encyclica
2442 856 2619 903 praedicti
2644 855 2722 903 epi-

1623 915 1716 953 stola
1746 913 1868 953 videre
1893 921 1960 953 est.
1987 916 2101 953 Facta
2130 914 2265 952 deinde
2292 914 2531 968 ecclesiarum
2559 914 2723 974 unione,

1624 981 1733 1023 prout
1759 975 1923 1025 synodus
1955 986 1976 1013 a
2010 975 2140 1012 Photio
2168 974 2353 1012 celebrata
2379 974 2633 1020 demonstrat3
2659 975 2722 1011 co-

1624 1034 1972 1082 pulatonobiscum
1997 1034 2163 1081 Iohanne
2183 1035 2324 1070 Romae
2350 1032 2545 1080 pontifice,
2571 1037 2608 1070 et
2628 1029 2729 1070 anti-⁴

1623 1093 1813 1140 quissimis
1838 1094 1870 1130 vi
1897 1093 2077 1130 canonica
2104 1092 2305 1140 privilegiis
2332 1091 2379 1129 ab
2403 1102 2446 1129 eo
2470 1090 2724 1139 recuperatis;

1623 1153 1900 1191 criminationes
1929 1158 2057 1190 contra
2082 1154 2292 1198 Romanos»,
2319 1162 2412 1199 quas
2439 1157 2538 1189 sexta
2565 1157 2609 1189 ut
2631 1150 2724 1189 dixi-

1624 1223 1708 1251 mus
1735 1212 1899 1263 synodus
1923 1218 1960 1250 et
1984 1213 2062 1261 ipse
2086 1211 2242 1249 Photius
2266 1211 2513 1255 intorserant,
2539 1207 2621 1247 sine
2642 1210 2723 1251 ullo

1624 1283 1774 1320 prorsus
1801 1271 1967 1309 examine
1988 1272 2145 1309 omissae
2168 1271 2332 1309 fuerunt.
2362 1272 2443 1308 lam
2466 1281 2550 1310 vero
2577 1281 2598 1307 a
2623 1274 2723 1308 sexta

1623 1332 1764 1382 synodo
1795 1332 1843 1370 ad
1879 1332 2074 1380 septimam
2107 1333 2197 1374 anni
2231 1337 2381 1370 centum
2419 1337 2456 1369 et
2486 1337 2569 1369 octo
2605 1331 2725 1379 elapsi

1623 1397 1731 1438 sunt;
1758 1398 1935 1440 erantque
1961 1392 2135 1429 ecclesiae
2161 1392 2317 1429 invicem
2345 1391 2496 1436 unitae,
2522 1390 2725 1439 nullusque

1624 1450 1670 1488 de
1693 1453 1948 1503 Romanorum
1965 1451 2150 1490 erroribus
2175 1460 2296 1488 sermo
2320 1450 2412 1496 fuit3
2429 1450 2501 1488 nisi
2527 1449 2632 1498 quod,
2650 1449 2725 1487 ico-

1623 1511 1890 1548 nomachorum
1910 1511 2119 1558 supervenit
2137 1510 2319 1560 haeresis,
2335 1510 2442 1547 cuius
2460 1519 2571 1547 causa
2587 1509 2723 1559 iterum
2755 1503 2759 1509 ’

1624 1570 1783 1607 schisma
1800 1565 1979 1608 fecerunt.
2005 1572 2093 1607 Post
2109 1570 2305 1617 septimam
2321 1566 2527 1619 synodum,
2545 1568 2662 1605 immo
2685 1572 2724 1605 et

1623 1629 1781 1667 ulterius
1802 1640 1919 1677 usque
1944 1629 1991 1666 ad
2014 1629 2208 1675 Photium,
2226 1629 2358 1666 nullus
2381 1639 2496 1676 aeque
2517 1632 2727 1664 commotus

1625 1699 1746 1726 sermo
1769 1689 1841 1727 suit
1867 1689 1912 1727 de
1935 1691 2189 1726 Romanorum
2216 1688 2426 1732 erroribus,
2451 1687 2529 1724 illis
2553 1685 2726 1725 videlicet
2787 1720 2790 1723 .

1624 1760 1717 1796 quos
1732 1749 1888 1786 Photius
1907 1754 1943 1786 et
1967 1753 2068 1786 sexta
2090 1747 2254 1797 synodus
2276 1750 2581 1784 memoraverant.
2607 1746 2724 1783 Porro

1624 1808 1776 1853 Photio‚
1803 1813 1885 1855 post
1910 1809 2110 1851 clamorem
2135 1813 2281 1844 tantum
2310 1816 2353 1843 ac
2382 1805 2723 1853 perturbationem,

1625 1866 1725 1904 facili
1747 1868 1895 1914 negatio
1919 1878 2048 1923 rursus
2072 1866 2251 1904 Romanis
2275 1863 2532 1915 reconciliato,
2553 1863 2723 1902 ecclesia-

1624 1937 1710 1963 rum
1736 1926 1872 1974 pariter
1895 1919 1984 1964 111110
2010 1927 2190 1964 constitit.

1699 1991 1754 2024 15.
1781 1989 2045 2024 Verumtamen
2073 1987 2226 2034 Sergio,
2257 1986 2322 2035 qui
2353 1985 2425 2023 sub
2451 1985 2726 2032 Bulgaroctono

1626 2046 1787 2090 (Basilio
1813 2047 1860 2081 11.
1876 2049 1888 2089 )
1914 2046 2120 2093 patriarcha
2148 2045 2245 2091 fuit,
2273 2045 2395 2082 denuo
2422 2043 2560 2082 dicitur
2582 2043 2724 2086 factum

1625 2104 1807 2150 schisma,
1833 2105 1939 2142 cuius
1963 2115 2112 2142 causam
2137 2105 2291 2152 ignoro,
2315 2103 2381 2142 sed
2406 2109 2531 2141 tamen
2555 2102 2602 2140 de
2626 2101 2723 2141 sedi·

1623 2163 1694 2201 bus
1720 2164 1908 2201 contentio
1935 2163 2050 2201 fuisse
2076 2163 2233 2201 videtur.
2261 2165 2341 2201 Iam
2366 2174 2450 2200 vero
2478 2163 2510 2200 si
2534 2165 2724 2200 Romano-

1624 2232 1707 2258 rum
1733 2232 1873 2259 errores
1899 2222 2078 2270 incogniti
2102 2221 2282 2268 fuissent,
2306 2232 2415 2263 nemo
2439 2221 2596 2259 fortasse
2621 2214 2724 2258 com-

1625 2281 1842 2323 munionem
1861 2281 1965 2317 illam
1984 2281 2224 2328 vituperaret;
2242 2281 2343 2317 nunc
2361 2281 2449 2328 quia
2467 2281 2508 2317 in
2524 2285 2621 2318 sexta
2639 2289 2726 2329 syn-

1624 2340 1696 2378 odo
1719 2352 1763 2379 ea
1793 2353 1851 2379 res
1879 2342 2050 2379 ventilata
2080 2339 2174 2386 fuit,
2203 2341 2395 2388 multoque
2420 2341 2629 2378 accuratius
2653 2339 2725 2378 sub

1624 2401 1774 2445 Photio,
1795 2406 1893 2438 certe
1911 2401 2108 2448 culpabilis
2129 2401 2219 2438 unio
2234 2401 2377 2438 fuisset.
2405 2400 2607 2448 Oportebat
2622 2400 2724 2438 enim

1625 2460 1726 2508 quod
1751 2471 1903 2508 pravum
1930 2459 2177 2504 iudicassent,
2202 2461 2362 2497 aversari
2387 2460 2443 2496 vel
2469 2460 2669 2506 corrigere:
2689 2456 2746 2497 ctv
2791 2455 2796 2458 ¹

1624 2519 1742 2556 verbis
1764 2519 1895 2556 saltem
1912 2518 2209 2556 emendationem
2226 2518 2366 2565 facere,
2383 2518 2415 2556 si
2441 2529 2498 2555 res
2516 2518 2610 2556 forte
2634 2518 2726 2556 vires

1623 2584 1768 2616 nostras
1794 2578 1993 2616 excederet.
2023 2577 2133 2625 Quod
2157 2579 2190 2615 si
2214 2589 2292 2615 non
2309 2578 2480 2615 innoxiae
2499 2577 2726 2618 criminatio·

1624 2637 1693 2675 nes'
1713 2643 1836 2684 erant,
1856 2637 1957 2686 quod
1974 2642 2030 2675 est
2050 2631 2292 2683 incredibile,
2309 2643 2352 2675 ut
2369 2637 2457 2675 inde
2477 2639 2726 2687 comperimus

1625 2697 1978 2745 concludimusque,
1991 2698 2080 2746 quia
2097 2697 2269 2745 impunes
2284 2703 2390 2735 tanto
2411 2703 2572 2746 tempore
2587 2698 2634 2735 ab
2648 2699 2726 2746 epi-

1625 2758 1745 2805 scopis
1770 2756 1944 2794 dimissae
1975 2756 2153 2803 fuerunt,
2182 2768 2250 2794 cur
2273 2757 2347 2795 iam
2374 2758 2506 2799 Graeci
2537 2759 2726 2796 Romanos

1625 2816 1926 2864 reprehendunt?
1950 2816 2098 2853 Videsis
2125 2817 2262 2864 igitur,
2293 2816 2479 2865 quomodo
2510 2821 2726 2854 enumerata

1627 2875 1808 2912 hactenus
1824 2875 2046 2920 schismata,
2065 2886 2214 2913 causam
2231 2887 2251 2913 a
2274 2876 2409 2913 nostris
2429 2871 2642 2913 hominihus
2660 2875 2726 2913 ha·

1625 2933 1787 2971 buerint.
1815 2936 1909 2971 Nam
1935 2935 2090 2972 Photius
2113 2934 2200 2972 odio
2224 2941 2433 2976 commotus
2457 2935 2632 2973 adversus
2662 2945 2726 2983 pa-

1625 3004 1713 3042 pam
1737 2977 1933 3031 Nicolaum
1959 2999 2028 3032 etc.
2644 3011 2647 3014 ⁴

1699 3057 1756 3091 16.
1784 3054 1903 3091 Multo
1929 3053 2089 3102 denique
2113 3060 2221 3102 post,
2247 3061 2426 3103 regnante
2450 3055 2725 3100 Monomacho',

1626 3113 1696 3150 sub
1723 3113 2094 3161 constantinopoleos
2121 3115 2328 3162 patriarcha
2358 3115 2569 3161 Cerulario,
2595 3120 2638 3151 ut
2664 3113 2725 3151 hic

1626 3170 1675 3208 ad
1694 3171 1912 3209 Antiochiae
1936 3172 2141 3220 praesulem
2166 3173 2313 3218 scribit,
2340 3179 2451 3222 atque
2472 3173 2520 3210 ad
2543 3184 2629 3210 eum
2654 3174 2722 3210 Pe-

1623 3235 1724 3276 trus,
1741 3232 1925 3268 renovatis
1951 3230 2124 3270 adversus
2145 3232 2298 3269 Latinos
2312 3231 2656 3278 criminationibus,
2670 3242 2725 3269 se-

1624 3290 1765 3336 paravit
1790 3301 1828 3327 se
1853 3290 2264 3338 constantinopolitana
2282 3291 2456 3336 ecclesia,
2484 3296 2520 3328 et
2543 3300 2586 3328 ex
2610 3291 2727 3328 sacris

1624 3347 1811 3398 diptychis
1835 3350 1934 3397 Papa
1959 3348 2103 3387 deletus
2127 3349 2212 3387 fuit.

1507 3459 1671 3488 FINIS·

548 3549 586 3590 a)
611 3547 671 3583 Al·
700 3549 781 3586 cod·
809 3551 1062 3600 φρατριάρχην.
1087 3574 1135 3580 -
1160 3552 1194 3597 b)
1219 3531 1336 3590 codd.
1363 3553 1422 3601 μη’
1446 3555 1507 3590 48.
1532 3573 1581 3582 -—
1604 3556 1638 3598 c)
1662 3554 1723 3591 Al.
1751 3554 1834 3592 cod.
1860 3555 2089 3603 ἐγνώσθησαν
2128 3546 2239 3601 ’-.α’)
2263 3555 2324 3592 Al.
2351 3554 2432 3593 cod.
2461 3554 2652 3598 βλαπτικοί.

554 3652 601 3692 (1)
627 3650 778 3697 Sergius
802 3652 873 3699 hic>
890 3654 1088 3699 photianus
1113 3660 1201 3692 erat.
1230 3656 1325 3692 Tum
1351 3654 1397 3693 de
1421 3655 1492 3693 hoc
1516 3661 1552 3693 et
1576 3656 1622 3694 de
1649 3655 1896 3705 subsequente
1924 3657 2112 3696 Cerulario
2127 3685 2137 3703 ,
2163 3657 2305 3694 utiliter
2329 3655 2473 3704 legetur
2497 3657 2661 3706 Cuperus
2688 3657 2727 3694 in

456 3713 615 3744 tractatu
640 3708 685 3745 de
711 3710 929 3755 patriarchis
955 3713 1376 3762 constantinopolitanis.

553 3771 602 3812 (2)
627 3768 688 3804 Sic
713 3774 768 3804 est
793 3769 831 3804 in
856 3775 1014 3817 utroque
1039 3772 1164 3810 codice
1183 3775 1353 3812 vaticano
1377 3785 1443 3812 seu
1468 3774 1667 3841 allatiano‚
1693 3786 1761 3813 nec
1786 3786 1861 3813 non
1886 3776 2083 3824 parisiaco;
2120 3775 2278 3823 abrupta
2306 3774 2468 3822 idcirco,
2494 3781 2538 3813 ut
2561 3786 2645 3815 reor
2673 3774 2728 3813 111

457 3826 592 3871 storia,
619 3827 704 3873 quia
731 3828 923 3864 notissima
950 3835 1040 3866 erat.

552 3888 600 3929 (3)
626 3886 721 3923 Sunt
746 3886 813 3922 hac
838 3887 1014 3933 epistolae
1039 3889 1139 3936 apud
1163 3891 1387 3929 Cotelerium
1410 3894 1579 3931 Monum.
1607 3893 1695 3932 eccl.
1724 3904 1778 3941 gr.
1806 3895 1849 3931 T.
1876 3895 1925 3931 11.
1964 3907 1967 3909 ·

2928 1154 2936 1160 η
2927 848 2937 862 ’,
2917 681 2922 692 ”
2939 610 2941 613 Α

2940 947 2953 958 ‘-

2962 967 2970 1170 .r-.„-..-.--.v.s
2959 708 2970 951 „ht-.-mssum-..ss—..a-
2963 563 2970 699 Λ-Α-η,
2966 518 2970 541 ,..
2967 470 2970 499 .-
2967 431 2970 459 ,Α
2967 362 2970 390 .-.
2968 331 2970 333 .
2961 236 2970 316 ,ΗΜ-,Η
2966 181 2970 212 ..-
