2970 4420
459 290 587 320 xxxu
1372 294 1545 325 NICOLAI
1579 293 1805 325 ALEMANM

890 408 1061 441 PRIMAE
1091 409 1316 440 'I'ABELLAE
1348 410 1496 440 FACIES
1525 409 1774 439 CONTINENS·
1801 408 1980 440 MENSEM
2012 410 2288 443 IANUARIUM.

1428 512 1567 562 Imaqo
1596 513 1753 562 prima.
1975 530 1984 548 ι

576 580 776 634 Signum,
806 581 924 634 quod
954 581 997 622 in
1028 581 1112 623 hoc
1141 581 1386 623 kalendario
1417 581 1602 636 primum
1633 580 1844 635 occurrit,
1872 581 2244 637 hieroglyphicum
2277 582 2402 637 plane
2432 588 2510 626 est.
2545 585 2729 629 Orbicu-

458 651 557 692 laris
582 651 792 705 circulus,
819 664 979 694 corona
1007 652 1200 705 videtur3
1227 651 1433 706 siquidem
1464 651 1570 694 illud
1598 653 1817 694 nominare
1844 652 1953 693 bene
1977 665 2063 694 non
2092 654 2339 707 pos'sumus,
2366 654 2445 696 nisi
2473 656 2591 710 prius
2619 658 2727 712 quid'

456 735 572 777 prae,
598 735 642 764 se
680 722 814 776 ferat,
849 724 1149 778 intelligamus,
1183 725 1295 776 Ergo
1332 722 1524 765 kalendis
1559 723 1756 764 ianuariis
1789 723 1943 765 festum
1984 722 2094 764 diem
2135 724 2316 766 maiores
2351 730 2553 779 egerunt,
2596 739 2727 782 quem-

457 793 587 836 modo
620 795 950 834 circumcisionem
982 796 1163 844 Domini,
1199 792 1328 834 modo
1360 799 1535 834 octavam
1569 795 1728 834 Domini
1759 795 1833 845 (ut
1871 796 1934 834 est
1966 793 2010 835 in
2047 794 2234 848 antiquis
2269 796 2606 851 martyrologiis,
2643 797 2725 840 ka-

455 864 653 908 lendariis
667 895 678 917 ,
701 869 743 906 et
767 863 915 906 ordine
937 866 1140 915 romano)
1166 868 1437 905 vocaverunt.
1472 865 1705 919 Utramque
1730 863 1828 905 festi
1851 857 2232 922 nomenclaturam,
2257 865 2292 906 si
2313 866 2721 920 animadvertamus,

453 934 560 978 illud
595 936 760 988 signum
799 936 992 989 apposite
1031 934 1230 976 denotat:
1265 946 1361 975 nam
1402 934 1446 976 in
1481 934 1634 977 divinis
1669 935 1847 986 litteris,
1883 947 1978 976 cum
2015 934 2068 976 de
2103 936 2420 979 circumcisione
2454 950 2591 980 sermo
2630 943 2717 991 est,

453 1005 684 1047 identidem
715 1017 799 1046 vox
830 1005 900 1047 illa
928 1006 1185 1058 praeputium
1216 1008 1470 1059 usurpatur,
1496 1005 1615 1060 quod
1641 1009 1915 1060 praeputare,
1941 1004 1988 1047 id
2015 1009 2078 1047 est
2106 1005 2346 1060 praecidere
2374 1008 2461 1050 suis
2488 1008 2723 1052 infantibus

454 1075 632 1118 Hebraei
654 1075 926 1118 iubebantur.
961 1075 1100 1127 Quare
1128 1087 1213 1116 non
1244 1075 1384 1117 alieno
1413 1075 1488 1117 sed
1517 1088 1634 1118 sacro
1658 1077 1784 1130 plane
1812 1076 2009 1131 symbolo
2026 1107 2037 1129 ,
2060 1081 2101 1118 et
2131 1089 2180 1117 ex
2206 1076 2338 1119 verbo
2363 1078 2442 1120 Dei
2466 1078 2717 1135 desumpto,

452 1149 593 1202 pictor
622 1148 666 1189 in
695 1148 774 1188 hac
801 1146 953 1188 tabella
979 1147 1341 1189 circumcisionem
1371 1148 1543 1189 Domini
1575 1147 1838 1202 designasse,
1865 1149 2018 1191 merito
2047 1146 2181 1189 videri
2212 1152 2380 1202 potest,
2405 1161 2491 1192 non
2521 1162 2640 1193 secus
2669 1164 2719 1193 ac

451 1219 616 1262 romani
649 1218 810 1260 ordinis
842 1222 1014 1270 auctor,
1050 1218 1125 1272 qui
1158 1230 1249 1260 rem
1283 1218 1471 1261 eamdem
1506 1218 1645 1261 verbis
1673 1219 1890 1273 explicuit.
1924 1221 2034 1260 Haec
2073 1220 2219 1260 Christi
2254 1221 2515 1273 circumcisio,
2551 1221 2714 1277 inquit,

450 1291 555 1330 nihil
581 1291 697 1330 aliud
725 1295 783 1330 cst
809 1290 886 1330 nisi
919 1290 1082 1329 abscisio
1112 1292 1155 1329 in
1184 1302 1302 1330 carne
1329 1291 1554 1343 praeputii.
1591 1289 1717 1342 Quod
1749 1290 1850 1331 item
1877 1290 2016 1343 graeci
2048 1293 2190 1344 patres
2213 1289 2388 1331 innuere
2417 1291 2591 1344 volunt,
2618 1304 2715 1336 cum

450 1374 537 1403 non
561 1361 751 1404 absolute
776 1361 929 1403 Christi
961 1367 1090 1412 mpu-
1077 1346 1167 1411 μὴν
1198 1362 1547 1413 circumcisionem,
1576 1360 1650 1402 sed
1679 1369 1787 1397 κατα
1811 1345 1941 1413 σοῖρκα
1972 1361 2185 1401 secundum
2212 1374 2367 1402 carnem
2392 1362 2604 1417 appellare
2625 1375 2714 1406 eam

455 1433 772 1485 consueverint,
807 1436 848 1473 et
878 1431 990 1474 Beda
1015 1432 1060 1473 in
1092 1432 1302 1474 carmine.

1008 1504 1126 1553 Quod
1152 1508 1301 1544 veteres
1330 1505 1486 1545 coluere
1514 1508 1670 1556 patres,
1701 1504 1959 1555 umbramque
1981 1502 2145 1555 futuri,

1003 1576 1204 1627 Exposuit
1231 1579 1365 1615 sancta
1397 1575 1545 1615 Christi
1575 1575 1624 1614 dc
1653 1564 1808 1625 virqinc
1837 1576 1923 1613 nati

1005 1647 1245 1686 circumcisa
1275 1657 1388 1697 caro,
1421 1646 1502 1685 iam
1531 1649 1661 1685 sacrat
1691 1658 1775 1686 cccc
1805 1645 2008 1686 kalendas.

447 1715 814 1768 Quemadmodum
842 1728 944 1758 vero
978 1716 1021 1758 hi
1052 1728 1183 1768 voce,
1211 1716 1272 1757 s-ic
1299 1717 1442 1770 pictor
1471 1716 1593 1770 signo
1626 1716 1916 1770 praeputium,
1945 1714 2064 1769 quod
2093 1715 2220 1757 huius
2250 1720 2312 1758 est
2340 1715 2437 1758 festi
2463 1718 2711 1772 mysterium

446 1791 753 1841 expresserunt.
788 1787 935 1828 Altera
963 1785 1150 1828 eiusdem
1182 1785 1279 1827 festi
1310 1785 1620 1838 denominatio,
1647 1798 1756 1840 quae
1783 1790 1846 1828 est
1875 1791 2011 1827 octava
2036 1788 2213 1838 Domini,
2240 1799 2327 1829 non
2355 1788 2492 1830 minus
2518 1794 2612 1845 apte
2638 1802 2710 1832 ea-

447 1857 543 1899 dem
571 1857 641 1899 illa
675 1857 906 1899 orbiculari
937 1856 1074 1911 figura
1106 1856 1393 1910 significatur,
1427 1869 1524 1898 nam
1557 1869 1653 1899 cum
1685 1861 1846 1911 septem
1876 1860 2040 1899 tantum
2074 1857 2235 1899 dierum
2263 1858 2504 1901 nominibus
2537 1861 2712 1903 univer-

444 1941 533 1970 sam
559 1930 762 1983 temporis
794 1929 1065 1971 durationem
1093 1928 1349 1981 distinguere
1376 1940 1425 1970 ac
1455 1940 1675 1970 numerare
1703 1928 1932 1981 soleamuS,
1959 1932 2109 1970 octava
2137 1928 2206 1970 illa
2232 1930 2436 1983 temporis
2460 1943 2576 1985 pars,
2603 1944 2709 1987 quae

443 1999 662 2054 septimam
692 1999 806 2041 diem
840 1999 1140 2053 consequitur,
1172 1999 1435 2040 innominata
1467 2011 1642 2053 prorsus
1675 1998 1834 2051 abiret,
1869 1999 1948 2040 nisi
1978 2011 2147 2040 rursum
2179 1998 2336 2041 rediret
2365 2000 2410 2042 in
2438 2000 2585 2043 orbem
2617 2004 2707 2057 pri-

441 2082 617 2125 maeque
644 2071 777 2126 partis
800 2083 874 2112 seu
901 2070 1009 2122 diei,
1034 2083 1058 2111 a
1079 2069 1453 2124 quanumerando
1486 2070 1570 2111 orsi
1601 2082 1770 2123 sumus,
1799 2082 1954 2112 nomen
1982 2074 2267 2124 mutuaretur;
2295 2083 2427 2125 quare
2453 2085 2549 2115 cum
2571 2079 2709 2116 octava

443 2140 531 2183 dies
556 2143 633 2194 sit,
659 2154 768 2196 quae
788 2140 1046 2183 recurrentis
1066 2141 1272 2194 temporis
1295 2139 1443 2182 orbem
1463 2140 1620 2183 claudit
1634 2173 1645 2195 ,
1671 2140 1897 2183 commodo
1921 2153 2018 2182 cum
2038 2142 2186 2195 primis
2207 2142 2404 2197 symbolo
2427 2142 2538 2185 diem
2560 2149 2703 2199 notat,

442 2224 569 2266 quem
593 2214 796 2267 temporis
820 2212 1023 2254 circulum
1054 2223 1258 2253 coronam
1288 2210 1424 2253 David
1446 2223 1600 2253 vocare
1628 2212 1762 2264 solet3
1790 2224 1950 2254 corona
1974 2224 2075 2254 vero
2104 2214 2203 2254 anni
2224 2214 2360 2255 maior
2385 2214 2591 2269 quaedam
2614 2220 2701 2270 est,

442 2295 547 2338 quae
579 2296 640 2330 ex
655 2283 923 2325 brevioribus
954 2283 1067 2324 hisce
1097 2287 1344 2324 octavarum
1372 2282 1545 2324 corollis
1577 2283 1856 2325 connectitur
1892 2284 1986 2324 Hoc
2010 2283 2078 2325 alii
2108 2287 2250 2358 patres
2280 2284 2334 2326 ad
2364 2285 2478 2328 aliud
2506 2288 2704 2341 proposi-

439 2358 531 2396 tum
551 2355 804 2407 retulerunt,
831 2354 1110 2395 Damascenus
1132 2353 1187 2395 ad
1208 2357 1472 2431 praesentem
1497 2365 1588 2395 rem
1609 2354 1667 2394 sic
1689 2353 2047 2395 accommodavit.
2077 2363 2149 2392 την
2175 2346 2244 2391 τοῦ
2266 2341 2481 2405 μέλλοντες
2505 2344 2703 2397 ἅλληκτευ

396 2422 402 2427 ’
442 2410 540 2467 ζωην
571 2435 596 2460 τ)
628 2410 743 2477 573⁵
722 2435 769 2466 ας
802 2409 1041 2471 ἕξεικθνιζει,
1071 2413 1108 2459 ἐν
1140 2407 1168 2476 ᾖ
1198 2414 1218 2458 0‘
1253 2409 1448 2466 δεσποτης
1482 2410 1727 2477 περιετμηθη
1754 2410 1947 2477 Χριστός-
1980 2426 2277 2466 Interminatam
2297 2426 2434 2478 futuri
2462 2430 2612 2469 sacculi
2639 2432 2703 2470 vi-

439 2500 519 2535 tam
549 2500 683 2536 octava
712 2497 785 2536 illa
816 2499 1102 2547 repraesentat,
1140 2507 1183 2534 in
1214 2507 1293 2547 qua
1326 2494 1505 2535 Christus
1533 2495 1712 2535 dominns
1746 2498 1994 2536 circumcisus
2028 2501 2098 2536 est.
2132 2497 2284 2538 Utrum
2314 2509 2415 2539 vero
2446 2497 2572 2540 huius
2604 2498 2701 2540 festi

439 2577 618 2618 nomen,
652 2570 869 2618 naturam,
904 2570 946 2609 et
978 2567 1174 2617 titulum,
1210 2564 1407 2607 orbiculo
1440 2565 1513 2606 illo
1544 2566 1678 2619 magis
1715 2565 1948 2620 exprimere
1977 2566 2116 2621 pictor
2148 2566 2354 2621 voluerit,
2389 2568 2580 2611 divinent
2612 2570 2698 2612 alii.

438 2637 742 2691 Antiquitatem
775 2637 870 2679 festi
893 2637 1226 2679 circumcisionis
1257 2648 1308 2677 ex
1336 2635 1420 2677 hoc
1447 2635 1545 2677 loco
1575 2646 1832 2689 cognoscere
1858 2637 2003 2678 Isaaco
2037 2636 2283 2680 Casaubono
2308 2638 2455 2692 liceat,
2479 2640 2554 2694 qui
2580 2652 2700 2682 exer-
2763 2656 2773 2661 ·

437 2708 511 2749 cit.
540 2709 583 2750 2.
607 2709 651 2750 in
677 2711 775 2750 Bar.
802 2721 897 2764 cap.
925 2710 968 2751 9.
996 2714 1156 2752 certum
1188 2721 1277 2751 esse
1298 2707 1588 2750 affirmat-non
1617 2711 1712 2749 ante
1738 2707 1869 2749 multa
1896 2707 2062 2749 saecula
2082 2708 2338 2750 mentionem
2365 2709 2476 2752 illius
2503 2715 2699 2765 coeptam

435 2776 552 2831 fieri3
579 2792 669 2819 nam
692 2783 761 2832 qui
782 2785 871 2821 anic
894 2781 983 2831 lios,
1013 2780 1095 2832 ait,
1121 2783 1352 2833 quinqenios
1374 2792 1516 2830 annos,
1545 2778 1668 2830 festos
1698 2782 1791 2819 anni
1814 2781 1930 2819 totius
1955 2780 2039 2819 dies
2059 2779 2349 2831 descripserunt
2357 2811 2369 2831 ,
2400 2783 2700 2823 circumcisionis

435 2862 513 2890 non
542 2853 816 2892 meminerunt.
851 2853 914 2892 En
942 2851 1056 2893 illam
1080 2852 1125 2893 in
1148 2850 1395 2892 kalendario
1426 2850 1553 2902 longe
1579 2854 1675 2891 ante
1706 2861 1839 2891 annos
1869 2850 2125 2903 quingentos
2148 2849 2391 2904 vdescripto;
2416 2850 2515 2893 lieet
2541 2863 2591 2893 ex
2620 2865 2696 2895 va-

432 2922 569 2963 ticana
592 2921 849 2981 bibliotheca
873 2922 1058 2964 eiusdem
1087 2927 1128 2964 et
1156 2922 1387 2976 superioris
1415 2920 1563 2963 aetatis
1590 2916 1783 2975 proferre
1812 2932 2028 2975 possemus
2050 2920 2382 2962 beneventanum
2409 2933 2528 2964 num.
2554 2923 2693 2976 4928,

431 2992 782 3046 longobardicum
810 3006 928 3035 num.
958 2994 1089 3036 5949.
1123 2997 1164 3035 et
1189 2994 1283 3035 alia.
1320 2993 1429 3035 Ante
1462 2993 1768 3046 septingentOS,
1799 2992 1833 3033 si
1859 2991 2048 3046 quaeris,
2075 2995 2137 3033 est
2157 2991 2262 3033 illud
2283 2992 2422 3034 Basilii
2448 2991 2695 3047 porphyro-

433 3065 625 3115 genneti,
654 3064 697 3105 in
727 3076 813 3118 quo
845 3066 904 3106 sic
931 3065 1062 3106 hahet
1090 3065 1216 3106 huius
1247 3064 1328 3106 diei
1363 3063 1535 3106 titulus:
1571 3053 1596 3102 vi
1629 3048 1848 3112 ἀνάμνησις
1873 3054 1943 3104 τῆς
1972 3047 2095 3114 ἁγίας
2128 3054 2340 3113 περιτομῆς
2369 3052 2437 3098 τοῧ
2464 3048 2596 3116 κυρίου
2626 3048 2696 3098 καὶ

431 3118 532 3169 58⁹3
560 3121 626 3170 καὶ
662 3126 829 3188 σωτῆρος
861 3126 968 3186 ἡμῶν
997 3124 1129 3174 Ἰησοῦ
1161 3129 1347 3187 Χριστοῦ.
1384 3138 1576 3177 Memoria
1606 3139 1761 3175 sanctae
1791 3136 2094 3174 circumcisionis
2122 3135 2332 3174 dominici
2353 3135 2428 3173 Dei
2456 3135 2587 3174 nostri
2600 3135 2696 3174 Iesu

435 3204 595 3245 Christi.
622 3207 729 3246 Anto
753 3207 1021 3260 octingentos
1044 3207 1330 3248 Damascenus
1351 3206 1540 3248 eiusdem
1562 3205 1799 3247 festivitatis
1820 3206 2000 3258 cantica,
2027 3217 2132 3258 quae
2166 3190 2356 3257 τροποῖρια
2386 3208 2562 3255 vocant,
2589 3216 2691 3246 con-

433 3273 633 3321 cinnavit.
670 3277 774 3317 Ante
805 3277 918 3319 mille
943 3289 1075 3318 annos
1097 3277 1323 3331 Gregorius
1352 3288 1527 3330 magnus
1551 3288 1640 3317 eam
1665 3288 1688 3317 a
1714 3275 1943 3316 maioribus
1970 3274 2272 3328 praefationem
2302 3278 2547 3328 acceperat,
2576 3271 2691 3315 cuius

434 3342 640 3395 (Christi)
673 3346 786 3386 hodie
824 3349 1126 3388 circumcisionis
1160 3349 1284 3399 diem,
1322 3353 1360 3388 ct
1388 3349 1606 3389 nativitatis
1640 3351 1814 3386 octavam
1850 3346 2104 3386 celebramus.
2139 3343 2206 3385 Ad
2237 3344 2491 3398 quingentos
2527 3356 2685 3396 annOS,

432 3413 619 3468 quinque
650 3415 822 3469 insuper
852 3417 954 3459 alias
989 3422 1145 3459 aetates
1182 3419 1413 3459 numeravi.
1449 3416 1635 3460 Proinde
1668 3416 1926 3470 antiquiores
1956 3418 2096 3469 patres
2128 3415 2311 3455 Leonem
2347 3426 2570 3469 magnum,
2604 3415 2687 3457 Pe—

430 3489 542 3526 trum
575 3485 899 3540 chrysologum,
933 3489 1159 3531 Maximum
1183 3490 1494 3540 taurinensem,
1519 3488 1747 3530 Iohannem
1776 3486 2139 3540 chrysostomum,
2165 3495 2347 3538 quorum
2377 3484 2429 3526 de
2456 3483 2536 3535 hac
2565 3484 2684 3527 festi-

430 3556 558 3596 vitate
587 3568 800 3598 sermones
833 3563 999 3610 extant,
1034 3561 1250 3601 nominare
1284 3559 1555 3614 supersedeo.
1591 3558 1728 3610 Quare
1759 3556 1863 3598 nihil
1896 3557 2088 3607 interest,
2123 3556 2155 3596 si
2185 3556 2226 3596 in
2258 3556 2440 3610 antiquis
2471 3555 2694 3597 nonnullis

429 3625 547 3667 libris
584 3626 835 3679 ritualibus,
870 3628 986 3681 quod
1024 3630 1204 3682 ingenue
1241 3630 1401 3683 fatetur
1436 3629 1665 3680 Baronius,
1707 3627 1794 3669 dies
1827 3625 2101 3668 kalendarum
2137 3624 2415 3667 ianuariarum
2453 3625 2681 3679 simplicem

431 3708 532 3750 prae
563 3708 606 3738 se
638 3697 719 3738 fert
746 3697 941 3749 titulum,
969 3702 1141 3740 octavae
1172 3700 1426 3742 nativitatis:
1463 3712 1561 3741 nam
1590 3711 1685 3740 cum
1707 3696 1867 3752 aliquid
1899 3696 2091 3751 pluribus
2119 3707 2271 3737 vocare
2301 3695 2541 3737 nominibus
2568 3695 2682 3738 sole-

429 3779 546 3821 mus,
574 3768 707 3809 altero
733 3772 962 3823 usurpato,
986 3768 1079 3817 tolgli
1101 3770 1169 3810 vel
1194 3771 1356 3825 negari,
1381 3771 1558 3812 alterum
1582 3782 1669 3811 non
1692 3772 1806 3810 recte
1828 3767 1993 3809 dixeris.
2029 3767 2279 3808 Graecorum
2306 3765 2502 3819 ecclesia,
2527 3765 2572 3808 in
2598 3778 2684 3821 qua

428 3838 824 3892 antiquissimus-est
857 3839 924 3892 hic
956 3838 1043 3885 dies
1076 3838 1228 3893 festus,
1261 3840 1392 3882 altero
1422 3844 1587 3882 tantum
1613 3841 1915 3880 circumcisionis
1946 3827 2150 3891 περιτομῆς
2182 3835 2393 3878 vocabulo
2423 3848 2518 3878 eum
2546 3837 2687 3879 nomi-—
