2970 4420
1192 265 1248 296 mz
1281 262 1543 296 runonoms,
2411 253 2501 299 103

241 345 538 405 ἐκκλησίαις
570 365 699 401 αυτη
727 342 754 398 ἦ
784 338 1072 414 παράδοσις
1111 337 1290 399 ἐδόθη·
1328 363 1476 403 ουτος
1509 337 1599 413 μὲν
1635 361 1721 393 ουν
1759 338 1784 391 ὁ
1821 338 1929 412 περὶ
1968 338 2065 394 τῶν
2098 339 2385 406 αντιφαῖνων
2423 341 2512 398 ὕα-

240 446 331 478 νων
359 419 527 492 λόγος
564 419 712 474 ἕστιᾎν
747 427 924 475 Ariani
955 440 1101 475 extra
1132 428 1296 474 urbem
1323 439 1573 474 conventus
1595 425 1823 490 agebant.
1860 426 2034 488 Itaque
2058 442 2164 471 cum
2189 428 2328 488 festa
2353 447 2511 476 cuius-

239 525 330 572 que
364 506 691 553 hebdomadae
717 504 1053 556 occurrebant,
1083 491 1299 552 videlicet
1319 504 1575 551 sabbatum
1606 514 1651 548 et
1675 501 1776 548 dies
1801 501 2092 553 domi'',nzcus
2124 502 2173 548 in
2199 504 2368 565 quibus
2400 523 2510 552 con-

190 597 193 599 ’
243 595 407 631 ventus
432 583 482 629 in
509 581 716 629 ecclesiis
732 581 858 643 fieri
882 582 1053 632 solent,
1084 580 1161 627 illi
1183 580 1312 626 intra
1334 591 1502 644 portas
1526 579 1736 626 civitatis
1759 578 1890 624 circa
1911 578 2130 642 porticus
2156 596 2206 625 ιη
2231 597 2378 625 unum
2403 599 2513 628 con-

241 660 462 724 gregati,
491 671 662 705 cantus
686 669 797 722 apte
829 657 1045 722 opinioni
1068 656 1274 704 arianae
1307 657 1658 720 respondentes,
1687 671 1803 719 quos
1829 655 1923 719 ipsi
1946 654 2336 719 composuerant,
2367 659 2513 704 alter-

243 738 400 783 natim
425 736 689 782 canebant:
717 735 858 798 idque
886 751 974 798 per
997 734 1229 780 maiorem
1257 733 1409 780 noctis
1436 745 1627 797 partem
1647 732 1925 795 faciebant.
1962 730 2127 778 Primo
2152 733 2361 779 diluculo
2394 735 2513 780 tales

241 814 511 861 cantilenas
535 812 735 859 alternis
760 828 852 875 per
874 811 1084 858 mediam
1109 810 1274 857 urbem
1299 810 1576 862 recitantes,
1605 827 1630 855 e
1651 803 1806 874 portis
1829 808 2218 873 egrediebantur,
2248 821 2293 855 et
2319 809 2387 855 ad
2409 811 2514 860 loca

239 891 328 938 ubi
350 891 624 955 agebantur
656 901 907 936 conventus
939 887 1300 935 contendebant.
1338 889 1506 935 Verum
1539 887 1657 951 quia
1690 887 1913 934 adversus
1930 885 2063 948 fidei
2094 886 2514 933 consubstantialis

227 971 458 1032 fautores
491 967 635 1015 verba
667 966 1008 1013 contumeliosa
1026 1002 1039 1017 ,
1077 964 1248 1029 quibus
1281 981 1443 1013 eorum
1477 965 1664 1011 animos
1699 965 1976 1015 irritarent,
2016 963 2173 1010 dicere
2204 981 2299 1010 non
2333 964 2513 1010 desine-

241 1047 384 1099 bant,
422 1062 540 1093 nam
573 1062 714 1110 saepe
746 1045 873 1109 hanc
905 1043 1049 1108 quasi
1079 1043 1372 1091 cantilenam
1407 1044 1457 1090 in
1491 1061 1567 1090 eos
1601 1044 1839 1090 cecinere:
1877 1043 1961 1090 ubi
1992 1054 2103 1090 sunt
2137 1042 2222 1094 hi,
2261 1044 2378 1106 quia
2412 1043 2512 1089 tria

238 1139 392 1170 unam
417 1123 583 1170 dicunt
614 1139 711 1170 esse
726 1122 1026 1187 potentiam?
1054 1120 1293 1168 Iohannes
1319 1121 1494 1168 veritus
1517 1139 1575 1167 ne
1598 1121 1776 1184 aliquis
1799 1138 1862 1166 ex
1884 1119 2255 1184 simplicioribus
2280 1120 2514 1166 eiusmodi

239 1200 463 1248 cantibus
497 1200 560 1247 ab
594 1199 791 1246 ecclesia
824 1199 1162 1249 abduceretur,
1192 1198 1425 1261 quosdam
1459 1215 1484 1243 e
1516 1215 1601 1244 suo
1629 1199 1806 1263 populo
1841 1197 1937 1245 illis
1970 1197 2258 1262 opposendos
2291 1198 2479 1245 curavit
2495 1236 2505 1249 ,

239 1277 330 1341 qui
359 1277 605 1324 nocturnis
634 1275 826 1341 hymnis
850 1274 1166 1322 decantandis
1198 1274 1423 1320 similiter
1447 1287 1639 1338 operam
1671 1275 1866 1326 darent,
1896 1275 2278 1338 Arianorumque
2303 1273 2354 1320 in
2378 1291 2436 1321 ea
2461 1291 2511 1320 re

239 1354 454 1400 studium
488 1371 542 1400 eo
570 1366 718 1420 paeto
751 1353 1081 1418 reprimerent,
1121 1349 1321 1414 denique
1352 1368 1461 1397 suos
1496 1351 1546 1397 in
1581 1351 1791 1416 ipsorum
1819 1352 1923 1413 side
1955 1352 2217 1398 admodum
2250 1352 2510 1406 confirma-

241 1443 362 1479 rent.
399 1434 462 1478 At
494 1431 713 1494 quamvis
745 1430 834 1477 hoc
856 1428 1090 1476 Iohannis
1114 1428 1388 1475 institutum
1413 1429 1551 1476 valde
1574 1429 1874 1475 commodum
1905 1429 2161 1481 videretur,
2191 1442 2353 1475 tamen
2380 1429 2510 1476 illius

240 1518 430 1552 eventus
462 1507 840 1568 tumultusatque
870 1504 1020 1551 etiam
1047 1504 1262 1569 periculo
1293 1521 1390 1551 non
1423 1506 1600 1552 caruit.
1637 1507 1766 1552 Nam
1801 1506 1885 1551 ubi
1916 1505 2086 1570 hymni
2117 1506 2168 1552 in
2201 1506 2510 1553 consubstan-

241 1583 378 1629 tialis
410 1583 603 1630 laudem
634 1582 902 1633 decantati,
926 1594 1125 1647 propter
1147 1594 1424 1628 concentum
1448 1582 1584 1628 illum
1611 1594 1896 1629 nocturnum
1928 1585 2079 1630 multo
2108 1585 2218 1647 plus
2251 1583 2510 1647 dignitatis

239 1673 352 1708 sunt
384 1660 640 1711 consecuti,
669 1671 809 1707 erant
841 1659 968 1706 enim
1001 1675 1161 1706 cruces
1193 1671 1453 1724 argenteae
1485 1660 1814 1724 excogitatae,
1842 1660 2012 1723 quibus
2045 1661 2169 1708 cerei
2201 1660 2508 1723 imponeban-

240 1750 345 1790 tur,
375 1738 609 1784 Eudoxia
642 1749 854 1802 augusta
886 1747 1129 1801 sumptum
1161 1736 1231 1782 ad
1263 1737 1317 1782 id
1347 1730 1703 1801 suppeditante,
1737 1737 1882 1783 turba
1915 1737 2206 1784 Arianorum
2227 1740 2432 1788 ⁶coacta,
2462 1748 2508 1782 et

240 1815 580 1862 aemulationis
603 1815 778 1862 ardore
812 1815 1027 1866 incensa,
1053 1831 1102 1861 se
1134 1814 1324 1867 ulcisci,
1352 1826 1397 1860 et
1421 1832 1530 1861 cum
1554 1814 1844 1862 adversariis
1868 1815 2125 1878 confligere
2159 1814 2383 1861 instituit.
2421 1816 2507 1860 Et-

237 1891 366 1938 enim
391 1891 677 1956 principatu
702 1892 808 1943 illo,
838 1908 983 1955 quem,
1002 1891 1290 1955 iampridem
1324 1891 1630 1938 obtinuerant
1666 1883 1808 1943 elati,
1840 1904 1979 1938 erant
2011 1892 2079 1937 ad
2098 1907 2321 1956 pugnam
2357 1892 2506 1937 multo

239 1968 558 2019 ardentiores,
588 1968 948 2032 defensoresque
963 1968 1097 2030 fidei
1122 1967 1544 2015 consubstantialis
1561 1985 1759 2033 prorsus
1781 1969 2156 2015 contemnebant.
2191 1969 2349 2024 Quare
2370 1969 2507 2014 nulla

239 2045 521 2109 interposita
557 2060 720 2096 mora,
755 2057 890 2107 nocte
921 2045 1137 2108 quadam
1170 2046 1429 2091 tumultum
1449 2046 1671 2107 faciunt.
1709 2045 1848 2092 Briso
1883 2045 2202 2108 imperatricis
2236 2043 2499 2094 eunuchus,

238 2121 325 2185 qui
348 2134 518 2186 partes
549 2121 824 2168 canentium
852 2121 1053 2186 hymnos
1083 2122 1153 2168 ad
1181 2123 1632 2169 commendatiorem
1656 2122 1782 2184 fidei
1813 2122 2232 2168 consubstantialis
2257 2121 2499 2170 tuebatur,

238 2199 401 2263 lapide
432 2199 482 2245 in
503 2199 676 2262 fronte
703 2211 989 2264 percutitur.
1026 2199 1322 2246 Interierunt
1344 2212 1494 2246 etiam
1528 2200 1774 2263 utriusque
1799 2199 1963 2263 partis
1986 2199 2207 2246 nonnulli
2228 2198 2286 2244 de
2306 2198 2501 2282 populo.

239 2276 420 2332 Quibus
443 2276 581 2323 rebus
606 2276 868 2340 imperator
889 2276 1150 2322 admodum
1172 2288 1455 2328 commotus,
1488 2276 1685 2323 4ri''anis
1710 2276 1992 2328 iQnterdloezc
2020 2294 2079 2322 ne
2111 2275 2312 2340 hymnos
2346 2274 2397 2319 in
2413 2290 2506 2338 pu-

238 2353 360 2400 blico
392 2366 662 2400 cantarent.
694 2357 847 2418 Atque
867 2352 988 2401 haec
1010 2354 1202 2418 quidem
1227 2354 1315 2401 hoe
1338 2355 1477 2401 modo
1500 2367 1636 2419 gesta
1660 2367 1786 2402 sunt.
1821 2357 1933 2402 Iam
1957 2372 2061 2403 vero
2086 2355 2306 2400 dicamus
2329 2352 2498 2403 etiam,

238 2431 364 2477 unde
396 2432 685 2486 consuetudo
709 2431 1018 2495 hymnorum,
1048 2432 1135 2495 qui
1167 2433 1215 2478 in
1248 2433 1446 2479 ecelesia
1477 2433 1676 2479 alternis
1706 2433 2051 2498 decantantur,
2083 2432 2277 2478 initium
2310 2429 2500 2494 ceperit.

238 2507 465 2572 [gnatius
492 2507 798 2560 Antiochiae,
827 2526 951 2572 quae
976 2522 1045 2556 est
1069 2509 1119 2556 in
1141 2509 1315 2574 Syria,
1341 2510 1510 2556 tertius
1538 2526 1571 2556 a
1594 2512 1736 2556 Petro
1761 2511 1972 2575 apostolo
1995 2510 2261 2574 episcopus,
2289 2508 2375 2571 qui
2396 2524 2505 2553 cum

239 2586 466 2648 apostolis
499 2585 615 2649 ipsis
647 2587 853 2632 multum
884 2599 1095 2634 versatus
1127 2599 1219 2638 est,
1251 2587 1476 2634 visionem
1502 2587 1622 2634 vidit
1654 2590 1935 2652 angelorum
1966 2601 2186 2635 sanctam
2221 2586 2504 2633 Trinitatem

239 2660 430 2724 hymnis
463 2663 653 2707 alterna
693 2662 791 2709 vice
823 2663 1093 2710 decantatis
1132 2664 1541 2715 collaudantium,
1577 2676 1622 2710 et
1646 2665 1870 2727 sormam
1906 2665 2113 2711 canendi
2147 2664 2197 2710 in
2236 2679 2292 2708 ea
2330 2661 2504 2708 visione

238 2753 517 2801 expressam
539 2739 764 2802 ecclesiae
784 2740 1097 2786 antiochenae
1120 2741 1345 2787 tradidit.
1383 2742 1513 2787 Unde
1538 2742 1625 2787 illa
1649 2742 1853 2788 traditio
1878 2742 1928 2787 in
1954 2741 2171 2787 omnibus
2198 2737 2404 2785 ecclesiis
2430 2753 2503 2782 re-

237 2825 376 2877 cepta
398 2826 483 2860 est.
520 2816 585 2860 Et
608 2814 666 2860 de
689 2814 882 2878 hymnis
916 2817 1134 2862 alternae
1166 2817 1264 2864 vice
1298 2817 1510 2864 cantatis
1541 2818 1634 2864 ista
1664 2817 1909 2865 hactenus.
1947 2821 2052 2865 Non
2085 2818 2172 2864 alia
2208 2822 2396 2862 narrant
2419 2815 2503 2859 So-

237 2906 458 2937 zomenus
487 2890 572 2937 lib.
601 2893 721 2938 Vlll.
749 2908 852 2954 cap.
883 2894 939 2946 8,
969 2909 1023 2940 ac
1054 2894 1346 2956 Nicephorus
1366 2893 1451 2940 lib.
1478 2896 1600 2940 XIII.
1628 2911 1731 2957 cap.
1761 2897 1808 2942 8.
1817 2875 1819 2889 ,
1845 2897 1902 2942 Et
1927 2911 1987 2941 ne
2013 2895 2139 2941 dicas
2163 2903 2263 2940 tum
2297 2892 2501 2954 primum

237 2968 506 3014 huiusmodi
539 2968 765 3030 hymnos,
804 2985 901 3016 non
934 2978 1089 3023 antea,
1120 2971 1168 3016 in
1202 2971 1394 3017 ecclesia
1426 2973 1708 3059 excogitatos
1747 2972 1917 3026 fuisse,
1953 2971 2268 3017 animadverte
2305 2967 2503 3014 Socratis

237 3042 383 3090 verba
417 3046 565 3107 capite
601 3048 841 3132 superiore
878 3046 959 3109 (id
993 3055 1062 3093 est
1095 3046 1179 3093 lib.
1207 3049 1283 3094 VI.
1318 3050 1366 3094 7.
1404 3018 1522 3111 fin.)
1559 3037 1747 3110 ηὔξησε
1787 3036 1840 3091 δὲ
1877 3061 2088 3111 ωρωτος
2124 3036 2207 3090 καὶ
2247 3034 2337 3096 τὰς
2371 3057 2495 3108 «περι

234 3107 355 3173 τούς
393 3112 705 3186 νυκτερινοῦς
742 3110 925 3184 ὕμνους
962 3112 1150 3183 εὐχὰς,
1184 3113 1244 3186 ἐξ
1278 3119 1448 3176 αἰτίας
1480 3113 1703 3181 τοιάσδε.
1740 3125 1932 3172 Primus
1965 3124 2114 3170 etiam
2149 3123 2280 3186 (loh.
2310 3121 2500 3183 chrys.)

231 3198 558 3264 precationes
585 3216 709 3262 quae
734 3199 785 3245 in
809 3200 1053 3246 nocturnis
1076 3199 1269 3264 hymnis
1282 3201 1409 3262 fieri
1429 3203 1577 3263 solent
1600 3201 1939 3266 amplificavit,
1971 3200 2063 3247 tali
2086 3216 2234 3246 causa
2261 3199 2498 3265 inductus.

194 3302 204 3311 -
236 3275 596 3338 Amplificantur
630 3292 683 3323 ea
714 3293 834 3339 quae
863 3294 949 3324 usu
980 3286 1164 3340 recepta
1197 3287 1326 3324 sunt:
1354 3295 1472 3340 quae
1504 3288 1657 3326 autem
1689 3281 1842 3341 primo
1872 3267 2214 3341 excogitantur,
2245 3293 2353 3324 cum
2382 3291 2503 3322 non-

235 3354 351 3400 dum
382 3355 527 3401 ullam
561 3357 630 3402 sui
667 3355 1010 3403 subsistentiam
1046 3356 1272 3409 habeant,
1302 3357 1574 3419 amplificari
1606 3373 1703 3404 non
1734 3365 1944 3419 possunt.
1983 3356 2104 3412 Quid
2133 3371 2246 3418 ergo
2274 3371 2331 3402 ex
2365 3370 2503 3416 argu-

237 3441 397 3478 mento
421 3428 645 3479 Perkinsii
680 3432 830 3496 probe
853 3433 1044 3495 colligat
1073 3434 1284 3487 Rivetus,
1312 3434 1411 3496 ipse
1433 3434 1617 3480 viderit.
1657 3435 1745 3480 Sed
1769 3434 1885 3496 quid
1908 3450 2014 3480 cum
2037 3434 2130 3480 illis
2155 3449 2283 3495 agas,
2312 3435 2393 3495 qui
2420 3447 2501 3478 ne-

238 3523 329 3568 que
359 3510 529 3572 scripta
561 3517 772 3572 patrum,
800 3526 952 3572 neque
987 3511 1345 3556 consuetudines
1374 3511 1615 3565 ecclesiae,
1644 3527 1794 3573 neque
1823 3513 2031 3558 instituta
2056 3512 2287 3558 maiorum
2322 3509 2500 3556 sciunt?

237 3587 293 3631 Et
326 3586 363 3632 si
396 3602 604 3648 unquam
634 3588 773 3634 etiam
800 3589 923 3635 inter
951 3587 1203 3649 legendum
1235 3589 1513 3641 occurrerit,
1541 3589 1671 3650 quod
1706 3604 1871 3635 eorum
1900 3587 2030 3636 fictas
2057 3597 2194 3650 atque
2221 3603 2362 3634 vanas
2396 3588 2500 3649 opi-

238 3663 400 3709 niones
432 3665 635 3717 minuat,
662 3665 737 3711 vel
771 3680 868 3711 non
901 3664 1298 3718 animadvertunt,
1324 3665 1395 3711 vel
1431 3649 1800 3712 animadversum
1832 3667 2098 3728 negligunt;
2126 3675 2172 3712 et
2205 3665 2333 3728 quod
2369 3666 2499 3727 peius

236 3746 330 3791 est,
358 3739 451 3786 alio
484 3740 775 3795 distrahunt,
803 3750 849 3788 et
882 3742 1184 3804 pervertunt?

366 3816 461 3862 Iam
487 3818 627 3865 audio
655 3819 870 3866 Rivetum
897 3819 1074 3873 dicere,
1103 3834 1256 3881 neque
1290 3820 1413 3866 enim
1440 3819 1606 3883 desipit
1641 3835 1850 3884 semper,
1880 3821 2007 3883 quod
2047 3823 2222 3867 utinam
2261 3819 2400 3865 essct!
2430 3819 2495 3864 le-
