2970 4420
432 264 493 310 50
1402 276 1554 308 monis
1587 276 1766 309 ALLA'ru

430 363 520 409 lib.
550 362 589 407 Ι.
625 361 706 407 23.
744 370 907 409 contra
936 362 1168 425 Apionem
1199 362 1402 415 donant,
1439 362 1520 422 qui
1555 361 1722 408 vixerit
1760 370 1866 409 ante
1902 362 2134 413 Christum
2167 369 2333 413 'natum
2363 369 2495 414 annis
2530 369 2711 417 circiter

438 440 602 487 CCXL.
625 438 915 502 temporibus
935 441 1080 487 Ouiae
1101 438 1359 503 pontificis,
1382 436 1470 483 sub
1493 438 1759 486 Ptolemaeo
1781 439 2106 506 Philadelpho.
2132 444 2220 490 Hic
2238 445 2499 492 Salomonis
2521 455 2708 497 senten-

434 520 522 564 tias
544 532 710 580 vagas,
739 526 785 564 et
809 519 859 564 in
884 518 1067 564 schedis
1099 517 1252 564 adhuc
1274 516 1508 562 latitantes
1538 531 1705 577 graeco
1729 533 1968 580 expressas
1991 535 2206 568 sermone
2232 521 2444 584 publicas
2476 523 2602 570 fecit.
2621 575 2623 577 v
2639 525 2709 571 I-ta

434 594 655 641 videntur
677 594 850 640 sentire
874 595 996 640 inter
1021 594 1137 640 alios
1160 591 1466 638 Bellarminus
1489 600 1703 639 controv.
1732 601 1849 640 tom.
1877 595 1913 639 Ι.
1942 594 2002 641 de
2023 595 2171 644 verbo
2195 599 2278 645 Dei
2303 597 2389 644 lib.
2418 600 2455 645 1.
2483 615 2587 663 cap.
2622 601 2697 647 13.

437 679 483 717 et
506 670 632 717 libro
665 670 725 717 de
754 671 912 732 script.
942 669 1258 715 ecclesiasticis
1293 666 1308 729 (
1324 664 1405 713 ubi
1431 667 1491 713 de
1519 667 1826 731 Salomone);
1862 671 2068 718 Becanus
2092 674 2277 736 analog.
2304 683 2397 720 vet.
2427 683 2473 721 et
2496 677 2608 723 novi
2639 685 2704 723 te-

435 749 651 795 stamenti
676 763 777 809 cap.
813 750 855 792 1.
886 762 933 792 n.
964 747 1018 798 3;
1045 744 1243 791 Driedus
1270 742 1355 789 lib.
1384 744 1421 790 I.
1453 744 1514 791 de
1548 744 1872 808 dogmatibus3
1898 747 2091 795 Michael
2119 751 2302 797 Medina
2333 751 2418 797 lib.
2445 753 2521 799 Vl.
2549 752 2609 799 de
2636 769 2704 800 re-

436 835 508 873 cta
534 827 582 871 in
606 827 755 871 Deum
787 823 881 869 fide
906 838 1007 885 cap.
1042 824 1125 875 123
1153 820 1381 867 Pamelius
1406 821 1568 869 adnot.
1597 823 1645 868 in
1673 822 1849 869 librum
1874 824 2092 887 Cypriani
2119 826 2178 873 de
2200 828 2426 875 mortalit.
2455 844 2587 876 num.
2616 831 2696 877 43.

434 905 633 950 Lorinus
659 901 946 964 praefatione
971 901 1019 945 in
1054 899 1256 961 Sapient.
1285 914 1388 960 cap.
1417 901 1465 945 2.
1497 899 1824 947 Genebrardus
1856 909 2011 947 autem
2045 903 2095 949 in
2129 903 2294 951 chron.
2328 913 2433 952 ante
2465 905 2698 953 Christum

434 990 596 1028 natum
624 994 747 1026 anno
771 975 1208 1024 CCLXIII.›dubitat
1236 991 1295 1022 an
1319 975 1395 1022 hic
1418 976 1551 1024 Philo
1578 976 1686 1024 libri
1715 979 2018 1026 concinnator
2042 979 2182 1026 fuerit
2208 997 2330 1027 unus
2359 997 2385 1028 e
2410 983 2701 1045 septuaginta

435 1056 623 1104 duobus
658 1054 1008 1118 interpretibus.
1047 1052 1210 1104 Philo,
1240 1054 1419 1115 inquit,
1448 1053 1669 1106 iudaeus,
1698 1055 1919 1116 sortasse
1951 1067 1997 1102 et
2033 1055 2132 1120 ipse
2163 1074 2188 1102 e
2219 1059 2527 1122 septuaginta
2553 1059 2700 1106 inter-

422 1133 664 1198 pretibus,
694 1149 832 1195 quem
869 1130 1026 1193 aliqui
1048 1129 1252 1192 faciunt
1284 1130 1564 1194 Sapientiae
1598 1132 1866 1179 Salomonis
1901 1133 2284 1180 concinnatorem
2295 1154 2310 1188 ,·
2336 1152 2452 1182 nam
2476 1137 2601 1183 alter
2626 1137 2701 1183 iu—

432 1210 541 1256 nior
573 1209 699 1256 vixit
728 1207 834 1255 Caii
867 1207 1171 1271 imperatoris
1206 1198 1512 1271 temporibus.
1550 1209 1704 1263 Quare
1736 1209 2037 1257 Genebrardo
2076 1210 2193 1257 falso
2227 1212 2475 1274 imponunt
2503 1214 2701 1260 Lorinus

429 1296 474 1334 et
503 1286 726 1339 Castrius,
762 1286 843 1347 qui
879 1286 1102 1346 scripsere
1136 1283 1487 1330 Genebrardum
1522 1285 1755 1332 affirmare
1788 1286 2033 1334 Philonem
2061 1287 2187 1333 hunc
2217 1287 2358 1351 fuisse
2389 1304 2535 1335 unum
2567 1305 2594 1336 e
2626 1305 2701 1336 se-

427 1365 669 1428 ptuaginta
701 1361 1051 1427 interpretibus.
1090 1362 1273 1424 Quippe
1307 1362 1369 1408 ait
1402 1361 1493 1409 hoc
1527 1378 1582 1408 ex
1621 1363 1823 1425 aliorum
1864 1366 2118 1418 sententia,
2156 1366 2274 1411 sicut
2311 1366 2450 1415 etiam
2485 1349 2699 1429 superius

428 1458 483 1488 ex
520 1442 720 1487 aliorum
754 1440 978 1486 sententia
1014 1439 1258 1486 Philonem
1292 1439 1432 1486 fuisse
1467 1441 1726 1502 Sapientiae
1759 1450 2015 1488 auctorem.
2053 1442 2233 1488 Eodem
2270 1454 2477 1506 tempore
2511 1443 2702 1490 nomine

428 1518 697 1565 Salomonis
728 1516 964 1581 prodiisse
994 1516 1180 1564 videtur
1200 1516 1480 1580 Sapientiae
1504 1517 1639 1564 liber.
1676 1518 1773 1563 Sed
1803 1531 1997 1565 auctore
2022 1534 2262 1584 anonymo
2295 1532 2341 1566 et
2374 1520 2574 1572 incerto,
2603 1521 2701 1567 nisi

427 1596 556 1660 quod
583 1595 805 1642 nonnulli
834 1594 1121 1658 scriptorum
1150 1607 1355 1642 veterum
1380 1596 1686 1655 affirmarunt
1712 1596 1851 1642 illum
1875 1613 1972 1642 esse
1995 1597 2161 1644 iudaei
2181 1597 2433 1644 cuiusdam
2460 1597 2694 1646 Philonis.

426 1677 484 1722 Et
507 1674 724 1720 inferius.=
746 1672 803 1719 Si
824 1672 931 1736 quis
953 1673 1210 1719 contendat
1234 1672 1335 1718 eius
1360 1685 1601 1719 auctorem
1615 1673 1776 1735 fuisse
1802 1673 2028 1721 iudaeum
2053 1673 2321 1726 Philonem,
2350 1675 2479 1738 quod
2500 1692 2565 1721 ex
2590 1674 2699 1723 divo

382 1748 388 1753 ⁵
426 1747 718 1815 Hieronymo
742 1750 965 1797 nonnulli
986 1749 1270 1813 scriptorum
1295 1761 1501 1796 veterum
1525 1749 1613 1796 hoe
1636 1751 1941 1811 affirmarunt
1950 1771 1966 1805 ;
1991 1768 2086 1798 non
2110 1752 2150 1798 is
2173 1752 2266 1798 erit
2288 1751 2450 1803 Philo,
2478 1751 2565 1816 qui
2586 1765 2696 1799 tem-

418 1846 536 1892 pore
563 1828 691 1879 Caii,
720 1840 766 1874 et
791 1827 987 1874 Claudii
1013 1829 1269 1874 Caesarum
1303 1843 1393 1890 pro
1416 1827 1614 1874 Iudaeis
1648 1828 1936 1892 legationem
1962 1828 2105 1880 obiit,
2135 1828 2220 1875 sed
2247 1829 2392 1876 alius.
2419 1830 2592 1876 Verum
2626 1837 2698 1876 ta-

427 1923 535 1954 men
570 1916 665 1961 est‚
702 1908 751 1952 in
791 1905 1005 1967 catalogo
1039 1907 1329 1968 septuaginta
1364 1906 1703 1968 interpretum,
1740 1921 1881 1968 quem
1914 1922 1971 1952 ex
2006 1907 2188 1953 Aristea
2221 1905 2473 1961 habemus,
2509 1905 2695 1953 nullum

427 1987 547 2032 inter
582 1985 715 2037 illos,
744 1985 825 2046 qui
858 1983 992 2030 Philo
1026 1992 1294 2035 vocaretur,
1322 1985 1540 2031 extitisse.
1575 1983 1842 2030 Hadrianus
1879 1985 1926 2029 F
1915 1999 2021 2030 inus
2045 1985 2123 2031 VI.
2153 1983 2307 2046 flagel.
2335 1999 2438 2046 cap.
2472 1985 2548 2031 13.
2582 1999 2697 2031 con-

425 2062 573 2109 tendit
589 2062 866 2108 familiarem
891 2061 1151 2107 Salomonis
1174 2061 1337 2115 fuisse,
1360 2061 1578 2123 illiusque
1602 2060 1660 2107 ab
1686 2076 1734 2107 se
1756 2061 1953 2108 creditas
1972 2063 2221 2108 sententias
2242 2061 2409 2108 litteris
2431 2060 2692 2108 mandasse.

425 2139 679 2187 Consalvus
699 2139 946 2185 Cervantes
970 2146 1220 2185 comment.
1250 2139 1299 2184 in
1324 2137 1408 2184 lib.
1438 2138 1695 2201 Sapientiae
1720 2138 2018 2185 Salomonis
2005 2153 2122 2201 lsag.
2133 2147 2327 2200 quaest.
2362 2140 2406 2184 1.
2433 2137 2595 2185 multis
2618 2153 2696 2186 ra-

426 2216 631 2263 tionibus
660 2207 936 2278 impugnare
967 2217 1152 2269 nititur‚
1180 2224 1224 2261 et
1259 2220 1365 2261 ante
1394 2216 1482 2262 alia
1510 2216 1631 2262 hanc
1664 2230 1855 2277 quoque
1887 2215 1947 2262 de
1969 2215 2163 2262 Philone
2195 2216 2379 2262 seniore
2401 2216 2690 2277 opinionem.

529 2326 531 2328 -
554 2295 652 2354 Ego
677 2293 869 2354 quidem
892 2294 940 2338 in
972 2293 1057 2339 hac
1088 2308 1138 2338 re
1168 2293 1283 2338 nihil
1311 2301 1490 2339 certum
1524 2301 1677 2339 statuo
1693 2328 1704 2347 ‚
1731 2293 1816 2339 etsi
1839 2293 2034 2339 omnino
2064 2293 2264 2355 primam
2298 2291 2358 2338 de
2381 2291 2576 2338 Philone
2600 2290 2693 2352 ale-

427 2370 655 2417 xandrino
688 2371 961 2417 sententiam
987 2385 1168 2432 semper
1193 2369 1428 2416 damnavi.
1461 2370 1615 2416 Potuit
1645 2378 1799 2416 tamen
1825 2385 1924 2416 esse
1948 2370 2070 2416 inter
2098 2378 2168 2416 tot
2190 2370 2430 2423 Philones,
2457 2370 2539 2431 qui
2563 2369 2693 2415 Chri-

426 2449 481 2494 sti
506 2456 718 2510 tempora
744 2456 1115 2509 praecesserunt,
1144 2455 1190 2493 et
1220 2462 1340 2493 unus
1372 2447 1603 2509 quispiam
1637 2445 1744 2492 licet
1779 2446 2012 2500 ethnicuS,
2039 2453 2084 2492 et
2115 2461 2141 2492 a
2167 2445 2269 2508 lege
2300 2446 2383 2492 Dei
2416 2453 2686 2501 extraneus,

426 2525 593 2572 ritibus
625 2534 780 2571 tamen
817 2524 1099 2571 Iudaeorum
1125 2525 1362 2579 addictus,
1391 2533 1628 2585 tamquam
1655 2524 1737 2585 qui
1761 2524 1883 2570 inter
1914 2538 1995 2570 eos
2027 2523 2171 2585 longo
2196 2523 2420 2585 temporis
2445 2521 2692 2569 intervallo

426 2611 741 2650 commoratus
770 2610 816 2648 et
850 2602 1127 2655 instructus,
1155 2617 1251 2648 non
1278 2609 1459 2647 tantum
1485 2601 1544 2647 de
1575 2600 1855 2647 ludaeorum
1889 2599 2103 2655 historia,
2131 2615 2298 2646 verum
2330 2607 2377 2646 et
2399 2598 2458 2645 de
2480 2597 2692 2646 moribus

424 2681 645 2734 illorum,
673 2688 718 2727 et
751 2695 807 2726 ex
834 2679 1055 2741 proprio,
1084 2687 1129 2726 et
1163 2694 1218 2724 ex
1252 2678 1452 2725 aliorum
1477 2693 1602 2740 penu
1630 2678 1778 2724 multa
1813 2678 2071 2738 conquisita
2105 2676 2264 2723 fecerit
2299 2675 2503 2738 publica.
2541 2676 2691 2731 Quem

425 2758 719 2804 verisimilius
753 2765 822 2804 est
855 2756 996 2803 fuisse
1033 2757 1301 2810 Philonem,
1337 2757 1420 2817 qui
1453 2755 1654 2817 Iosepho
1689 2755 1845 2802 senior
1879 2763 1974 2807 est,
2011 2762 2058 2800 et
2089 2753 2314 2800 Clementi
2350 2753 2686 2815 pythagoreus,

424 2843 469 2880 et
503 2835 561 2880 de
596 2834 875 2881 Iudaeorum
909 2833 1096 2896 regibus
1136 2834 1303 2887 aliter,
1342 2841 1479 2895 atque
1520 2833 1813 2885 Demetrius,
1850 2832 2142 2893 conscripsit.
2180 2831 2364 2876 Dictum
2398 2828 2690 2891 probabilius

424 2911 578 2958 reddit
599 2912 847 2958 Clementis
875 2911 1161 2958 alexandrini
1189 2911 1436 2957 auctoritas
1463 2909 1547 2956 lib.
1577 2911 1635 2955 ΙΙ.
1670 2911 1745 2956 19.
1775 2917 1986 2956 stromat.
2023 2898 2089 2950 Αἱ
2122 2897 2207 2971 sap
2237 2894 2459 2967 perdam
2484 2894 2688 2961 φύσεις,

426 3002 506 3032 και
548 3001 740 3050 γυμναι
777 2978 957 3032 παθων
992 2978 1305 3046 εὔστοχοῦσί
1327 3000 1428 3039 πως
1459 2999 1585 3049 περι
1600 2999 1686 3034 τὴν
1717 2974 2008 3039 ἀλήθειαν,
2035 2974 2101 3036 ὦς
2137 2973 2286 3040 φησιν
2316 2974 2341 3027 ὁ
2373 2969 2690 3046 πυθαγόριος

424 3058 625 3118 Φίλων
649 3079 715 3109 τα
749 3053 1011 3116 Μωϋσέως
1050 3053 1410 3127 ἐξκΓοόμενος,
1446 3076 1546 3108 ειτε
1583 3052 1666 3107 και
1705 3051 1847 3126 ‘rt-apd
1880 3075 2025 3108 τινων
2060 3049 2176 3106 τότε
2212 3054 2409 3124 λογίων
2444 3045 2689 3104 ἀναδιὸα·

424 3132 612 3201 χθεις,
648 3129 684 3186 ἁ
716 3154 768 3186 τε
803 3131 1078 3204 μαθήσεως
1115 3131 1192 3185 ἀεὶ
1236 3129 1418 3202 διψων.
1454 3142 1577 3202 Ergo
1609 3140 1743 3186 Philo
1780 3140 1856 3186 hic
1888 3139 2205 3202 pythagoreus
2236 3151 2384 3183 novae
2418 3134 2690 3196 disciplinae

424 3235 605 3281 semper
640 3220 826 3274 avidus,
853 3221 899 3265 in
934 3220 1116 3281 scriptis
1151 3220 1387 3273 mosaicis,
1416 3218 1616 3265 aliorum
1654 3219 1795 3264 etiam
1827 3217 2067 3270 doctrina,
2094 3214 2453 3266 versatissimus,
2488 3210 2689 3273 ideoque
2717 3217 2730 3279 u'

426 3311 532 3341 cum
557 3296 734 3343 Iudaeis
761 3298 820 3344 de
843 3298 1035 3343 veritate
1060 3296 1302 3343 decertans
1326 3304 1377 3342 ut
1401 3295 1620 3348 disceret,
1649 3295 1803 3356 potuit
1828 3302 1875 3339 et
1899 3292 2146 3339 sententias
2170 3291 2254 3337 has
2278 3288 2534 3351 Sapientiae
2567 3288 2689 3334 inter

426 3373 533 3418 illos
566 3373 673 3419 hinc
695 3374 803 3420 inde
825 3374 1055 3438 dispersas
1081 3376 1129 3420 in
1154 3390 1301 3420 unum
1327 3373 1574 3435 colligere,
1600 3386 1860 3434 graecoque
1886 3384 1983 3432 quo
2007 3367 2217 3431 pollebat
2241 3366 2463 3413 idiomate
2489 3366 2689 3427 posteris

427 3449 626 3495 tradere.
666 3450 909 3497 Ethnicum
941 3452 1077 3497 illum
1109 3451 1249 3497 fuisse
1279 3450 1618 3512 impedimento
1645 3464 1742 3495 non
1767 3456 1859 3502 est,
1886 3447 2002 3508 quin
2024 3444 2146 3492 liber
2168 3445 2253 3490 iste
2277 3450 2461 3490 sanctus
2495 3442 2578 3495 sit,
2605 3455 2689 3502 ap—

427 3525 743 3588 probatusque
781 3527 839 3573 ab
873 3529 1063 3575 ecclesia
1101 3537 1339 3589 tamquam
1375 3527 1645 3579 canonicus,
1673 3524 1804 3588 quod
1836 3524 2038 3571 vidimus
2069 3523 2119 3568 in
2151 3519 2436 3583 Symmachi,
2470 3517 2687 3564 Theodo-

427 3603 588 3657 tionis,
617 3612 663 3650 et
695 3604 893 3650 aliorum
915 3606 1295 3667 impiissimorum
1318 3605 1564 3652 hominum
1588 3617 1744 3650 sacrae
1767 3602 2021 3664 scripturae
2045 3597 2364 3646 versionibus:
2389 3610 2541 3656 neque
2563 3595 2688 3640 enim

424 3687 675 3742 >propterea
701 3678 760 3725 ab
786 3681 974 3726 ecclesia
1006 3681 1152 3728 biblia
1168 3682 1394 3733 damnata
1422 3689 1547 3728 sunt.
1586 3680 1658 3726 Sic
1691 3679 1792 3726 fieri
1818 3678 1993 3741 potuit,
2017 3676 2126 3722 licet
2158 3675 2373 3721 ethnicus
2393 3672 2532 3718 fuerit
2549 3670 2688 3719 Philo

427 3757 508 3818 qui
535 3757 815 3818 Sapientiam
838 3757 1122 3819 composuit,
1149 3768 1201 3804 ut
1225 3758 1333 3805 illae
1361 3759 1614 3806 sententiae
1639 3755 1899 3803 Salomonis
1923 3769 1948 3800 a
1971 3748 2146 3815 Spiritu
2175 3759 2336 3799 sancto
2358 3748 2556 3796 dictatae
2580 3762 2688 3797 san.-

429 3842 618 3895 ctaeque
652 3848 735 3896 per
767 3849 841 3886 se,
868 3842 1062 3895 propter
1096 3835 1358 3881 collectoris
1381 3835 1456 3882 vel
1488 3833 1826 3896 metaphrastae
1852 3831 2158 3894 impietatem,
2189 3828 2381 3876 minime
2413 3825 2472 3876 ab
2495 3825 2687 3874 ecclesia

431 3909 781 3967 abdicarentur‚
808 3910 889 3958 sed
924 3918 976 3958 ut
1012 3912 1258 3958 canonicae
1288 3911 1573 3959 haberentur
1606 3918 1652 3957 et
1681 3908 1964 3958 colerentur.
