2970 4420
1306 255 1551 287 PRAEFATIO
1557 275 1568 286 .
2511 267 2574 299 vn

302 342 480 406 quinta
512 339 820 388 heortastica.
854 340 1093 396 Quoniam
1117 340 1427 388 dissimilium
1451 353 1683 393 naturae,
1714 341 1967 390 dissimiles
1998 359 2224 392 exserunt
2253 351 2569 411 operationes,
2599 367 2607 375 ·

304 421 524 483 profecto
554 419 883 465 unicamesse
911 418 1186 465 naturalem
1220 418 1545 483 operationem
1580 435 1675 465 non
1719 419 2039 468 concedemus.
2087 423 2243 470 Alium
2278 428 2428 474 multo
2462 446 2575 491 pro-

310 498 526 545 lixiorem
549 495 794 559 Theophili
821 503 1018 542 tractum
1044 512 1101 543 ex
1120 496 1298 544 decima
1321 504 1446 544 sexta
1470 495 1749 544 heortastica
1779 499 2076 546 recitavimus
2094 501 2206 548 item
2231 518 2316 550 nos
2334 506 2381 550 in
2402 509 2568 571 Script.

310 583 387 621 vet
409 576 460 621 T.
489 574 587 622 vlt.
615 589 666 636 p.
696 574 777 627 50,
809 573 858 619 in
881 588 978 635 quo
1011 582 1175 621 contra
1210 573 1768 636 Origenemvdisputatur.
1799 575 1888 622 Sed
1923 591 1981 622 en
2014 585 2173 639 postea
2208 580 2406 641 Cyrillus
2432 584 2574 632 heor-

313 653 579 698 tasticarum
605 651 934 697 disertissimus
957 652 1181 714 scriptor,
1208 650 1416 712 quarum'
1438 651 1617 697 ·XXlX·
1644 648 1870 714 teinporis
1894 652 2168 701 edacitatem
2191 655 2432 718 fugerunt.-
2461 661 2574 709 hae-

303 724 402 790 que
426 729 472 775 in
503 727 743 775 codicibus
768 729 1035 790 promiscuo
1057 726 1291 776 vocabulo
1320 728 1615 791 appellantur
1646 716 1811 793 λόγοι
1855 715 1967 777 iia-oc
2008 720 2294 778 ἐπιστολαί.
2331 737 2568 785 Postremo

296 805 452 851 sancti
484 803 721 851 Ambrosii
756 805 951 867 epistola
983 806 1064 859 23,
1101 805 1444 867 praecipueque
1477 805 1667 868 grandis
1700 806 1779 852 illa
1813 808 2006 854 Proterii
2043 810 2246 874 episcopi
2272 811 2389 859 alex.
2419 814 2565 878 (apud

291 882 583 929 fBucherium
606 897 656 945 p.
684 882 790 946 82.)
817 883 876 929 ad
907 884 1110 930 Leonem
1135 882 1241 935 PP..
1278 882 1583 930 heortasticae
1616 884 1817 947 insignes
1851 893 1975 932 sunt.

1001 1045 1062 1085 De
1089 1043 1332 1086 heortasticis
1359 1046 1403 1087 S.
1435 1046 1646 1088 Athanasii
1674 1049 1864 1101 epistolis.

399 1195 476 1241 tv.
515 1194 805 1241 Veniendum
832 1208 956 1240 nunc
984 1201 1055 1240 est
1084 1191 1144 1239 ad
1174 1192 1412 1239 Athanasii
1438 1194 1741 1245 heortasticas
1774 1214 1854 1246 seu
1881 1199 2065 1248 festales
2089 1205 2329 1265 epistolas,
2359 1224 2558 1269 quarum

285 1288 436 1320 causa
463 1281 588 1319 totus
616 1272 692 1319 hic
726 1271 949 1335 prologus
976 1287 1001 1317 a
1033 1268 1170 1318 nobis
1197 1271 1438 1318 institutus
1472 1282 1558 1320 est.
1595 1275 1897 1322 Athanasium
1925 1293 2056 1325 more
2089 1279 2339 1344 officioque
2372 1284 2558 1332 alexan-

301 1351 548 1397 drinorum
579 1351 902 1413 episcoporum
934 1350 1170 1411 scripsisse
1194 1349 1516 1405 heortasticas‚
1550 1368 1690 1400 nemo
1714 1355 1925 1416 profecto
1948 1355 2163 1406 dubitare
2191 1371 2397 1424 poterat:
2427 1380 2556 1426 prae-

285 1428 458 1473 ‘sertim
491 1427 599 1488 quia
642 1428 766 1474 testis
807 1426 967 1474 aderat
1007 1427 1279 1473 nominatim
1323 1429 1668 1490 Hieronymus,
1714 1434 1794 1494 qui
1839 1434 1898 1480 de
1930 1437 2017 1483 vir.
2058 1438 2126 1484 ill.
2170 1455 2271 1504 cap.
2318 1444 2395 1489 87.
2435 1445 2556 1491 inter

299 1513 450 1551 cetera
495 1505 765 1550 sanctissimi
807 1504 896 1552 viri
938 1504 1108 1566 scripta
1141 1504 1442 1552 heortasticas
1484 1508 1618 1570 ponit
1656 1511 1890 1572 epistolas.
1929 1514 2043 1561 Tum
2084 1516 2255 1565 deinde
2288 1521 2337 1566 in
2373 1537 2516 1584 opere
2539 1558 2551 1578 ,

280 1581 426 1642 ‹quod
460 1580 832 1627 Montfauconius
877 1581 1024 1628 edidit
1070 1582 1262 1629 Cosmae
1296 1583 1664 1646 indicopleustae
1687 1621 1699 1641 ‚
1746 1590 1951 1637 minutae
1990 1593 2168 1656 aliquot
2210 1599 2554 1659 praedictarum

295 1657 680 1704 heortasticarum
714 1658 905 1704 laciniae
934 1668 1248 1721 apparuerant
1279 1675 1334 1706 ex
1368 1663 1418 1707 2.
1447 1662 1494 1708 5.
1532 1665 1578 1709 6.
1608 1665 1688 1710 22.
1723 1667 1802 1711 24.
1832 1669 1911 1714 28.
1949 1671 2029 1716 29.
2066 1673 2144 1718 40.
2183 1674 2261 1719 45.
2295 1675 2406 1722 Mihi
2439 1694 2552 1726 vero

282 1733 377 1794 ipsi
412 1741 551 1780 tenue
590 1750 647 1781 ex
681 1737 816 1782 tertia
862 1735 1041 1783 decima
1073 1735 1386 1798 fragmentum
1427 1754 1672 1801 graecum,
1718 1745 1899 1805 syriaco
1927 1763 2208 1805 consonum,
2250 1754 2297 1798 in
2340 1757 2552 1804 vaticano

285 1811 452 1858 codice
486 1827 593 1859 casu
638 1814 1020 1876 conspiciendum
1060 1830 1110 1862 se
1151 1815 1353 1870 obtulit,
1396 1818 1527 1880 quod
1560 1820 1754 1868 inferius
1789 1839 1837 1885 p.
1881 1826 1988 1872 119.
2032 1827 2080 1872 in
2120 1828 2298 1877 scholio
2340 1834 2546 1881 recitavi.

285 1888 442 1950 Atque
474 1889 578 1936 heic
610 1899 776 1953 sponte
808 1890 1025 1938 oboritur
1057 1893 1288 1954 quaedam
1311 1894 1371 1941 de
1394 1896 1633 1944 Athanasii
1667 1899 2051 1949 heortasticarum
2086 1921 2284 1955 numero
2316 1914 2543 1972 quaestio.

281 1967 468 2013 Etenim
502 1983 558 2014 ex
592 1968 816 2016 chronico
851 1969 934 2032 (de
967 1985 1063 2032 quo
1096 1986 1204 2018 mox
1243 1972 1484 2037 dicemus)
1520 1984 1698 2023 constat
1730 1979 2041 2041 episcopalem
2075 1984 2232 2031 sedem
2266 1987 2548 2036 inscendisse

283 2044 593 2092 Athanasium
625 2055 732 2093 ante
765 2047 1013 2094 dimidium
1054 2051 1162 2096 anni
1192 2045 1308 2104 328,
1350 2050 1585 2115 rebusque
1618 2053 1833 2102 humanis
1866 2061 2110 2107 excessisse
2143 2060 2230 2108 sub
2272 2066 2395 2112 exitu
2438 2069 2546 2114 anni

281 2122 400 2176 373,
445 2124 527 2184 qui
560 2131 668 2170 sunt
710 2125 820 2170 anni
863 2125 943 2172 46.
985 2126 1316 2174 Verumtamen
1360 2127 1418 2175 ab
1460 2129 1534 2176 his
1575 2130 1920 2182 subtrahendus
1958 2137 2137 2200 primus
2179 2151 2281 2198 est,
2319 2160 2416 2206 quo
2449 2161 2544 2191 non

286 2201 587 2254 Athanasius,
615 2201 699 2249 sed
722 2201 986 2249 Alexander
1019 2202 1234 2251 decessor
1267 2206 1530 2269 scripserat.
1557 2210 1682 2271 Ergo
1707 2213 1838 2258 annis
1862 2215 2154 2278 episcopatus
2177 2220 2257 2266 45.
2292 2224 2544 2284 respondet

281 2277 564 2326 adamussim
590 2295 811 2326 numerus
836 2280 1219 2339 heortasticarum
1242 2284 1368 2347 apud
1391 2285 1604 2334 Cosmam
1626 2299 1925 2338 memoratus.
1952 2293 2183 2355 (Attamen
2205 2298 2252 2343 in
2283 2300 2375 2346 vita
2398 2301 2543 2348 Atha-

284 2357 399 2402 nasii
434 2356 616 2404 arabice
650 2358 821 2420 scripta
855 2359 974 2405 circa
1009 2358 1151 2406 finem
1184 2360 1406 2409 dicuntur
1438 2364 1537 2410 eius
1560 2365 1862 2416 heortasticae
1896 2372 2142 2435 47.)Quin
2170 2375 2288 2423 adeo
2321 2379 2369 2423 in
2404 2379 2549 2426 chro—

272 2434 389 2480 nico
412 2435 592 2496 syriaco
615 2435 786 2482 dicitur
810 2435 1046 2484 confectus
1070 2437 1130 2485 ab
1155 2439 1406 2487 Athanasio
1430 2435 1554 2489 anno
1579 2445 1691 2490 367.
1725 2461 1873 2494 canon
1909 2464 2144 2498 sacrarum
2177 2455 2510 2517 scripturarum
2526 2493 2537 2512 ,

269 2512 364 2574 2qui
389 2528 552 2575 reapse
574 2523 874 2562 conservatus
908 2525 999 2570 est,
1038 2533 1094 2564 ex
1130 2517 1325 2581 epistola
1360 2520 1439 2566 39.
1477 2531 1715 2586 sumptus;
1752 2526 1883 2587 isque
1915 2528 2027 2574 item
2050 2545 2272 2578 numerus
2296 2534 2434 2595 plane
2466 2551 2542 2582 re-

279 2590 482 2652 spondet
505 2590 787 2638 athanasiani
813 2593 1107 2656 episcopatus
1132 2610 1255 2642 anno
1280 2597 1359 2642 39.
1379 2598 1518 2645 Recte
1541 2599 1780 2648 hactenus.
1802 2603 1890 2650 Sed
1915 2606 2030 2667 quid
2054 2607 2206 2655 eidem
2231 2610 2451 2658 chronico
2474 2629 2562 2687 re·-⁸

282 2666 536 2729 spondeas,
573 2668 703 2730 quod
738 2670 869 2716 annis
903 2671 1014 2718 336.
1037 2671 1156 2720 337.
1194 2673 1305 2720 341.
1335 2674 1447 2721 342.
1485 2676 1598 2723 357.
1622 2678 1734 2725 358.
1766 2681 1877 2729 359.
1916 2683 2026 2730 360.
2056 2686 2169 2739 361,
2204 2687 2254 2733 id
2279 2697 2347 2735 est
2370 2705 2539 2736 novem

282 2744 415 2787 annis
447 2745 819 2803 praetermissam
851 2746 912 2793 ab
944 2748 1199 2798 Athanasio
1232 2751 1558 2821 heortasticam
1583 2755 1726 2804 fuisse
1749 2761 1947 2807 narrat?
1970 2763 2083 2810 Mihi
2104 2765 2293 2826 quidem
2319 2770 2538 2831 cogitanti

219 2811 222 2816 ’
269 2817 344 2862 nil
381 2817 506 2862 aliud
542 2819 726 2866 interim
751 2824 895 2868 menti
919 2828 1146 2880 occurrit,
1174 2843 1316 2890 quam
1349 2839 1402 2877 ut
1435 2831 1515 2879 illa
1549 2833 1756 2883 chronici
1790 2838 1932 2885 verba
1956 2857 2052 2887 non
2081 2843 2271 2906 scripsit
2290 2881 2303 2896 ,
2342 2846 2416 2894 vel
2440 2864 2534 2892 non

279 2892 438 2944 misit,
478 2893 538 2940 de
572 2893 759 2956 publica
793 2905 974 2946 tantum
1001 2909 1054 2947 ’et
1093 2901 1240 2951 libera
1279 2906 1582 2956 heortasticae
1626 2911 1878 2962 diffusione
1917 2917 2175 2980 intelligere
2213 2920 2381 2974 liceat;
2426 2926 2532 2985 quia

275 2970 496 3016 nimirum
530 2970 590 3017 ab
623 2972 875 3021 Athanasio
907 2974 980 3022 vel
1015 2978 1063 3023 in
1098 2977 1207 3040 fuga
1230 2989 1276 3027 et
1308 2983 1472 3038 exilio,
1507 2987 1584 3033 vel
1607 2989 1655 3034 in
1681 2989 1903 3039 abstrusis
1927 2994 2042 3040 locis
2065 2996 2261 3051 latente,
2293 2999 2532 3048 sollemnis

273 3046 471 3108 epistola
513 3047 572 3093 ad
615 3050 845 3111 populum
886 3051 1058 3099 deferri
1098 3055 1252 3117 palam
1293 3061 1579 3121 nequiverit:
1617 3066 1746 3112 cuius
1779 3070 1846 3114 rei
1887 3070 2081 3126 indicia,
2124 3072 2321 3123 furtivae
2359 3078 2532 3126 scilicet

270 3124 472 3186 epistolii
507 3125 701 3173 alicuius
725 3126 1067 3184 submissionis,
1095 3133 1142 3179 in
1178 3134 1280 3196 ipso
1314 3136 1536 3186 chronico
1569 3150 1693 3188 sunt.
1725 3143 1802 3206 (Et
1826 3147 2015 3208 quidem
2041 3164 2127 3196 nos
2158 3151 2279 3200 hanc
2303 3154 2532 3218 ambigui-

271 3207 414 3246 tatem
447 3201 684 3249 innuimus
718 3205 767 3250 in
801 3205 982 3254 scholio
1015 3223 1064 3270 p.
1097 3211 1240 3274 116.)
1275 3213 1406 3261 Certe
1435 3218 1547 3277 ‘quia
1587 3218 1686 3266 dies
1718 3222 1945 3283 paschalis
1982 3225 2043 3273 ab
2083 3231 2304 3294 episcopo
2342 3233 2530 3281 alexan-

270 3275 412 3324 drino
445 3278 799 3329 denunciandus
827 3287 1080 3345 ‘quotannis
1106 3291 1361 3339 necessario
1395 3301 1492 3340 erat
1517 3304 1616 3342 tum
1639 3298 1879 3362 Aegyptiis
1902 3304 2018 3359 suis,
2047 3313 2146 3353 tum
2171 3309 2310 3355 etiam
2332 3325 2530 3358 romano

262 3354 509 3410 Pontifici,
546 3371 751 3418 pronum
785 3361 965 3408 creditu
997 3372 1092 3418 est,
1129 3366 1432 3416 Athanasium
1455 3372 1648 3435 singulis
1670 3377 1864 3425 omnino
1888 3382 2042 3437 annis,
2068 3398 2155 3446 per
2177 3386 2406 3448 privatam
2436 3390 2529 3436 sal-

269 3438 364 3477 tem
389 3431 717 3481 heortasticam
734 3470 746 3488 ‚
773 3437 846 3484 vel
874 3437 1176 3490 heortasticae
1199 3445 1524 3503 simulacrum,
1550 3464 1608 3496 eo
1631 3451 1956 3517 perfungendo
1977 3461 2161 3507 muneri
2186 3477 2281 3510 non
2306 3463 2522 3514 defuisse.

266 3509 361 3554 Nec
394 3525 509 3556 vero
542 3510 742 3558 latinum
776 3513 895 3561 illud
921 3516 1232 3580 fragmentum
1254 3522 1376 3576 siliis
1398 3523 1496 3571 suis
1520 3526 1794 3591 inscriptum
1819 3533 1943 3596 apud
1967 3536 2132 3584 Montf.
2166 3540 2242 3586 ed.
2270 3557 2375 3589 ven.
2403 3545 2452 3590 T.
2481 3546 2518 3590 Ι.

266 3595 387 3648 part.
422 3591 471 3634 2.
501 3604 549 3652 p.
578 3592 689 3644 772,
717 3590 1048 3642 heortasticum
1087 3612 1137 3644 se
1165 3597 1471 3648 demonstrat.
1508 3604 1669 3667 Neque
1701 3609 1813 3656 item
1846 3625 1995 3660 novae
2017 3613 2125 3663 illae
2154 3617 2391 3667 Athanasii
2423 3624 2523 3684 epi-

263 3664 411 3711 stolae
442 3667 491 3712 in
531 3671 777 3716 veronensi
812 3671 972 3719 codice
1005 3688 1030 3720 a
1066 3674 1279 3739 Scipione
1311 3679 1495 3727 Maffeio
1527 3679 1670 3731 latine
1703 3685 1918 3735 inventae
1940 3725 1953 3745 ‚
1989 3690 2047 3738 ad
2081 3691 2409 3744 heortasticum
2439 3714 2519 3761 ge-

260 3755 350 3787 nus
385 3741 614 3792 ullatenus
645 3747 895 3809 pertinent.
