2970 4420
462 290 522 334 88
1411 303 1563 335 mosis
1598 303 1776 334 ΑιιΑτιι

461 378 598 436 Μηνὶ
635 378 911 453 αῠγοόστῳ
950 379 1002 453 ξ’
1033 379 1201 454 ἡμέρᾳ
1236 379 1270 434 ε’
1304 377 1399 434 tva.
1436 377 1504 431 δ’·
1539 377 1637 433 ἔτει
1672 376 1869 451 Ιςχῑίῖ·
1906 392 1987 452 qui
2022 392 2110 438 erit
2143 392 2311 439 Christi
2342 394 2482 440 1186.
2514 393 2594 457 (1).

587 467 681 512 XL.
722 467 811 513 Sed
843 469 934 514 iam
971 467 1029 514 ad
1062 484 1110 514 se
1145 484 1220 514 me
1245 475 1413 514 vocant
1446 467 1680 513 Theodori
1712 467 1808 520 illi,
1839 467 1920 529 qui
1955 469 2252 516 monimentis
2283 470 2421 531 'editis
2456 472 2730 517 memoriam
2774 454 2801 481 ’ἱ

461 544 529 588 sui
565 545 824 630 posteritati
856 545 1263 591 commendarunt.
1304 546 1368 590 Sit
1402 559 1516 605 ergo
1549 544 1847 597 Theodorus,
1879 546 2088 607 quisquis
2121 547 2200 593 ille
2236 547 2400 600 fuerit,
2433 548 2514 609 qui
2550 548 2730 609 scripsit

460 610 709 682 ’γλώσσας
745 635 986 674 uva-tuuc,
1022 633 1200 667 atticas
1243 620 1490 667 di'ctwnes.
1521 621 1766 667 Laudatur
1809 621 1868 667 ab
1903 622 2142 671 Athenaeo
2181 622 2264 670 lib.
2302 626 2420 670 XlV.
2462 624 2542 686 (p.
2577 626 2688 671 646.
2712 624 2725 685 )

461 713 566 743 cum
600 713 655 742 ex
690 713 746 743 eo
780 698 895 759 quid
931 699 989 743 sit
1014 696 1212 760 psotlua
1247 698 1468 760 explicat,
1497 707 1544 744 et
1572 698 1655 745 lib.
1686 700 1782 745 XV.
1814 699 1893 761 (p.
1924 699 2073 762 677.)
2108 701 2222 762 quid
2253 702 2344 747 sint
2376 699 2729 764 hypoglottzdes

461 790 516 820 ex
538 774 766 836 Pamphili
791 774 915 820 libro
948 763 1055 837 περὶ
1090 763 1348 835 ὀνομάτων
1375 766 1566 827 πλοκῆς
1602 775 1659 820 de
1687 791 1935 821 nominum
1955 776 2141 839 pleoeu‚·
2168 786 2215 823 et
2236 777 2383 830 infra,
2412 793 2520 823 eum
2547 777 2730 823 tradere

463 851 587 914 apud
618 852 860 897 Platonem
899 841 944 894 ἐν
983 838 1075 893 Ati
1109 864 1431 914 κακουμενῳ,
1467 868 1518 896 ιη
1545 853 1655 897 Iove
1682 852 1810 898 male
1840 854 2036 914 affecto,
2066 853 2444 915 hypoglottidem
2468 855 2624 900 vocari
2648 868 2729 899 co-

460 943 684 974 ronarum
720 937 899 974 certum
932 928 1169 989 quendam
1205 937 1491 977 contextum.

589 1007 704 1051 XLI.
741 1005 1021 1051 Theodorus
1048 1011 1184 1067 poeta
1220 1006 1452 1060 comicus,
1490 1015 1805 1068 cognomento
1840 1006 2171 1072 Pelethobaps.
2209 1007 2466 1070 Hesychius
2499 989 2741 1051 Πιελειὸὀῖ-1

461 1069 608 1142 βαψ,
648 1069 913 1145 Θεόδωρος
952 1072 974 1124 ὁ
1013 1095 1232 1143 κωμικος
1270 1073 1294 1125 0‘
1335 1073 1645 1147 ὁντσοκριτνς,
1681 1070 1838 1135 οὕτως
1877 1074 2210 1128 ἐπεκαλεῖτο
2245 1074 2375 1136 τινὲς
2413 1072 2466 1127 δὲ
2505 1097 2729 1132 wenna-m

462 1148 614 1202 αὕτόν
652 1166 774 1211 φασι
812 1146 1096 1221 γεγονέναι.
1135 1158 1471 1223 Peletlzobaps,
1508 1159 1773 1207 Theodorus
1806 1177 2036 1211 comlcffus
2067 1173 2111 1206 et
2145 1159 2315 1207 lzzstrzo
2348 1177 2416 1207 sic
2450 1160 2728 1207 vocabatur.

461 1235 694 1282 Vonnulli
727 1251 831 1282 vero
863 1253 970 1280 eum
999 1244 1193 1299 poe'tam
1217 1236 1379 1298 fuisse
1411 1238 1629 1284 tradunt.

591 1314 727 1359 XLII.
766 1315 818 1358 ln
843 1313 1083 1376 Aristippo
1111 1314 1222 1377 (sub
1247 1314 1405 1377 initio)
1433 1317 1643 1362 meminit
1667 1316 1900 1363 Theodori
1926 1315 2060 1370 libri,
2090 1316 2147 1361 de
2171 1314 2308 1361 sectis
2342 1302 2451 1376 περὶ
2486 1303 2733 1378 αἱρέσεων

461 1391 691 1442 Laertius,
718 1391 762 1435 in
800 1406 897 1452 quo
933 1393 1224 1475 Aristippum
1259 1394 1479 1439 conviciis
1514 1392 1791 1455 exagitabat.
1834 1383 1909 1436 Οὐ
1947 1383 2041 1453 μὴν
2072 1382 2221 1436 ἀλλὰ
2251 1405 2334 1435 και
2376 1379 2702 1453 Θεόδωρος
2683 1402 2730 1434 εν

461 1480 528 1508 το)
568 1456 677 1530 περὶ
720 1456 965 1531 αἱρεσεων
1005 1458 1230 1514 ἐκακισεν
1266 1459 1434 1515 αὐτόν.
1471 1471 1567 1517 Sed
1599 1482 1657 1515 et
1682 1469 1947 1516 Theodorus
1982 1487 2033 1516 ιη
2064 1469 2186 1516 libro
2221 1469 2280 1515 de
2308 1481 2446 1515 secus
2479 1483 2587 1515 eum
2615 1484 2734 1532 pro-

464 1544 561 1589 bris
593 1557 802 1591 vexavit.

590 1624 748 1668 XLlll.
787 1623 917 1669 ld'em
951 1639 1141 1686 quoque
1176 1626 1384 1672 Laertius
1418 1626 1465 1672 in
1496 1626 1699 1688 Epicuro
1726 1627 1785 1686 X.
1815 1626 1862 1671 5.
1898 1618 2005 1671 citat
2038 1624 2211 1671 librum
2247 1633 2468 1686 quartum
2495 1621 2731 1669 Theodori

462 1701 507 1743 in
547 1701 824 1761 Epicurum,
864 1688 1000 1744 καθά
1036 1708 1155 1756 φησι
1197 1690 1465 1767 Θεόδωρος
1503 1693 1550 1747 ἐν
1578 1693 1650 1767 τῷ
1682 1690 1903 1766 τετάρτῳ
1939 1692 2036 1746 τῶν
2072 1691 2195 1765 πρὸς
2225 1691 2535 1765 Ἐπίκουρον.
2577 1699 2635 1744 Ut
2660 1699 2732 1744 ait

468 1774 733 1823 Theodorus
775 1790 949 1840 quarto
985 1779 1035 1824 in
1069 1780 1332 1843 Epicurum
1365 1779 1504 1827 libro.
1543 1782 1598 1827 Et
1632 1780 2050 1827 aldobrandiniana
2090 1780 2279 1841 quidem
2320 1779 2463 1825 editio
2496 1779 2558 1823 ita
2592 1777 2729 1838 legit,

463 1854 570 1900 licet
595 1855 839 1919 Stephani,
867 1864 913 1901 et
938 1855 1237 1913 frobeniana,
1269 1858 1387 1919 (nec
1412 1874 1507 1904 non
1530 1858 1869 1920 wetsteniana)
1910 1844 2158 1907 Θεόὸὁῖος
2196 1855 2455 1903 Theodotus
2480 1855 2729 1901 insinuent.

591 1934 745 1979 XLIV.
785 1934 925 1995 Apud
961 1935 1260 1981 Plutarchum
1299 1937 1345 1981 in
1388 1936 1623 1998 parallelis
1660 1936 1768 1999 (ed.
1807 1933 1994 1983 Reiiskii
2027 1937 2078 1982 T.
2112 1936 2210 1981 VII.
2246 1933 2478 1997 p.-235.)
2515 1931 2733 1978 laudatur

463 2008 737 2054 Theodorus
772 2009 822 2055 in
856 2011 1384 2073 transformationibus.
1423 2012 1510 2060 Ubi
1542 2008 1600 2059 'ex
1631 2029 1687 2059 eo
1722 2021 1937 2059 narratur
1972 2011 2140 2058 fabella
2165 2012 2225 2057 de
2249 2011 2415 2072 Cynira
2449 2018 2494 2055 et
2516 2007 2732 2069 Myrrha.

466 2100 605 2148 quam
640 2087 788 2148 ipsam
824 2104 879 2133 ex
912 2088 1159 2135 Theodoro
1193 2090 1284 2136 hoc
1318 2106 1366 2136 se
1399 2091 1606 2137 hausisse
1640 2090 1887 2153 profitetur
1920 2088 2142 2135 Stobaeus
2175 2088 2234 2135 de
2266 2089 2500 2150 vituperio
2522 2084 2729 2132 Veneris.

597 2165 729 2211 XLV.
767 2164 1000 2212 Theodori
1035 2168 1257 2214 muscieni
1291 2167 1460 2213 medici
1486 2169 1856 2229 compositiones
1871 2167 2096 2229 quasdam
2127 2168 2287 2213 recitat
2320 2162 2583 2211 Alexander
2606 2161 2735 2209 Tral-

470 2239 637 2285 lianus.
2199 2282 2201 2285 ,

598 2318 752 2363 XLVI.
790 2317 1022 2365 Theodori
1057 2321 1273 2367 Prisciani
1309 2321 1523 2367 archiatri
1559 2321 1619 2366 ad
1650 2321 1944 2367 Timotheum
1979 2319 2169 2365 fratrem
2201 2316 2495 2382 euporiston.
2526 2314 2621 2362 sive
2641 2313 2735 2376 sa·-

471 2391 634 2437 cilium
665 2406 848 2456 paratu
883 2396 1258 2443 medicaminum
1298 2398 1418 2444 liber
1447 2400 1472 2446 Ι
1485 2417 1500 2451 ,·
1534 2398 1743 2462 logicus,
1775 2397 1857 2444 lib.
1892 2399 1948 2443 II
1956 2416 1969 2450 ,·
1997 2395 2262 2460 gynaecia,
2295 2394 2413 2440 idest
2449 2391 2731 2441 muliebria,

472 2469 555 2515 lib.
586 2471 685 2516 III.
719 2474 847 2533 Opus
881 2474 1057 2520 editum
1085 2475 1287 2522 Basileae
1322 2476 1446 2538 apud
1481 2476 1766 2523 Frobenium
1804 2490 1927 2521 anno
1958 2476 2096 2520 1530.
2135 2475 2188 2519 In
2221 2472 2375 2518 aldina
2410 2471 2612 2516 editione
2640 2468 2736 2515 hoc

472 2549 716 2595 ordine'et
751 2552 1052 2614 inscriptione
1092 2556 1373 2601 continetur.
1412 2555 1554 2601 Liber
1585 2554 1769 2618 logicus
1803 2555 1847 2599 J.
1884 2553 1953 2599 ad
1990 2551 2300 2598 Timotheum.
2338 2549 2413 2597 Ad
2446 2548 2645 2594 eundem
2679 2547 2739 2592 de

473 2626 692 2688 azymis,
724 2627 818 2674 sive
851 2629 909 2674 de
944 2631 1099 2676 acutis
1129 2631 1437 2695 passionibus
1466 2632 1585 2678 liber
1607 2634 1679 2678 ΙΙ.
1711 2632 1834 2677 duas
1865 2630 1914 2676 in
1944 2641 2108 2694 partes
2141 2629 2336 2675 divisus.
2374 2626 2451 2673 Ad
2480 2624 2736 2671 Victoriam

472 2704 712 2765 gynaecia
738 2706 833 2751 sive
857 2708 1112 2754 muliebria
1137 2708 1257 2755 liber
1278 2711 1379 2756 ΙΙΙ.
1409 2710 1485 2755 Ad
1507 2709 1765 2755 Eusebium
1791 2708 1953 2766 filium
1979 2707 2036 2752 de
2049 2705 2258 2771 physica
2282 2703 2483 2750 scientia
2506 2702 2626 2749 liber
2647 2703 2733 2748 JV.

478 2780 620 2827 1547.
645 2782 727 2828 fol.
757 2799 863 2830 cum
886 2785 1077 2832 medicis
1103 2786 1318 2848 antiquis.
1349 2788 1402 2832 In
1428 2772 1716 2849 praefatione
1741 2794 1935 2832 testatur
1961 2793 2145 2837 auctor,
2173 2799 2221 2829 se
2243 2783 2380 2828 etiam
2408 2796 2571 2842 graece
2595 2794 2738 2841 quos-

474 2857 582 2903 dam
619 2859 805 2907 libellos
835 2862 894 2907 de
921 2877 971 2908 re
995 2863 1174 2910 medica
1207 2865 1459 2927 scripsisse.
1497 2856 1607 2910 Otto
1631 2856 1951 2909 Brunsfeldius
1975 2862 2099 2907 hunc
2125 2869 2360 2906 auctorem
2387 2857 2445 2903 ab
2478 2857 2577 2903 aliis
2600 2857 2739 2902 Octa·-

474 2936 603 2981 vium
639 2937 945 2985 Horatianum
976 2940 1067 2986 dici
1102 2949 1312 2987 testatur.
1349 2941 1622 2987 Theodorus
1654 2941 1913 2986 Priscianus
1942 2938 2127 2985 libellos
2159 2951 2267 2983 suos
2294 2934 2500 2981 medicos
2534 2934 2738 2996 primum

475 3026 637 3072 graece
670 3016 880 3077 scripsit,
914 3017 1084 3064 deinde
1118 3020 1313 3081 ipsemet
1343 3018 1512 3065 latinos
1548 3018 1677 3071 fecit,
1706 3026 1754 3064 ut
1790 3025 1984 3063 testatur
2017 3017 2064 3061 in
2103 3014 2388 3078 praefatione
2425 3002 2737 3073 εὐπορίστων

477 3089 535 3135 ad
567 3091 838 3154 Olympium
871 3096 1100 3158 collegam
1135 3112 1289 3143 suum.
1689 3145 1694 3159 s

606 3171 780 3217 XLVII.
819 3172 1094 3220 Theodorus
1127 3175 1394 3222 samothrax
1429 3182 1715 3221 memoratur
1747 3189 1772 3220 a
1803 3173 2069 3220 Ptolemaeo
2103 3169 2456 3233 Hephaestionis
2488 3168 2540 3212 F.
2575 3166 2656 3227 qui
2683 3180 2739 3211 ex

479 3259 535 3289 co
569 3245 738 3300 refert,
767 3249 925 3295 Iovem
953 3260 1115 3298 natum
1150 3253 1303 3298 risisse
1336 3260 1514 3315 septem
1539 3252 1787 3298 continuos
1819 3251 1943 3302 dies,
1971 3248 2172 3310 indeque
2202 3247 2405 3308 coepisse
2428 3243 2739 3305 septenarium

481 3320 641 3368 haberi
678 3340 765 3385 pro
805 3327 1038 3388 perfecto,
1075 3330 1266 3375 Photius
1305 3331 1353 3375 in
1394 3329 1679 3376 bibliotheca
1713 3327 1788 3373 cd.
1825 3327 1999 3373 Schotti
2040 3342 2086 3387 p.
2120 3326 2233 3370 490.
2267 3322 2372 3369 cod.
2408 3321 2533 3367 CXC.
2567 3321 2742 3365 Zoroa-

482 3405 622 3444 strem
662 3402 772 3448 item
812 3405 978 3451 eodem
1017 3421 1113 3467 quo
1151 3408 1334 3468 genitus
1373 3415 1492 3453 esset
1525 3406 1601 3452 die
1637 3406 1815 3458 risisse,
1853 3419 1942 3466 pro
1978 3402 2114 3449 valde
2147 3400 2336 3446 insolito
2378 3398 2537 3444 adfert·
2566 3397 2741 3443 Plinius

483 3474 568 3520 lib.
594 3477 690 3528 VII,
719 3494 820 3541 cap.
853 3484 928 3529 16.
963 3483 1151 3530 Vossius
1176 3484 1234 3530 de
1267 3483 1499 3530 historicis
1532 3483 1706 3544 graecis
1733 3481 1817 3528 lib.
1846 3482 1926 3527 111.
1954 3480 2212 3542 suspicatur
2238 3476 2440 3523 eundem
2473 3488 2571 3520 esse
2597 3473 2742 3520 Theo-

485 3551 681 3606 dorum,
709 3570 763 3600 ex
797 3558 925 3604 cuius
960 3558 1084 3606 libro
1109 3562 1230 3607 XXI.
1259 3560 1489 3622 quaedam
1517 3559 1577 3606 de
1611 3568 1821 3621 tempore
1853 3572 1957 3623 quo
1983 3557 2094 3603 luna
2117 3555 2294 3616 coepit,
2320 3559 2477 3599 narrat
2503 3550 2741 3613 Apollonii

487 3627 790 3677 scholiastes
780 3649 826 3678 in
851 3634 974 3680 libro
1000 3637 1074 3682 tv.
1107 3638 1544 3698 argonauticorum,
1570 3652 1711 3698 quem
1734 3651 1832 3682 esse
1859 3634 2086 3681 Lucillum
2116 3632 2404 3684 tarrhaeum,
2433 3626 2738 3690 Sophoclem

489 3713 530 3749 et
557 3705 814 3760 Theonem,
841 3710 983 3757 verba
1009 3710 1284 3760 exscribens
1301 3714 1474 3763 indicat
1507 3714 1775 3760 scholiastes
1804 3709 2123 3772 Aristophanis
2154 3710 2202 3754 in
2231 3707 2451 3754 nubibus.
2491 3699 2532 3748 Γ
2538 3716 2654 3748 00‘1'0
2685 3689 2738 3745 3⁶

520 3859 523 3864 ,
575 3819 626 3859 (¹)
650 3819 750 3859 Haec
774 3818 923 3866 quidem
951 3820 1091 3868 poetica
1116 3824 1331 3872 inscriptio,
1357 3836 1432 3862 non
1458 3831 1534 3862 tam
1558 3825 1599 3862 in
1624 3823 1838 3871 anthologia
1868 3827 1939 3859 vet.
1966 3823 2082 3869 epigr.
2109 3819 2327 3858 collocanda
2358 3819 2476 3864 foret,
2502 3828 2613 3866 quam
2643 3817 2741 3854 inter

493 3878 714 3919 christianas
737 3879 1017 3931 inscriptiones,
1044 3892 1136 3928 quas
1161 3893 1229 3923 nos
1254 3882 1360 3920 edere
1385 3884 1573 3931 coepimus
1601 3883 1734 3931 Script.
1762 3887 1832 3919 vet.
1860 3881 1902 3918 T.
1930 3882 1973 3918 V.
2004 3883 2047 3916 Λ.
2074 3881 2125 3916 Μ.
