2970 4420
509 294 598 342 196
1454 308 1604 340 Leoms
1639 308 1818 341 Arum

500 397 646 443 dorus
680 395 896 459 vapulat,
934 398 999 443 sic
1034 405 1083 442 ut
1118 396 1330 443 videatur
1369 394 1506 441 labor
1542 394 1623 441 ille
1659 404 1921 458 assumptus
1956 412 1981 443 a
2018 398 2248 460 Scaligero
2288 415 2382 447 non
2418 402 2505 448 alia
2539 401 2598 448 de
2620 417 2762 448 ‘causa

498 490 640 535 quam
669 482 722 521 ut
747 473 928 521 deiecto
949 474 1219 525 Theodoro,
1247 471 1564 534 palmam-sibi
1590 474 1638 518 in
1670 475 1845 534 graecis
1871 482 2008 535 atque
2033 474 2186 522 latinis
2212 477 2388 539 gloriae
2413 479 2760 541 adipisceretur.

496 554 600 599 Uno
625 556 777 598 tamen
809 550 958 599 verbo
983 549 1220 597 sciendum
1248 557 1341 602 est,
1370 565 1465 596 non
1491 565 1590 596 esse
1618 551 1823 604 minora,
1850 566 1970 612 quae
1994 553 2042 597 in
2067 553 2282 616 Scaligeri
2310 550 2693 618 interpretatione
2708 566 2763 602 vet

500 631 842 676 commentariis
874 629 999 674 docti
1033 634 1220 678 notant,
1248 627 1303 671 iis
1336 642 1455 687 quae
1486 628 1533 672 in
1565 626 1812 673 Theodoro
1846 627 2047 690 Scaliger
2079 638 2346 678 notaverat:
2383 634 2528 679 immo
2560 633 2761 679 eundem

497 721 593 752 non
629 705 933 766 intelligentia
961 711 1142 749 tantum
1174 701 1451 756 verborum,
1479 703 1559 749 sed
1586 705 1635 749 in
1667 719 1830 750 eorum
1863 706 2087 752 sententia
2118 708 2254 753 etiam
2286 708 2425 755 latine
2459 710 2761 771 exprimenda

494 784 759 845 saepissime
792 780 902 827 labi.
940 782 1131 827 Peracre
1156 780 1265 825 item
1295 788 1361 826 est
1386 779 1446 826 de
1476 781 1859 843 interpretatione
1882 779 2114 828 librorum
2139 773 2463 847 Theophrasti,
2491 800 2631 848 quam
2657 802 2760 832 mo-

494 859 605 905 litus
639 867 707 907 est
743 861 881 910 Gaza,
911 857 1128 902 Iohannis
1164 856 1362 918 Crispini
1395 857 1634 903 iudicium.
1674 858 1885 903 Ceteram
1921 859 2050 920 quod
2078 860 2293 906 maa-ime
2327 873 2433 908 erat
2466 863 2754 926 optandum,

493 935 873 998 eloquentissimo
899 933 997 980 viro
1022 932 1321 980 doctissimas
1343 933 1519 996 obtigit
1544 933 1795 997 interpres,
1819 935 2039 998 Scaliger
2063 935 2142 981 ille
2160 936 2389 983 nimirum
2408 939 2558 984 latine
2580 951 2625 985 et
2641 955 2760 1002 pro-

485 1013 593 1076 prie
625 1011 898 1075 eaeplicans,
931 1026 1053 1071 qaae
1081 1008 1427 1072 Theophrastus
1453 1010 1682 1056 Graeciae
1706 1011 1947 1072 quondam
1976 1012 2267 1077 tradiderat.
2304 1015 2408 1060 Hoc
2430 1015 2620 1077 quidem
2648 1032 2759 1079 per·-

490 1089 634 1135 malti
663 1088 827 1134 conati
858 1099 968 1133 sant
999 1086 1251 1150 perficere,
1283 1086 1408 1133 inter
1441 1104 1556 1149 quos
1592 1085 1857 1133 Theodorus
1892 1089 2049 1139 Gaza,
2079 1088 2151 1135 vir
2183 1090 2536 1137 eruditissimus
2568 1104 2614 1138 et
2643 1091 2760 1139 suae

491 1166 543 1210 id
573 1177 640 1210 est
673 1180 878 1228 graecae
914 1163 1112 1226 linguae
1137 1162 1484 1226 peritissimus,
1514 1163 1650 1209 cuius
1683 1180 1798 1209 sane
1831 1164 2106 1211 laudandus
2131 1177 2199 1211 est
2233 1168 2454 1218 conatus,
2484 1167 2568 1212 sed
2596 1155 2756 1216 tamen

489 1242 717 1289 hactenus
752 1253 805 1287 ut
843 1256 1161 1304 agnoscamus
1196 1240 1332 1286 illum
1369 1240 1464 1286 sive
1498 1239 1691 1304 graeci,
1729 1253 1816 1287 aut
1849 1241 1997 1287 latini
2031 1238 2260 1289 sermonis
2291 1258 2385 1289 non
2422 1243 2493 1289 ita
2527 1244 2756 1295 distincta

487 1331 778 1382 cognitione,
809 1334 910 1379 swe
929 1317 1000 1364 rei
1025 1318 1154 1379 qaod
1182 1316 1486 1364 verzmszmzlzus
1515 1330 1584 1363 est
1608 1318 1933 1381 ignoratione,
1965 1318 2171 1380 iffnfinms
2190 1320 2534 1383 propemodum
2562 1320 2612 1366 in
2643 1321 2758 1367 locis

474 1397 634 1458 faisse
659 1395 986 1444 alucinatam,¹
1016 1407 1066 1440 ut
1093 1394 1221 1441 Iulio
1244 1394 1490 1458 Scaligero
1527 1386 1779 1456 ἁρμοστῇ·
1793 1406 1838 1439 et
1870 1395 2172 1440 emendatore
2195 1411 2312 1459 opus
2336 1395 2574 1443 habuerit.
2611 1397 2759 1467 Quid-

483 1473 595 1535 quid
632 1474 689 1519 sit
718 1473 777 1519 de
811 1472 1201 1519 alucinationibus
1234 1473 1407 1524 Gazae,
1441 1487 1559 1518 anne
1591 1473 1804 1534 Crispino
1839 1472 2179 1519 eruditissimus
2211 1474 2302 1526 est,
2339 1474 2544 1535 itemque
2572 1474 2757 1536 linguae

488 1566 676 1612 graecae
702 1551 1029 1612 peritissimus,
1060 1550 1141 1611 qui
1168 1551 1320 1612 graeci
1347 1550 1574 1595 sermonis
1602 1549 1948 1595 distinctionem
1973 1549 2151 1596 nullam
2178 1549 2342 1602 habet,
2366 1560 2411 1598 et
2435 1567 2593 1598 rerum
2622 1554 2757 1613 igno—

482 1630 685 1680 ratione,
717 1627 910 1675 infinitis
941 1627 1299 1690 propemodum·
1322 1628 1368 1672 in
1397 1627 1510 1672 locis
1545 1626 1835 1673 alucinatur‘?
1869 1626 2128 1688 Scaligero,
2157 1642 2252 1689 quo
2283 1628 2408 1674 viro!
2434 1629 2559 1691 apud
2584 1630 2756 1691 Crispi-

479 1723 594 1753 num
630 1715 888 1758 asserente,
923 1706 1182 1752 innumeris
1217 1720 1367 1767 prope
1402 1720 1596 1751 suorum
1638 1705 2082 1750 commentariorum
2118 1705 2168 1750 in
2201 1704 2570 1767 Theophrastum
2610 1707 2751 1760 locis,

481 1784 781 1831 Theodorum
816 1783 1045 1829 imitatum
1080 1798 1274 1829 suorum
1311 1782 1616 1844 popularium
1649 1780 2001 1842 negligentiam,
2037 1779 2267 1842 ambiguis
2298 1780 2454 1828 verbis
2489 1783 2581 1836 uti,
2617 1784 2756 1829 nimis

479 1875 637 1906 rerum
662 1875 777 1921 quas
809 1867 974 1905 tractat
1005 1859 1221 1906 ordinem
1243 1868 1535 1923 pervertere,
1563 1868 1610 1905 et
1647 1860 1848 1921 pessime
1878 1867 1924 1904 et
1956 1858 2214 1904 semilatine
2251 1857 2525 1922 transferre,
2553 1856 2617 1905 dev
2643 1874 2754 1906 suo-

477 1953 568 2000 que
605 1936 777 2001 addere
809 1945 971 1983 contra
1005 1934 1148 1982 fidem
1183 1937 1519 1998 interpretum,
1548 1951 1668 1998 quae
1701 1944 1769 1985 est
1800 1944 1851 1981 ut
1875 1937 1977 1997 ipse
2009 1935 2209 1996 explicet
2242 1948 2337 1980 non
2369 1934 2485 1996 quid
2516 1936 2614 1998 ipse
2645 1952 2753 1983 sen-

480 2016 588 2065 tiat,
617 2013 699 2059 sed
727 2012 842 2075 quid
873 2021 1036 2059 auctor
1062 2028 1203 2074 quem
1231 2012 1423 2075 suscipit
1455 2012 1876 2075 interpretandum.
1915 2013 2083 2072 Neque·
2110 2011 2238 2057 enim·
2264 2010 2414 2058 simile
2444 2013 2535 2058 hoc
2566 2021 2634 2059 est
2670 2028 2752 2059 ne-

480 2091 690 2151 gotium,
721 2098 859 2150 atque
890 2089 939 2139 id
973 2089 1102 2151 quod
1128 2090 1187 2136 de
1215 2090 1446 2152 Sophocle
1482 2098 1621 2153 atque
1651 2078 1874 2151 Euripide
1906 2087 2253 2134 circumfertur:
2291 2088 2461 2135 horum
2494 2088 2609 2136 alter
2642 2105 2751 2158 per-

480 2183 618 2214 sonas
654 2167 815 2228 quales
853 2167 1073 2221 fuissent,
1109 2167 1226 2214 alter
1260 2168 1423 2229 quales
1457 2183 1555 2214 esse
1596 2167 1866 2214 debuissent
1900 2182 1998 2213 sese
2038 2166 2261 2228 effingere
2297 2167 2533 2229 professus
2568 2176 2652 2214 est.
2689 2168 2750 2213 At

481 2245 652 2291 latinus
685 2245 764 2305 qui
800 2260 965 2306 graeca
998 2245 1248 2306 ignorarit,
1277 2246 1312 2290 si
1338 2246 1378 2290 ei
1414 2246 1686 2291 auctoritate
1709 2244 2013 2306 Theophrasti
2047 2243 2274 2290 utendum
2304 2245 2384 2296 sit,
2414 2243 2531 2290 falso
2563 2259 2749 2308 semper

482 2323 681 2384 imponit
715 2321 892 2383 aliquid
923 2321 992 2367 illi
1019 2338 1075 2368 ex
1109 2322 1379 2374 Theodoro,
1409 2321 1536 2384 quod
1568 2322 1665 2384 ipse
1697 2322 1756 2368 de
1779 2338 1864 2368 suo
1897 2337 2153 2383 numquam
2189 2322 2485 2383 prompserit.
2524 2323 2580 2367 Et
2612 2338 2749 2387 prae-

480 2407 606 2445 terea
638 2400 786 2461 pingit
814 2400 1075 2445 orationem
1109 2414 1239 2445 suam
1267 2400 1405 2445 variis
1437 2399 1606 2445 modis.
1644 2398 1787 2444 Multa
1825 2414 1881 2444 ex
1911 2399 2231 2460 Theophrasto
2258 2397 2478 2444 subticet:
2513 2414 2664 2460 neque
2692 2415 2747 2446 ex

478 2475 632 2521 officio
661 2475 990 2537 paraphrastae
1021 2476 1150 2536 quod
1188 2467 1324 2538 saepe
1356 2475 1629 2538 profitetur,
1659 2477 2017 2538 interpretatur:
2051 2473 2306 2520 'verbo-rum
2339 2474 2486 2528 flexu,
2515 2483 2558 2520 et
2591 2475 2750 2521 verbis
2799 2479 2802 2482 ’

477 2553 798 2598 alterationem
829 2550 1196 2613 significantibus
1223 2568 1310 2615 pro
1345 2554 1430 2606 iis,
1454 2568 1572 2614 quae
1606 2551 1817 2606 habitum,
1847 2551 2108 2613 significant
2137 2566 2274 2613 saepe
2307 2550 2540 2604 abutitur,
2567 2559 2750 2598 antece-

477 2629 592 2674 dens
628 2644 772 2690 genus
807 2643 894 2690 pro
929 2630 1080 2690 specie
1110 2630 1415 2690 'consequenti
1448 2629 1606 2691 ponit:
1640 2629 1745 2674 trita
1775 2627 1919 2675 verba
1948 2628 2149 2690 defugit,
2176 2629 2382 2689 vitioque
2414 2626 2501 2673 sibi
2525 2627 2746 2689 peculiari

477 2706 826 2768 perplexissime
851 2706 1014 2758 docet,
1043 2705 1317 2752 latinitatem
1349 2723 1444 2753 non
1477 2709 1685 2753 sustinet.
1723 2707 1777 2751 Et
1802 2706 1915 2768 quid
1943 2705 2071 2752 non‘?
2104 2706 2192 2751 Hic
2225 2705 2415 2766 inquam
2443 2705 2742 2759 Theodorus,

478 2785 567 2845 qui
586 2785 708 2829 iuxta
742 2799 853 2829 cum·
886 2784 1184 2845 ignarissimis
1211 2786 1377 2837 nescit,
1407 2793 1452 2830 et
1486 2784 1823 2830 eruditissimus
1859 2792 1900 2829 et
1930 2784 2294 2845 sapientissimus
2327 2781 2747 2845 reputabitursssri-

477 2861 645 2922 spino?
680 2861 823 2906 Error
855 2861 1164 2930 eruditionem
1195 2861 1351 2923 pellit,
1381 2863 1638 2924 ignorantia
1668 2861 1955 2922 sapientiam.
1994 2860 2090 2906 Nisi
2120 2859 2166 2904 id
2192 2875 2382 2922 quoque
2413 2875 2516 2906 cum
2547 2868 2615 2907 tot
2644 2860 2744 2906 aliis

479 2939 715 2985 innocenti
752 2939 1059 3000 appingatu'r‚
1096 2938 1230 2985 illum
1267 2955 1361 2985 non
1396 2942 1450 2986 ex'
1487 2941 1777 3001 ignoratione
1810 2938 1890 2984 sed
1932 2937 2104 2983 malitia
2138 2937 2390 2983 deerrasse.
2431 2937 2517 2983 Sed
2554 2937 2742 2998 quisid

476 3014 666 3063 credet?
702 3014 791 3060 Sed
826 3015 1054 3076 pellamus
1087 3031 1111 3061 a
1144 3006 1393 3063 Theodoro
1428 3017 1663 3062 aemulum
1699 3013 2010 3076 Scaligerum.
2047 3013 2177 3075 quod
2212 3028 2487 3075 possumus;
2524 3021 2569 3059 et
2601 3028 2746 3076 quam

404 3084 411 3092 ⁸
474 3085 730 3138 honorifice
754 3091 814 3137 de
836 3092 1083 3139 Theodoro
1116 3094 1259 3140 locuti
1290 3096 1382 3140 sint
1405 3092 1636 3140 Theodori
1663 3094 1748 3139 viri
1777 3093 1888 3139 alias
1918 3090 2081 3154 probi,
2110 3099 2156 3137 et
2179 3091 2629 3137 omni-scientiarum
2659 3106 2742 3152 ge-

477 3184 588 3215 nere
623 3169 987 3223 instructissimi,
1020 3170 1278 3217 audiamus.
1317 3171 1534 3217 Nicolaus
1568 3171 1855 3217 Secundinus
1889 3171 1934 3215 in
1970 3167 2166 3231 epistola
2200 3167 2258 3212 ad
2286 3166 2605 3213 Andronicum
2639 3168 2744 3214 Cal-

476 3247 585 3292 listi.
618 3233 918 3304 Ἤχθέσθκν
953 3237 1043 3306 μὲν
1081 3234 1165 3292 οὐν
1203 3234 1455 3310 Θεοδώρῳ
1491 3235 2041 3310 ωροωκλακιζομενῳ,
2077 3257 2158 3287 και
2198 3235 2361 3294 κακῶς
2398 3233 2454 3285 ου’
2493 3233 2587 3305 ξὺν
2625 3232 2739 3306 ὃικη

475 3309 744 3373 ἀκούοντι,
779 3335 896 3374 ταις
934 3311 998 3367 δέ
1026 3337 1086 3388 γε
1126 3313 1242 3376 σαῖς
1280 3313 1399 3386 ὑπὲρ
1436 3314 1599 3368 αὐτοῦ
1634 3311 1764 3367 κατοὶ
1801 3311 1960 3374 πόδας
2001 3309 2332 3378 ἐντεὟυχῇκώς
2369 3308 2737 3379 αντιλνῖψεσιν,

474 3386 637 3443 ἦσθκν
674 3410 755 3441 και
797 3386 960 3445 κσθνιν
999 3387 1372 3462 διαφερόντως,
1407 3390 1618 3444 πολλων
1652 3413 1715 3478 222
1755 3387 1909 3444 ξ”νεκα
1951 3386 2220 3458 Θεόδωρον
2257 3386 2359 3459 γὰρ
2399 3383 2562 3457 ἔγωγε
2601 3385 2731 3442 πάνυ

475 3463 642 3529 φιλω,
673 3486 754 3516 και
796 3488 904 3538 περι
942 3470 1178 3522 πλεισΤου
1215 3491 1299 3521 τον
1337 3463 1496 3541 ἄνδρα
1523 3467 1788 3538 ποιοῦμαι
1824 3464 2023 3538 οίΓαμοιί’
2050 3487 2100 3518 τε
2141 3462 2198 3514 οὔ
2233 3461 2384 3534 μόνον
2419 3462 2583 3514 αυτοῦ
2615 3485 2736 3525 τους

476 3537 712 3609 λογους,
748 3539 835 3594 καὶ
869 3566 953 3600 την
989 3565 1112 3616 περι
1154 3544 1332 3598 «πᾶσαν
1371 3541 1655 3614 ἐπιστήμην
1693 3539 1926 3598 σωουὸην
1963 3565 2044 3604 και
2086 3541 2379 3611 ἀκρίβειαν,
2416 3538 2564 3591 ἀλλὰ
2598 3541 2735 3594 πολυ

474 3615 686 3686 μᾶλλον
721 3615 775 3668 τὸ
815 3614 964 3681 νθος,
991 3643 1077 3676 ‘rm-
1114 3618 1310 3694 οἷρεἻην,
1340 3619 1396 3672 τὸ
1431 3642 1633 3691 σεμνον,
1662 3619 1719 3674 τὸ
1754 3636 1950 3691 σωφρον
1987 3619 2033 3672 ἐν
2063 3622 2158 3690 βίῳ
2188 3638 2270 3669 και
2310 3612 2552 3684 κόσμιον,
2581 3615 2643 3668 τό
2669 3640 2731 3690 γε

475 3713 581 3764 περι
622 3689 772 3744 πάνθ’
804 3693 934 3763 ὁμοῦ
964 3693 1030 3748 τοὶ
1063 3697 1202 3751 καλοὶ
1234 3694 1443 3761 εὐφυὲς,
1473 3719 1556 3749 και
1596 3701 1717 3751 λίαν
1750 3695 2029 3762 ἐπήβολον,
2058 3693 2121 3754 ὦς
2153 3713 2193 3745 2¹
2226 3714 2303 3752 ’Πς
2332 3687 2617 3757 ff0⁶1321a=5⁹
2595 3714 2735 3746 Νίκα

474 3763 840 3831 «παντοδαπῆς,
872 3793 953 3823 και
993 3793 1078 3833 της
1114 3796 1236 3847 «ωερι
1275 3772 1331 3826 τὸ
1371 3769 1503 3833 κθος
1538 3770 1887 3842 χρηστότητος
1922 3771 2019 3824 τῶν
2055 3768 2171 3822 καθ’
2206 3790 2340 3838 ἡμας
2369 3767 2632 3825 Ελλήνων
2665 3767 2740 3823 τοὶ

475 3866 648 3918 πρωτοι
679 3843 764 3898 τὸν
801 3842 960 3919 ἄνδρα
994 3846 1176 3914 λέγοι,
1204 3873 1271 3920 μη
1309 3846 1367 3905 ἀν
1404 3849 1696 3921 &papi-noaz
1734 3871 1821 3909 τῆς
1858 3848 2128 3907 αλκθειόι.ς
2167 3853 2386 3902 Graviter
2419 3866 2580 3917 ltaque
2614 3855 2748 3905 tali,

2801 3914 2824 3927 41
