2970 4420
1222 267 1277 298 ns
1311 263 1573 298 τπεουοιιιε.
2436 249 2525 294 157

273 358 343 404 bit
369 356 501 404 Beda
535 356 584 400 in
610 352 840 400 historiae
864 353 1129 416 Anglorum
1163 352 1284 399 libro
1310 353 1394 398 11'.
1423 367 1531 415 cap.
1564 351 1607 395 1.
1636 359 1679 394 et
1704 349 1753 395 2.
1782 346 1912 393 Obiit
1939 357 2100 393 autem
2132 362 2259 395 anno
2285 351 2395 396 690.
2425 352 2530 396 Ita-

272 451 362 498 que
395 434 526 479 intra
554 420 677 477 illud
704 442 888 494 tempus
915 429 1181 477 Theodorus
1200 428 1711 493 paenitentialesuum
1739 423 2020 488 composuit,
2050 424 2101 469 in
2128 441 2219 486 quo
2244 425 2531 488 singillatim

273 509 526 572 unicuique
548 519 744 572 peccato
763 507 1088 571 paenitentias
1112 506 1358 570 imposuit,
1389 503 1786 566 confessionisque
1809 513 1854 547 et
1877 500 2189 547 absolutionis
2214 501 2334 547 ritus
2359 502 2533 547 descri-

266 587 386 651 psit..
427 586 650 633 Omnium
684 584 916 631 librorum
945 582 1366 648 paenitentialium
1400 581 1534 646 apud
1557 579 1755 627 Latinos
1782 578 1970 643 primus
2004 578 2083 624 ille
2115 574 2370 628 laudatur,
2401 579 2533 624 cuius

261 675 433 727 postea
460 662 732 708 imitatione
749 660 893 707 multi
910 659 1159 724 compositi
1173 670 1305 709 sunt,
1325 675 1441 721 quos
1464 658 1588 703 inter
1605 654 1934 703 laudatissimi
1943 654 2173 717 suerunt,
2197 670 2423 700 romanus
2442 655 2529 718 (1),

263 753 314 787 et
351 740 436 803 qui
467 739 626 786 Reduc
649 754 818 785 nomen
851 737 979 784 tulit.
1021 736 1285 808 Theodorus
1309 746 1469 781 autem
1502 749 1705 798 graecus
1731 734 2019 779 Graecorum
2047 747 2224 777 morem
2259 747 2441 795 magna
2466 749 2529 778 ex

267 828 411 882 parte
445 815 630 866 retulit,
660 814 746 878 qui
767 814 853 860 diu
877 825 989 860 ante
1014 802 1164 878 ipsius
1197 823 1425 862 aetatem,
1457 822 1508 856 ut
1543 810 1664 856 libro
1693 808 2004 873 praecedente
2033 808 2414 853 demonstratum
2439 821 2526 859 est,

269 894 396 940 mori
423 894 485 939 de
514 904 724 956 peccatis
757 891 954 938 occultis
978 890 1170 955 publice
1197 888 1480 953 paenitendi
1512 887 1928 937 renunciaverunt,
1963 885 2272 948 quotidianas
2301 901 2533 938 manuum

271 971 595 1035 impositiones
629 969 945 1019 sustulerant,
974 969 1220 1030 multaque
1250 965 1354 1012 alia
1391 964 1780 1012 immutaverunt.
1822 963 2086 1010 Theodorus
2121 963 2274 1026 igitur
2302 979 2527 1027 graecus,

270 1049 478 1094 Graecos
504 1046 744 1097 imitatus,
771 1046 940 1098 eadem
968 1044 1018 1090 in
1036 1042 1378 1108 paeni'tentiali
1398 1059 1482 1089 suo
1504 1041 1783 1106 praeteriit,
1808 1053 1858 1087 -et
1880 1056 2059 1105 poenas
2082 1051 2296 1091 tantum,
2331 1057 2411 1086 seu
2436 1041 2535 1104 epi-

267 1123 416 1170 timia
443 1123 648 1187 singulis
677 1122 889 1187 peccatis
911 1119 1236 1167 convenientia
1260 1119 1467 1166 attendit
1500 1131 1545 1165 et
1578 1118 1818 1179 definivit,
1841 1117 2033 1182 publice
2063 1129 2109 1164 et
2131 1118 2421 1164 sollemniter
2445 1118 2534 1163 im*-

266 1201 517 1265 ponenda,
552 1200 809 1263 ,si-crimen
839 1210 946 1244 erat
972 1197 1244 1262 publicum,
1276 1196 1507 1260 privatim
1540 1196 1590 1242 si
1619 1195 1885 1259 privatum.
1924 1195 2205 1258 Pontificale
2239 1195 2447 1241 Damasi
2483 1195 2532 1240 in

277 1277 538 1323 Vitaliano.
575 1275 847 1323 Theodorus
879 1274 1250 1337 archiepiscopus
1272 1274 1559 1336 peccantium
1586 1272 1777 1325 iudicia,
1805 1281 1920 1334 quot
1955 1273 2128 1319 scilicet
2163 1273 2294 1318 annis
2319 1288 2406 1334 pro
2437 1288 2532 1318 uno

271 1363 463 1417 peccato
497 1356 603 1417 quis
636 1354 870 1418 paenitere
905 1351 1098 1405 debeat,
1125 1349 1327 1397 mirabili
1360 1359 1406 1396 et
1437 1349 1632 1396 discreta
1659 1349 2029 1396 consideratione
2062 1350 2318 1413 descripsit.
2357 1349 2532 1396 Iisdem

272 1432 424 1479 verbis
459 1449 566 1478 eum
604 1431 778 1477 laudat
807 1429 988 1493 Regino
1021 1428 1074 1474 in
1106 1427 1365 1478 chronicis,
1395 1439 1539 1490 atque
1571 1427 1704 1472 Beda
1737 1426 1786 1472 in
1817 1426 1937 1473 libro
1971 1427 2030 1472 de
2064 1426 2375 1491 temporibus,
2410 1428 2533 1489 rese-

270 1520 403 1554 rente
433 1511 575 1555 Ivone
603 1506 782 1553 decreti
809 1517 951 1570 parte
971 1507 1028 1551 11,
1056 1521 1164 1569 cap.
1197 1507 1303 1551 1146.
1341 1503 1469 1550 Hinc
1503 1516 1555 1550 ut
1589 1521 1652 1548 ex
1685 1503 1833 1561 variis
1865 1503 2111 1567 capitulis,
2142 1518 2264 1566 quae
2297 1519 2532 1549 canonum

272 1598 319 1633 et
349 1587 628 1651 regularum
661 1583 1090 1631 ecclesiasticarum
1117 1583 1399 1648 posteriores
1434 1584 1699 1629 collectores
1722 1599 1787 1628 ea·
1813 1599 1866 1628 eo
1896 1583 2049 1646 citant
2062 1619 2074 1633 ,
2102 1583 2414 1645 manifestum
2437 1595 2526 1633 est,

271 1662 392 1726 quid
415 1662 719 1727 potissimum
758 1661 807 1708 in
841 1660 1182 1726 paenitentiali
1213 1660 1307 1707 sibi
1345 1660 1610 1707 Theodorus
1645 1659 1964 1724 proposuerit.
2001 1661 2172 1722 Itaque
2214 1659 2531 1705 innovationis

271 1755 396 1802 quae
431 1739 481 1784 in
515 1738 711 1785 ecclesia
745 1738 902 1785 latina
925 1738 1077 1800 sacta
1110 1749 1201 1790 est,
1238 1754 1476 1801 quamque
1508 1737 1770 1783 describere
1798 1735 1886 1782 hoc
1919 1735 2041 1782 libro
2075 1735 2209 1782 nobis
2237 1736 2531 1800 propositum

270 1828 360 1867 est,
391 1816 528 1880 origo
553 1828 598 1861 et
632 1815 817 1862 occasio
842 1815 1010 1880 prima
1027 1814 1138 1878 suit
1171 1810 1400 1862 Theodori
1422 1814 1786 1879 paenitentialis
1818 1808 1897 1860 ille
1927 1813 2070 1864 liber,
2105 1814 2392 1860 Graecorum
2426 1812 2535 1857 imi-

268 1893 453 1940 tatione
475 1892 783 1957 compositus,
812 1904 859 1939 et
883 1892 1025 1939 annis
1047 1892 1438 1956 vigintiquinque,
1455 1904 1541 1938 aut
1562 1892 1712 1956 paulo
1738 1891 1896 1937 minus
1923 1902 2035 1936 ante
2063 1890 2530 1954 septingentesimum

263 1970 323 2016 -in
342 1970 523 2035 Anglia
559 1970 736 2022 editus,
763 1982 810 2016 et
840 1971 990 2034 paulo
1016 1982 1134 2033 post*
1154 1986 1243 2034 per
1270 1969 1539 2016 universam
1573 1969 1820 2015 ecclesiam
1850 1968 2056 2014 latinam
2079 1967 2356 2031 divulgatus
2388 1979 2431 2012 et
2457 1985 2531 2012 ce-

265 2048 498 2095 lebratus.
536 2050 591 2094 Et
617 2049 665 2094 in
693 2048 908 2110 antiquos
930 2047 1278 2111 paenitentiales
1302 2045 1450 2094 libros
1478 2047 1764 2110 praefatione
1788 2046 1914 2092 idem
1941 2047 2164 2092 Mor-inus.
2204 2045 2532 2091 Paenitentia·
2578 2082 2581 2085 .
2616 2067 2623 2074 =

272 2125 331 2172 tis
366 2125 446 2173 ille
481 2128 519 2172 T
515 2125 712 2172 heoderi
735 2136 979 2190 tantopere
1002 2125 1263 2171 celebratus
1286 2125 1498 2190 nondum
1521 2136 1590 2170 est
1620 2123 1793 2170 editus.
1831 2123 2051 2170 Plurima
2079 2140 2142 2168 ex
2175 2139 2228 2168 eo
2256 2123 2529 2183 referuntur

263 2218 304 2250 a
327 2201 632 2254 Bucclzardo,
654 2202 819 2254 Ivone,
845 2202 1101 2253 Gratiano,
1125 2214 1171 2248 et
1193 2201 1452 2267 Reginonis
1473 2201 1744 2248 collectione
1766 2200 2113 2264 manuscripta.
2142 2199 2389 2246 Neminem
2411 2199 2535 2244 milii

271 2279 426 2342 legem
457 2279 661 2343 contigit
691 2278 943 2331 hactenus,
973 2278 1060 2343 qui
1089 2277 1320 2325 Theodori
1341 2278 1740 2344 paenitentialem
1763 2294 1811 2324 se
1838 2277 2008 2325 vidisse
2033 2277 2360 2341 profiteretur,
2386 2293 2531 2340 prae-

270 2367 344 2401 ter
365 2355 628 2402 Henricum
646 2356 1010 2420 Spelmannum,
1031 2351 1341 2402 conciliorum
1366 2354 1735 2419 anglicanorum
1758 2355 2072 2405 collectorem,
2097 2353 2182 2417 qui
2204 2365 2408 2399 testatur
2426 2370 2531 2399 ma-

270 2433 567 2497 nuscriptum
600 2432 870 2481 conservari
891 2432 943 2478 in
965 2432 1139 2479 celebri
1161 2431 1444 2480 bibliotheca
1476 2433 1636 2479 sancti
1655 2431 1903 2479 Benedicti
1932 2431 2336 2495 cantabrigiensis
2349 2469 2361 2483 ,
2391 2449 2415 2477 e
2439 2449 2530 2486 quo

271 2520 462 2555 tantum
495 2509 749 2573 exscripsit
781 2509 947 2556 titulos
979 2509 1318 2573 capitulorum.
1355 2510 1564 2556 Plurimi
1595 2525 1710 2556 sane
1737 2503 1852 2556 sunt
1880 2508 2042 2560 tituli,
2082 2510 2167 2571 qui
2197 2513 2529 2572 praeseferunt

270 2586 528 2632 materiam
545 2586 790 2650 proposito
813 2599 972 2633 nostro
995 2587 1484 2634 convenientissimam
1507 2600 1552 2633 et
1575 2587 1917 2637 utilissimam,¹
1935 2599 1979 2633 et
2002 2586 2278 2650 dignissimi
2296 2599 2398 2633 tam
2414 2605 2529 2650 pro-

267 2674 376 2728 pter
410 2663 688 2714 materiam,
715 2679 862 2726 quam
894 2675 1090 2727 propter
1120 2664 1484 2727 antiquitatem,
1520 2664 1606 2727 qui
1637 2664 1699 2710 ab
1729 2664 1892 2727 aliquo
1917 2663 2103 2727 publici
2134 2664 2253 2710 iuris
2278 2665 2408 2723 fiant
2443 2665 2523 2726 (2).

267 2740 422 2803 Opere
437 2739 650 2802 pretium
675 2750 838 2786 tamen
860 2751 976 2786 esset
1005 2740 1272 2804 scripturae
1294 2740 1619 2788 characterem
1642 2741 1965 2791 considerare,
1996 2757 2060 2786 an
2086 2741 2311 2803 antiquus
2324 2778 2334 2791 ,
2366 2758 2430 2786 an
2455 2758 2528 2786 re-

271 2816 478 2862 centior:
507 2816 677 2862 deinde
711 2831 834 2879 quae
852 2833 939 2862 ex
955 2833 1008 2862 eo
1030 2816 1093 2862 ab
1119 2818 1333 2880 antiquis
1355 2818 1631 2880 reseruntur
1660 2834 1957 2882 comparare.
1994 2819 2146 2867 Nam.
2181 2829 2233 2863 ut
2256 2833 2396 2881 saepe
2427 2835 2527 2863 mo-

269 2892 487 2944 nuimus,
516 2892 638 2938 addi
659 2893 941 2957 plerumque
967 2894 1121 2939 solent
1145 2893 1379 2941 eiusmodi
1404 2894 1544 2941 tibris
1573 2896 1804 2942 nonnulla
1832 2894 1943 2941 usui
1962 2907 2208 2958 temporis,
2236 2911 2327 2956 quo
2352 2895 2527 2941 descri-

271 2969 472 3021 buntur,
502 2969 884 3016 accommodata.
1415 3014 1421 3023 .

400 3048 530 3094 XCV.
567 3047 799 3094 Theodori
827 3048 1035 3110 episcopi
1063 3061 1171 3110 pars
1203 3021 1431 3094 homiliae
1463 3049 1613 3095 dictae
1647 3049 1961 3102 Chalcedone,
1995 3065 2099 3095 cum
2137 3050 2340 3111 episcopi
2374 3050 2527 3096 essent

265 3123 458 3171 ¹abituri.
495 3124 716 3171 Eiusdem
750 3123 950 3188 epistola
983 3124 1054 3169 ad
1081 3124 1414 3171 Ale-vandram
1446 3124 1852 3188 hierapolitanum
1886 3127 2055 3188 scripta
2087 3126 2392 3172 Chalcedone.
2433 3129 2524 3173 Ro-

268 3200 432 3248 hertus
464 3203 649 3250 Winter
684 3202 871 3249 excudit
901 3201 1102 3248 Basileae
1138 3217 1260 3249 anno
1290 3203 1478 3249 Domini
1515 3204 1655 3249 1542.
1692 3199 1800 3249 cu'm
1839 3203 1938 3249 aliis
1975 3202 2254 3264 quibusdam
2291 3205 2524 3266 synodicis

270 3278 694 3325 constitutionibus.
733 3280 961 3325 Gesnerus
994 3280 1042 3324 in
1077 3277 1376 3326 bibliotheca.
2024 3287 2029 3309 ⁹

401 3355 552 3402 xcvt.
582 3355 820 3402 Theodori
841 3355 1132 3402 Rhodiorum
1154 3343 1286 3403 ducis
1306 3367 1754 3402 commentariorum
1774 3345 1984 3402 meminit
2001 3356 2164 3403 Suidas
2183 3372 2297 3404 voce
2331 3349 2523 3420 πανικῷ

273 3417 494 3492 δείματι.
531 3423 698 3477 Τοῦτο
725 3423 913 3490 γίνέΤαι
942 3418 1080 3517 παροέ
1106 3421 1224 3483 τοὺς
1251 3427 1554 3495 πολεμίους,
1585 3419 1853 3497 Θεοδώρου
1880 3423 1976 3476 τοῦ
2002 3421 2212 3479 ‘'Podiwv
2243 3425 2522 3499 orpus-nso&

276 3497 322 3551 ἐν
360 3496 679 3570 ὑπομνήμασι
715 3497 990 3568 λέγοντος,
1026 3521 1102 3551 οτι
1139 3496 1456 3592 κροῖτισἻόν’
1437 3521 1569 3553 εστιν
1606 3499 1654 3555 ἐν
1688 3500 1800 3561 τοῖς
1832 3497 2091 3562 τοιούτοις
2122 3523 2322 3597 καιροις
2354 3501 2518 3573 μένειν

270 3572 350 3627 ἐπι
388 3597 485 3630 των
522 3571 717 3638 οπλων,
753 3598 834 3630 και
872 3598 958 3632 την
993 3575 1211 3645 κσυχιαν
1245 3572 1399 3645 ξ’·χειν
1435 3573 1591 3637 αὕτός
1621 3598 1674 3629 τε
1708 3573 1948 3650 περιθέων
1984 3576 2142 3644 ἐβόα,
2177 3576 2266 3632 zai
2301 3576 2390 3632 διὰ
2423 3602 2518 3649 των

356 3714 404 3756 (ι)
426 3713 483 3750 De
506 3713 761 3761 paenitentiali
785 3724 940 3752 romano
965 3713 1148 3762 copiosam
1173 3712 1307 3751 eruditi
1333 3713 1495 3752 hominis
1526 3714 1818 3754 dissertationem
1847 3715 1961 3755 habes
1991 3716 2029 3754 in
2053 3723 2179 3765 nostro
2204 3718 2432 3766 Scriptorum
2457 3728 2514 3755 ve-

269 3775 390 3807 terum
416 3776 515 3810 tomo
538 3778 653 3811 sexto.
678 3776 726 3810 A.
752 3775 808 3811 Μ.
1239 3787 1244 3792 ’

354 3832 403 3875 (2)
427 3832 536 3869 Nunc
560 3833 684 3880 plures
708 3839 833 3872 extant
857 3833 1130 3882 paenitentialis
1153 3832 1339 3872 Theodori
1364 3833 1556 3873 editiones.
1585 3836 1629 3874 A.
1657 3836 1707 3872 Μ
