2970 4380
411 257 503 302 596
1476 263 1607 293 ianr-:x

390 415 482 451 ³Olei
513 410 696 450 benedicti
734 409 816 456 pius
846 418 936 445 usus
964 406 1012 443 ad
1042 405 1275 443 infirmitates
1303 417 1338 453 p.
1371 410 1456 443 343.

400 470 629 523 Olympiadis
654 468 858 506 liberalitas
888 478 923 514 p.
952 470 1034 502 272.

388 531 573 581 ‘Origems
597 530 736 567 falsum
763 538 900 564 nomen
923 527 964 562 in
989 525 1114 563 codice
1139 529 1209 562 vat.
1231 534 1275 572 Ἰ).
1306 528 1360 560 17.
1389 525 1479 561 Eius

449 591 699 639 fragmentum
727 599 762 634 p.
786 590 867 623 239.

390 649 650 688 ‘orthodoxiae
675 644 907 683 hebdomada
934 656 969 692 p.
998 647 1079 688 362,
1106 647 1143 680 et
1166 643 1299 680 festum
1319 643 1358 680 in
1385 643 1503 691 prima

474 707 656 746 dominica
673 704 976 752 quadragesimae
993 714 1028 750 p.
1049 706 1128 739 549.
1151 702 1200 745 (i.
1221 712 1254 738 e.
1270 700 1405 740 festum
1425 701 1504 738 cul·

475 765 535 804 tiis
557 777 606 804 ss.
627 764 872 812 imaginum.)
991 807 994 811 .

940 822 967 857 P

410 884 636 933 Palimpsesti
654 883 728 921 duo
745 883 784 919 ia
810 881 944 929 quibus
970 880 1085 917 latent
1109 879 1348 917 mechanicus
1363 883 1399 916 et
1424 889 1506 916 ma·

476 944 700 983 thematicus
724 953 760 990 p.
789 945 846 978 64.
880 939 966 977 adn.

407 1005 599 1043 Pantheon
626 1003 764 1040 sactum
794 999 1038 1037 christianum
1069 1009 1106 1045 p.
1135 996 1269 1035 XLVI.

407 1064 606 1102 Parabolae
629 1061 801 1098 liberiore
825 1069 934 1096 sensu
960 1062 1048 1095 sunt
1073 1056 1334 1105 intelligendae
1365 1068 1401 1106 p.
1421 1060 1505 1094 562.

408 1123 603 1162 Paradisus
628 1132 703 1158 non
728 1119 899 1156 differtur
923 1116 1047 1164 dignis
1071 1122 1153 1164 post
1182 1116 1327 1155 obitum
1355 1127 1391 1164 p.
1421 1120 1505 1157 533,

477 1194 578 1230 seqq.
603 1182 730 1227 Neque
747 1188 884 1227 poenae
907 1175 1109 1213 inferorum
1129 1175 1309 1224 improbis
1322 1204 1333 1223 ‚
1351 1174 1507 1214 ibidem.

406 1241 594 1280 Paschatis
611 1250 691 1277 vera
710 1237 788 1274 dies
814 1236 992 1274 definitur
1010 1247 1029 1272 a
1058 1235 1186 1273 Niceta
1211 1234 1320 1273 Seido
1339 1246 1373 1283 p.
1395 1239 1481 1271 493.

408 1302 585 1341 Patientia
603 1305 639 1337 et
657 1297 916 1346 longanimitas
933 1295 1239 1333 commendantur
1258 1307 1294 1343 p.
1314 1299 1399 1333 465.
1424 1305 1503 1342 seq.

361 1359 365 1362 ’
409 1362 528 1399 Patmi
552 1358 695 1396 insulae
719 1356 863 1394 codices
888 1353 1147 1392 describuntur
1172 1365 1206 1402 p.
1234 1359 1316 1392 537.
1345 1365 1421 1402 seq.

408 1420 554 1458 Paulini
579 1418 669 1463 (S.)
694 1415 819 1453 nolani
845 1413 1047 1451 editionem
1083 1413 1373 1451 muratorianam
1401 1412 1508 1451 valde

480 1477 669 1526 castiga-vit
693 1477 800 1513 Vitus
827 1474 1037 1511 Iuvenatius
1061 1474 1160 1511 notis
1185 1483 1274 1512 mss.
1301 1484 1338 1521 p.
1366 1477 1446 1511 132.

411 1543 538 1577 Persae
555 1535 732 1574 obsident
758 1533 1116 1581 Constantinopolim
1148 1544 1183 1581 p.
1212 1538 1295 1571 423.

409 1602 559 1636 Petasus
583 1593 803 1644 apostolicae
827 1587 1021 1640 dignitatis
1035 1598 1295 1631 ornamentum
1313 1603 1348 1641 p.
1364 1592 1506 1629 XLIII·-

408 1661 536 1696 Petrus
561 1654 759 1702 singularis
783 1652 1026 1690 abstinentiae
1050 1652 1257 1690 monachus
1281 1662 1318 1700 p.
1345 1654 1428 1688 354.

410 1717 584 1755 Phantini
609 1715 694 1760 (S.)
723 1712 875 1750 historia
903 1722 958 1759 gr.
985 1711 1026 1748 in
1054 1709 1138 1748 cod.
1167 1715 1238 1747 vat.
1263 1721 1299 1758 p.
1330 1713 1412 1748 513.

408 1778 514 1814 Philo
530 1774 663 1822 aliquis
688 1784 737 1810 an
761 1772 873 1809 fuerit
897 1775 1026 1808 auctor
1050 1769 1136 1808 libri
1160 1770 1368 1817 Sapientiae
1386 1780 1423 1816 p.
1444 1773 1504 1806 48.

411 1835 575 1873 Philonis
603 1832 725 1870 iudaei
743 1831 836 1868 alex.
863 1830 1000 1877 scripta
1019 1829 1137 1866 multa
1165 1839 1284 1877 nuper
1308 1827 1404 1866 edita
1423 1838 1507 1865 me-

480 1898 671 1931 morantur
695 1902 729 1938 p.
758 1894 815 1927 67.
843 1899 945 1936 seqq.

409 1953 621 1992 Philonium
650 1948 858 1988 antidotum
885 1959 920 1995 p.
949 1950 1007 1984 54.

411 2012 603 2060 Philoponi
631 2010 756 2054 (Iob.)
781 2007 1028 2046 summarium
1051 2005 1234 2054 {epistolae
1259 2005 1305 2044 ad
1332 2005 1507 2044 ruscinia-

479 2083 570 2110 num
596 2072 685 2118 imp.
705 2068 753 2106 *in
777 2067 903 2105 codice
926 2067 1069 2116 syriaco
1094 2077 1129 2114 p.
1160 2070 1240 2103 147.

410 2133 524 2171 Piscis
548 2129 755 2181 symbolum
781 2128 892 2165 feriae
917 2127 1084 2177 esurialis
1110 2138 1146 2174 p.
1175 2127 1256 2163 XL.

409 2194 514 2230 Plato
538 2188 721 2227 Theodori
745 2185 906 2224 studitae
931 2185 1136 2224 avunculus
1161 2189 1198 2221 et
1214 2185 1439 2223 monasticae
1457 2186 1506 2222 vi-

480 2256 540 2287 tae
566 2247 741 2294 magister
767 2256 801 2291 p.
829 2248 910 2280 298.

406 2312 541 2347 Preces
565 2305 671 2354 quasi
698 2315 762 2352 pro
786 2302 922 2340 sanctis
947 2301 985 2338 in
1008 2300 1157 2348 liturgia
1178 2310 1305 2348 graeca
1321 2300 1506 2348 quomodo

481 2364 742 2412 intelligendae
767 2374 803 2410 p.
830 2366 912 2398 574.
939 2363 994 2398 De
1019 2360 1087 2397 hac
1110 2371 1150 2396 re
1175 2364 1272 2397 extat
1294 2358 1506 2407 disquisitio

483 2438 552 2464 ms.
567 2423 799 2462 Pantaleonis
814 2419 1003 2458 cuiusdam
1024 2421 1063 2456 in
1073 2417 1203 2456 codice
1220 2419 1396 2455 allatIano
1418 2422 1505 2462 (60.)

407 2486 653 2524 Procimenon
678 2479 767 2529 quid
792 2481 841 2516 sit
867 2490 901 2525 p.
930 2481 1011 2514 588.

414 2543 546 2582 Proelii
571 2540 710 2578 navalis
734 2538 781 2576 ad
805 2537 1026 2575 Blachernas
1050 2533 1246 2582 descriptio
1271 2545 1307 2581 p.
1327 2538 1409 2571 432.
1425 2543 1502 2582 seq.

412 2604 520 2643 Pselli
544 2601 685 2640 lexicon
710 2608 880 2647 graecum
904 2596 944 2633 in
969 2593 1093 2632 codice
1114 2599 1188 2631 vat.
1216 2604 1250 2641 p.
1278 2597 1335 2630 25.

945 2685 977 2720 R

413 2771 621 2828 Rationalis
640 2776 762 2815 cultus
787 2785 853 2812 cnr
877 2772 1021 2810 dicatur
1046 2770 1156 2810 missa
1177 2769 1211 2820 ρ’.
1233 2776 1314 2809 558.

412 2839 533 2878 Rheni
558 2836 723 2875 fluminiS
748 2834 799 2871 vis
825 2832 1038 2878 discretiva,
1065 2837 1108 2869 ut
1132 2831 1269 2868 dIcitur
1293 2842 1329 2879 p.
1356 2835 1436 2868 532.

414 2901 562 2936 Rivetus
587 2894 751 2933 Andreas
779 2892 1012 2930 calvinianus
1042 2890 1107 2928 diu
1129 2890 1312 2929 refellitur
1337 2901 1357 2928 a
1381 2892 1503 2929 Leone

483 2955 621 2994 Allatio
646 2966 681 3016 p.
702 2958 760 2990 97.
782 2962 882 2999 seqq.
947 3009 971 3045 S

416 3073 616 3112 Sarabazus
643 3072 835 3108 Persarum
859 3067 933 3104 dux
959 3078 994 3115 p.
1021 3071 1103 3104 424.

416 3133 581 3171 Schisma
606 3140 777 3178 graecum
804 3139 877 3165 non
903 3139 945 3166 ex
969 3127 1184 3175 dogmatum
1217 3129 1386 3166 varietate
1403 3156 1413 3174 ‚
1439 3128 1503 3166 sed
1532 3142 1534 3144 ’

462 3203 503 3229 ex
546 3190 744 3228 ambitione
787 3193 909 3225 ortum
949 3193 1005 3224 est
1038 3198 1072 3235 p.
1113 3192 1168 3224 10.
1197 3187 1238 3224 ld
1272 3188 1505 3227 confirmabit

463 3250 641 3298 Georgius
668 3246 866 3285 Metochita
890 3256 974 3283 mox
1003 3246 1184 3284 citandus.

409 3309 621 3346 schismata
640 3306 738 3343 varia
761 3306 984 3344 Graecorum
1004 3315 1023 3341 a
1043 3315 1194 3343 romana
1218 3306 1366 3344 ecclesia
1380 3334 1390 3351 ‚
1411 3317 1504 3354 quae

487 3367 633 3404 Nicetas
658 3365 919 3414 chartophylax
943 3365 1120 3403 nicaenus
1153 3371 1344 3403 enumerat
1366 3366 1504 3414 impro-

486 3426 622 3472 batque
647 3435 681 3472 p.
707 3427 789 3461 446.
816 3433 892 3471 seq.

409 3486 625 3534 ‘Scripturae
637 3494 759 3520 sacrae
770 3482 934 3521 studium
945 3484 1113 3532 ,apprime
1122 3485 1366 3523 necessarium
1381 3490 1502 3534 p.459.

418 3545 635 3594 Scytharum
659 3543 829 3579 incursus
853 3543 948 3580 circa
979 3543 1207 3590 Bosphorum
1231 3555 1267 3591 p.
1289 3549 1370 3582 385.

420 3604 570 3650 Sergius
595 3600 802 3650 patriarcha
826 3600 1048 3649 byzantinus
1073 3602 1340 3650 (intelligitur)
1368 3615 1403 3652 p.
1422 3608 1502 3641 427.

412 3663 611 3700 Sermones
634 3663 955 3708 ἀναγινωσκόμενοι,
988 3660 1027 3698 id
1051 3666 1106 3698 est
1130 3661 1194 3709 qui
1228 3662 1442 3710 legebantur
1466 3663 1505 3700 in
1550 3658 1552 3662 ’

491 3722 665 3759 eccleSIis.
693 3722 783 3758 Item
809 3723 856 3769 μή
883 3721 1185 3769 ἀναγινωσκόμενοι
1212 3733 1247 3770 p.
1276 3726 1335 3758 21.

422 3781 603 3818 Severiani
628 3781 825 3829 gabalitani
851 3780 1095 3828 fragmentum
1128 3793 1163 3829 p.
1190 3786 1270 3819 239.

422 3839 589 3878 Silvanus
614 3841 803 3888 episcopus
827 3840 997 3878 hierosol.
1025 3852 1061 3888 p.
1088 3845 1168 3878 272.

1573 346 1724 384 Simeon
1750 346 1963 384 *monachus
1998 348 2256 396 admirabilis,
2291 351 2412 392 dictus
2446 355 2673 398 obedientiae

1646 406 1746 443 filius
1772 417 1807 453 p.
1835 410 1916 443 349.
1959 454 1961 457 Ι

1574 465 1730 502 Slainnii
1755 465 1986 513 patriarchae
2010 467 2147 516 scripta
2172 468 2212 505 in
2237 468 2343 507 codd.
2367 479 2439 511 vat.
2464 486 2501 523 p.
2527 480 2585 513 27,

1577 523 1806 571 Sophronias
1830 524 2014 562 Theodori
2038 526 2080 563 in
2099 525 2234 564 Studio
2258 537 2442 568 successor
2464 544 2500 581 p.
2528 539 2609 571 349.

1578 582 1737 629 Spiritus
1761 584 1880 620 sancti
1917 585 2102 631 processio
2119 585 2236 624 etiam
2261 597 2282 624 a
2307 587 2401 625 Filio
2429 600 2465 636 p.
2494 597 2570 630 115.
2598 597 2667 632 Ε3-

1650 641 1734 679 dem
1750 643 1887 690 prolixe
1903 644 2122 692 ventilatur„
2140 645 2289 693 eiusque
2307 651 2567 692 controversiae
2582 654 2669 702 dog-

1651 701 1806 738 maticae
1830 703 2074 741 summarium
2101 705 2277 742 recitatur
2295 716 2330 753 p.
2350 710 2433 743 445.
2456 708 2574 754 Quam
2589 723 2672 750 vero

1650 769 1719 796 nos
1744 760 1979 807 exposuimus
2004 762 2042 799 in
2067 762 2178 800 huius
2209 762 2454 803 bibliothecae
2487 771 2585 805 tomo
2606 772 2667 809 tv.

1650 818 1820 855 notitiam
1838 819 1975 858 codicis
1989 822 2378 870 constantinopolitani
2394 824 2489 863 circa
2506 825 2576 862 hoc
2588 825 2678 875 dog-

1652 887 1713 914 ma
1746 879 1931 926 corrupti,
1961 891 2003 917 ea
2036 880 2132 918 helle
2164 882 2404 921 confirmatur
2441 884 2488 921 ab
2523 885 2679 924 historia

1646 935 1791 974 ‘inedita
1824 949 2038 985 graecorum
2073 940 2314 980 schismatum
2347 948 2495 981 auctore
2518 944 2682 995 Georgio

1652 996 1853 1034 Metochita
1867 1024 1878 1042 ‚
1904 999 2010 1039 cuius
2034 999 2179 1048 insigne
2201 1010 2294 1049 opus
2317 1012 2386 1039 nos
2405 1002 2651 1050 vulgabimus:

1583 1054 1759 1101 Stephani
1778 1055 1974 1094 Aldoensis
1989 1059 2219 1106 patriarchae
2234 1059 2500 1099 Maronitarum
2523 1072 2615 1110 opus
2630 1062 2679 1100 de

1652 1122 1684 1149 s.
1711 1113 1822 1151 missa
1846 1114 2064 1154 describitur
2082 1128 2122 1165 p.
2149 1121 2232 1157 545.

1583 1174 1761 1222 Stephani
1793 1176 2020 1215 alexandrini
2056 1179 2208 1227 epistola
2233 1190 2269 1227 p.
2296 1183 2355 1217 94.

1582 1233 1750 1271 Studitae
1773 1236 1945 1273 nonnulli
1971 1237 2115 1276 virtutis
2139 1239 2291 1277 eximiae
2316 1251 2353 1287 p.
2379 1245 2460 1279 301.
2488 1245 2570 1279 344.

1582 1292 1751 1341 synodus
1779 1295 1905 1343 ianua
1929 1295 1976 1333 ad
2000 1292 2191 1345 Quercum'
2209 1309 2244 1346 p.
2271 1303 2353 1337 278.

1583 1413 1724 1451 Tarasii
1749 1415 1976 1463 patriarchae
2001 1417 2244 1456 ecclesiastica
2269 1420 2482 1457 oeconomia
2500 1430 2565 1458 seu
2589 1431 2680 1469 pru-

1655 1471 1779 1511 dentia
1805 1475 2001 1513 ventilatur
2025 1487 2061 1524 p.
2080 1481 2162 1514 310.
2179 1487 2255 1524 seq.
2275 1478 2366 1515 Item
2391 1479 2588 1527 Nicephori
2613 1489 2676 1527 pa·

1655 1533 1834 1572 triarchae
1858 1546 1894 1583 p.
1921 1539 2003 1574 319.

1582 1591 1727 1640 Templi
1752 1593 1909 1640 figuram
1935 1601 2080 1641 gestant
2104 1595 2275 1634 manibus
2294 1598 2413 1635 sancti
2430 1598 2594 1638 eiusdem
2611 1588 2672 1637 tu·
2731 1606 2734 1609 “

1651 1652 1783 1690 telares
1805 1654 1846 1691 In
1871 1655 2031 1693 romaniS
2055 1656 2205 1693 musivis
2229 1661 2266 1694 et
2289 1657 2379 1695 alibi
2403 1669 2441 1707 p.
2469 1660 2607 1696 XLIX.

1583 1713 1748 1754 Θεοτόκος
1774 1713 1941 1751 vocabuli
1965 1724 2057 1752 usus
2082 1720 2167 1752 ante
2189 1715 2400 1754 Nestorium
2432 1728 2467 1765 p.
2494 1722 2552 1755 9¹7.

1581 1770 1789 1808 Theoctiste
1813 1772 1994 1810 Theodori
2018 1773 2183 1811 Studitae
2209 1779 2325 1812 mater
2340 1803 2350 1821 ‚
2378 1786 2399 1813 a
2424 1776 2501 1814 filio
2525 1777 2674 1815 funebri

1650 1833 1815 1870 orati0ne
1846 1834 2021 1880 laudata,
2056 1845 2149 1882 quae
2186 1846 2288 1872 nunc
2323 1837 2495 1886 vulgatur
2523 1850 2556 1886 p.
2587 1843 2672 1878 364.

1648 1902 1750 1939 seqq.
1776 1892 1841 1929 ubi
1869 1893 2020 1932 virtutes
2046 1894 2124 1932 eius
2151 1899 2188 1932 et
2214 1901 2294 1933 acta
2321 1897 2394 1934 vita
2421 1904 2667 1946 exponuntur.

1642 1951 1932 1998 superstitiones
1956 1962 2061 1990 exosa
2086 1964 2123 2002 p.
2150 1957 2230 1991 365.
2265 1954 2356 2001 Erga
2374 1955 2533 1994 famulos
2559 1957 2668 1994 mise-

1649 2010 1764 2048 ricors
1785 2011 1896 2049 simul
1912 2017 1949 2048 et
1963 2011 2139 2049 iracunda
2157 2017 2237 2050 367.
2257 2018 2337 2052 368.
2356 2019 2436 2053 376.
2459 2016 2519 2053 Fit
2543 2027 2670 2054 mona-

1643 2071 1718 2108 ‘cha
1749 2081 1833 2108 cum
1864 2070 2031 2108 universa
2056 2070 2195 2108 familia
2227 2082 2264 2119 p.
2295 2075 2377 2109 369.
2407 2075 2563 2110 Aemula
2593 2077 2668 2111 Na-

1649 2130 1757 2167 taliae
1782 2136 1818 2168 et
1841 2130 2029 2168 Priscillae
2054 2141 2090 2178 p.
2118 2135 2199 2169 373.
2217 2130 2424 2179 Religiosae
2445 2133 2670 2180 paupertatis

1641 2189 1812 2228 ⁴studiosa
1830 2201 1865 2237 p.
1885 2194 1966 2227 376.
1992 2190 2074 2230 Vita
2097 2189 2176 2228 eius
2204 2191 2402 2236 asperrima
2425 2202 2460 2237 p.
2489 2195 2570 2227 375.
2590 2202 2667 2239 seq.

1578 2249 1811 2285 Theoctistus
1833 2249 1967 2285 nobilis
1997 2248 2198 2285 monachus
2219 2258 2255 2294 p.
2282 2251 2363 2283 354.

1577 2305 1796 2343 Theodoreti
1824 2306 1919 2342 liber
1949 2304 2161 2352 deperditus
2189 2314 2254 2351 pro
2280 2303 2471 2341 Theodoro
2495 2315 2665 2352 mopsue-

1647 2370 1775 2409 steno,
1807 2369 1843 2401 et
1867 2363 2026 2401 Diodoro
2053 2363 2205 2400 tarsensi
2232 2373 2266 2409 p.
2292 2366 2370 2399 134.

1576 2423 1779 2461 Theodoria
1806 2428 1902 2459 secta
1931 2433 1950 2458 a
1979 2421 2171 2458 Theodoro
2201 2421 2308 2457 atheo
2335 2419 2432 2456 dicta
2464 2431 2499 2467 p.
2524 2421 2598 2464 77.)ί

1576 2480 1757 2518 Theodori
1782 2480 1974 2516 christiani
2000 2479 2155 2526 plurimi
2174 2478 2214 2514 in
2240 2477 2456 2526 hagiologiis
2482 2488 2519 2526 p.
2545 2482 2603 2515 87.

1575 2539 1758 2577 Theodori
1785 2539 1903 2576 Gazae
1928 2538 2062 2585 scripta
2088 2538 2184 2574 varia
2207 2535 2328 2573 adhuc
2353 2535 2492 2574 inedita
2513 2544 2670 2576 enume-

1645 2603 1776 2635 rantur
1803 2608 1837 2645 p.
1860 2600 1938 2634 194.
1965 2605 2040 2644 seq.

1576 2656 1758 2695 Theodori
1784 2656 2011 2694 heracleotae
2033 2654 2238 2702 fragmenta
2259 2655 2527 2703 moesogothica
2550 2665 2673 2703 nuper

1646 2717 1743 2755 edita
1777 2728 1812 2764 p.
1846 2720 1923 2754 116.
1950 2717 1996 2752 Et
2018 2726 2146 2761 graeca
2169 2715 2209 2752 in
2233 2715 2378 2753 Esaiam
2400 2726 2436 2762 p.
2459 2718 2541 2751 214.
2564 2725 2667 2764 seqq.

1569 2776 1757 2814 'Theodori
1785 2776 1877 2824 lapsi
1906 2775 2060 2824 epistola
2088 2774 2284 2812 ventilatur
2307 2784 2347 2822 p.
2377 2778 2455 2811 131.
2483 2785 2561 2822 seq.

1568 2835 1758 2875 'Theodori
1775 2836 1921 2874 lectoris
1938 2834 2165 2883 prooemium
2193 2834 2366 2871 historiae
2393 2845 2428 2882 p.
2463 2838 2546 2871 153.
2569 2834 2669 2871 Olim

1644 2895 1819 2933 dederant
1834 2894 2047 2942 Readingus
2065 2898 2103 2931 et
2116 2893 2284 2930 Valesius
2299 2903 2341 2929 ex
2365 2891 2471 2930 codd.
2491 2892 2672 2931 auatiano

1645 2959 1681 2991 et
1706 2959 1852 2997 veneto,
1879 2952 1943 2990 sed
1970 2962 2047 2990 non
2078 2952 2158 2989 sine
2188 2949 2344 2989 mendis.
2374 2951 2520 2989 Tertius
2557 2952 2670 2990 huius

1645 3013 1765 3062 operis
1789 3012 1903 3050 codex
1935 3012 2006 3049 fuit
2025 3010 2070 3049 in
2093 3011 2314 3049 bibliotheca
2344 3009 2450 3048 Card.
2482 3011 2640 3049 Stortiae
2656 3040 2669 3056 ‚

1645 3079 1736 3110 teste
1761 3083 1869 3119 quem
1896 3070 1968 3108 vidi
1999 3070 2178 3118 catalogo.

1568 3130 1755 3169 'Theodori
1785 3130 1929 3169 nicaeni
1960 3130 2134 3178 epistolae
2156 3128 2316 3166 ineditae
2339 3139 2379 3176 p.
2416 3133 2495 3166 172.

1575 3190 1754 3227 Theodori
1771 3189 1959 3226 Prodi-omi
1978 3185 2142 3237 poemata
2160 3189 2256 3226 varia
2276 3199 2376 3225 nunc
2393 3188 2554 3236 primum
2571 3187 2668 3225 edita
2723 3220 2726 3223 .

1646 3260 1682 3297 p.
1707 3253 1787 3286 399.
1815 3251 1988 3296 (Augent
2018 3243 2208 3285 historiam
2239 3246 2476 3296 byzantinam
2493 3276 2503 3293 ‚
2523 3247 2587 3285 sed
2611 3258 2669 3284 res

1644 3308 1811 3355 singulas
1834 3307 1872 3344 in
1898 3308 1966 3344 hoc
1994 3304 2115 3344 indice
2139 3317 2356 3344 ennmerare
2376 3306 2531 3354 longum
2556 3306 2672 3343 nimis

1645 3368 1801 3412 fuisset.)
1819 3370 1910 3405 Item
1927 3367 2091 3405 eiusdem
2111 3367 2228 3404 oratio
2249 3357 2510 3415 epithalamica
2530 3377 2565 3414 p.
2583 3369 2667 3403 414.

1575 3427 1790 3466 Theodorus
1816 3427 1972 3475 Aegypti
1991 3426 2200 3474 praefectus
2230 3436 2265 3473 p.
2294 3429 2377 3463 267.

1575 3486 1789 3525 Theodorus
1816 3486 1948 3523 aeliota
1976 3485 2170 3523 addendus
2197 3485 2362 3533 catalogo
2390 3483 2665 3522 Theodoromm

1647 3558 1681 3594 p.
1708 3550 1787 3583 145.
1818 3547 1910 3583 Item
1936 3545 2150 3583 Theodorus
2174 3544 2399 3590 monachus,
2427 3544 2532 3581 cuius
2549 3538 2664 3577 trede-

1646 3605 1718 3643 cim
1743 3606 1926 3643 orationes
1954 3615 2008 3652 gr.
2040 3604 2191 3652 parabat
2217 3604 2318 3651 prelo
2350 3597 2661 3645 Holsteniusepi-

1646 3664 1740 3702 stola
1765 3665 1945 3700 XXXIII.

1577 3723 1791 3761 Theodorus
1817 3723 1970 3760 Alaniae
1987 3722 2174 3770 episcopus
2197 3733 2233 3769 p.
2259 3726 2339 3758 379.
2358 3722 2439 3762 391,
2464 3716 2569 3753 cuius
2593 3714 2663 3751 iter

1646 3781 1693 3819 ad
1715 3792 1795 3819 eam
1823 3781 2011 3826 regionem
2037 3786 2221 3817 narratur.
2246 3779 2386 3823 Scripta
2410 3776 2490 3812 cius
2514 3776 2553 3810 in
2580 3772 2660 3831 cod.

1649 3845 1717 3877 vat.
1739 3851 1773 3888 p.
1798 3844 1874 3877 175.
1902 3840 2005 3877 Vitae
2026 3838 2187 3877 eiusdem
2210 3847 2251 3873 ac
2271 3828 2476 3872 studiorum
2498 3843 2564 3869 nec
2588 3841 2663 3869 non
