<?xml version="1.0" encoding="UTF-8"?>
<!DOCTYPE html PUBLIC "-//W3C//DTD XHTML 1.0 Transitional//EN"
    "http://www.w3.org/TR/xhtml1/DTD/xhtml1-transitional.dtd">
<html xmlns="http://www.w3.org/1999/xhtml" xml:lang="en" lang="en">
 <head>
  <title>
</title>
<meta http-equiv="Content-Type" content="text/html;charset=utf-8" />
  <meta name='ocr-system' content='tesseract 3.04.00' />
  <meta name='ocr-capabilities' content='ocr_page ocr_carea ocr_par ocr_line ocrx_word'/>
</head>
<body>
  <div class='ocr_page' id='page_1' title='image "./novaepatrumbibli06maiauoft/novaepatrumbibli06maiauoft_0381.png"; bbox 0 0 2970 4420; ppageno 0'>
   <div class='ocr_carea' id='block_1_1' title="bbox 0 0 82 594">
    <p class='ocr_par' dir='ltr' id='par_1_1' title="bbox 0 0 82 594">
     <span class='ocr_line' id='line_1_1' title="bbox 0 0 82 594; baseline 0 3826"><span class='ocrx_word' id='word_1_1' title='bbox 0 0 82 594; x_wconf 95' lang='lat' dir='ltr'> </span> 
     </span>
    </p>
   </div>
   <div class='ocr_carea' id='block_1_2' title="bbox 0 1339 43 2707">
    <p class='ocr_par' dir='ltr' id='par_1_2' title="bbox 0 1339 43 2707">
     <span class='ocr_line' id='line_1_2' title="bbox 0 1339 43 2707; textangle 90"><span class='ocrx_word' id='word_1_2' title='bbox 0 1717 43 2707; x_wconf 39' lang='lat' dir='ltr'>&amp;ffmfflffimsffi-xwwfflwn</span> <span class='ocrx_word' id='word_1_3' title='bbox 14 1647 33 1703; x_wconf 44' lang='lat' dir='ltr'>-et</span> <span class='ocrx_word' id='word_1_4' title='bbox 10 1611 19 1622; x_wconf 60' lang='lat'>³</span> <span class='ocrx_word' id='word_1_5' title='bbox 0 1568 31 1589; x_wconf 61' lang='grc' dir='ltr'>’ν</span> <span class='ocrx_word' id='word_1_6' title='bbox 0 1506 31 1550; x_wconf 57' lang='lat'>7⁴⁵1</span> <span class='ocrx_word' id='word_1_7' title='bbox 15 1453 38 1491; x_wconf 46' lang='grc' dir='ltr'>«τε.</span> <span class='ocrx_word' id='word_1_8' title='bbox 0 1339 37 1431; x_wconf 46' lang='lat'>⁴20⁴(</span> 
     </span>
    </p>
   </div>
   <div class='ocr_carea' id='block_1_3' title="bbox 8 2705 39 2940">
    <p class='ocr_par' dir='ltr' id='par_1_3' title="bbox 8 2705 39 2940">
     <span class='ocr_line' id='line_1_3' title="bbox 8 2705 39 2940; textangle 90"><span class='ocrx_word' id='word_1_9' title='bbox 15 2908 25 2940; x_wconf 62' lang='lat' dir='ltr'>w*</span> <span class='ocrx_word' id='word_1_10' title='bbox 13 2831 35 2879; x_wconf 34' lang='grc' dir='ltr'>θ’»</span> <span class='ocrx_word' id='word_1_11' title='bbox 8 2747 39 2825; x_wconf 55' lang='grc' dir='ltr'>-μὲῆς</span> <span class='ocrx_word' id='word_1_12' title='bbox 21 2705 32 2723; x_wconf 59' lang='lat'>&gt;-</span> 
     </span>
    </p>
   </div>
   <div class='ocr_carea' id='block_1_4' title="bbox 1225 290 2533 337">
    <p class='ocr_par' dir='ltr' id='par_1_4' title="bbox 1225 290 2533 337">
     <span class='ocr_line' id='line_1_4' title="bbox 1225 290 2533 337; baseline 0.003 -4"><span class='ocrx_word' id='word_1_13' title='bbox 1225 303 1280 333; x_wconf 76' lang='lat' dir='ltr'>ns</span> <span class='ocrx_word' id='word_1_14' title='bbox 1315 302 1578 334; x_wconf 72' lang='lat' dir='ltr'>&#39;rimouoms-</span> <span class='ocrx_word' id='word_1_15' title='bbox 1610 292 1616 299; x_wconf 86' lang='lat'>&#39;</span> <span class='ocrx_word' id='word_1_16' title='bbox 2443 290 2533 337; x_wconf 70' lang='lat'>143</span> 
     </span>
    </p>
   </div>
   <div class='ocr_carea' id='block_1_5' title="bbox 265 382 2538 606">
    <p class='ocr_par' dir='ltr' id='par_1_5' title="bbox 265 382 2538 606">
     <span class='ocr_line' id='line_1_5' title="bbox 265 382 2536 454; baseline 0 -17"><span class='ocrx_word' id='word_1_17' title='bbox 265 390 351 438; x_wconf 92' lang='lat' dir='ltr'>lib.</span> <span class='ocrx_word' id='word_1_18' title='bbox 381 391 438 438; x_wconf 84' lang='lat' dir='ltr'>lt.</span> <span class='ocrx_word' id='word_1_19' title='bbox 467 405 569 452; x_wconf 85' lang='lat' dir='ltr'>cap.</span> <span class='ocrx_word' id='word_1_20' title='bbox 605 388 716 451; x_wconf 90' lang='lat'>19.)</span> <span class='ocrx_word' id='word_1_21' title='bbox 754 382 1034 434; x_wconf 79' lang='lat' dir='ltr'>Palladium</span> <span class='ocrx_word' id='word_1_22' title='bbox 1067 405 1336 454; x_wconf 77' lang='lat' dir='ltr'>epzscopum</span> <span class='ocrx_word' id='word_1_23' title='bbox 1370 401 1615 436; x_wconf 82' lang='lat' dir='ltr'><em>auctorem</em></span> <span class='ocrx_word' id='word_1_24' title='bbox 1631 387 1770 451; x_wconf 71' lang='lat' dir='ltr'>facts</span> <span class='ocrx_word' id='word_1_25' title='bbox 1802 386 1999 435; x_wconf 81' lang='lat' dir='ltr'>Plzotius</span> <span class='ocrx_word' id='word_1_26' title='bbox 2019 404 2253 451; x_wconf 86' lang='lat' dir='ltr'>quoque.</span> <span class='ocrx_word' id='word_1_27' title='bbox 2269 391 2364 437; x_wconf 82' lang='lat' dir='ltr'>Sed</span> <span class='ocrx_word' id='word_1_28' title='bbox 2395 408 2453 437; x_wconf 82' lang='lat' dir='ltr'>ea</span> <span class='ocrx_word' id='word_1_29' title='bbox 2485 410 2536 438; x_wconf 89' lang='grc' dir='ltr'>ιη</span> 
     </span>
     <span class='ocr_line' id='line_1_6' title="bbox 266 464 2538 530; baseline 0.001 -17"><span class='ocrx_word' id='word_1_30' title='bbox 266 467 353 514; x_wconf 75' lang='lat' dir='ltr'>leoc-</span> <span class='ocrx_word' id='word_1_31' title='bbox 377 466 572 530; x_wconf 79' lang='lat' dir='ltr'>dzalogo</span> <span class='ocrx_word' id='word_1_32' title='bbox 606 466 760 528; x_wconf 78' lang='lat' dir='ltr'>legas.</span> <span class='ocrx_word' id='word_1_33' title='bbox 790 480 914 527; x_wconf 80' lang='lat' dir='ltr'>quae</span> <span class='ocrx_word' id='word_1_34' title='bbox 946 482 1194 528; x_wconf 79' lang='lat' dir='ltr'>nunquam</span> <span class='ocrx_word' id='word_1_35' title='bbox 1227 466 1286 512; x_wconf 87' lang='lat' dir='ltr'>de</span> <span class='ocrx_word' id='word_1_36' title='bbox 1311 483 1359 512; x_wconf 86' lang='lat' dir='ltr'>se</span> <span class='ocrx_word' id='word_1_37' title='bbox 1390 466 1514 530; x_wconf 81' lang='lat' dir='ltr'>ipso,</span> <span class='ocrx_word' id='word_1_38' title='bbox 1542 466 1672 513; x_wconf 80' lang='lat' dir='ltr'>salvo</span> <span class='ocrx_word' id='word_1_39' title='bbox 1697 464 1903 530; x_wconf 82' lang='lat' dir='ltr'>pudore.</span> <span class='ocrx_word' id='word_1_40' title='bbox 1933 464 2136 510; x_wconf 81' lang='lat' dir='ltr'>scrzbere</span> <span class='ocrx_word' id='word_1_41' title='bbox 2162 466 2392 529; x_wconf 80' lang='lat' dir='ltr'>potuisset</span> <span class='ocrx_word' id='word_1_42' title='bbox 2422 469 2538 515; x_wconf 91' lang='lat' dir='ltr'>Pal-</span> 
     </span>
     <span class='ocr_line' id='line_1_7' title="bbox 268 527 2537 606; baseline 0 -16"><span class='ocrx_word' id='word_1_43' title='bbox 268 527 445 590; x_wconf 62' lang='grc' dir='ltr'><strong><em>Ιαιῖιιιε.</em></strong></span> <span class='ocrx_word' id='word_1_44' title='bbox 483 545 646 605; x_wconf 80' lang='lat' dir='ltr'>quue</span> <span class='ocrx_word' id='word_1_45' title='bbox 673 538 794 593; x_wconf 76' lang='lat' dir='ltr'>alii,</span> <span class='ocrx_word' id='word_1_46' title='bbox 820 554 984 606; x_wconf 76' lang='lat' dir='ltr'>poleas</span> <span class='ocrx_word' id='word_1_47' title='bbox 1015 554 1203 590; x_wconf 76' lang='lat' dir='ltr'>censent</span> <span class='ocrx_word' id='word_1_48' title='bbox 1233 559 1330 589; x_wconf 81' lang='lat' dir='ltr'>esse</span> <span class='ocrx_word' id='word_1_49' title='bbox 1367 542 1597 589; x_wconf 79' lang='lat' dir='ltr'>Theodori</span> <span class='ocrx_word' id='word_1_50' title='bbox 1625 541 1843 593; x_wconf 67' lang='lat' dir='ltr'>diaconi,</span> <span class='ocrx_word' id='word_1_51' title='bbox 1872 541 1958 605; x_wconf 81' lang='lat' dir='ltr'>qui</span> <span class='ocrx_word' id='word_1_52' title='bbox 1983 558 2091 587; x_wconf 80' lang='lat' dir='ltr'>eum</span> <span class='ocrx_word' id='word_1_53' title='bbox 2116 541 2341 588; x_wconf 80' lang='grc' dir='ltr'><strong><em>ΡαΙΙαιΙιο</em></strong></span> <span class='ocrx_word' id='word_1_54' title='bbox 2366 542 2443 589; x_wconf 75' lang='lat' dir='ltr'>hie</span> <span class='ocrx_word' id='word_1_55' title='bbox 2472 546 2537 590; x_wconf 85' lang='lat' dir='ltr'>lo-</span> 
     </span>
    </p>
   </div>
   <div class='ocr_carea' id='block_1_6' title="bbox 268 619 2620 685">
    <p class='ocr_par' dir='ltr' id='par_1_6' title="bbox 268 619 2620 685">
     <span class='ocr_line' id='line_1_8' title="bbox 268 619 2620 685; baseline -0.001 -17"><span class='ocrx_word' id='word_1_56' title='bbox 268 634 451 685; x_wconf 68' lang='lat' dir='ltr'>quatur.</span> <span class='ocrx_word' id='word_1_57' title='bbox 491 620 732 667; x_wconf 79' lang='lat' dir='ltr'>Baromus</span> <span class='ocrx_word' id='word_1_58' title='bbox 764 632 926 666; x_wconf 81' lang='lat' dir='ltr'>autem</span> <span class='ocrx_word' id='word_1_59' title='bbox 960 620 1233 667; x_wconf 75' lang='lat' dir='ltr'>ar&#39;bztratur</span> <span class='ocrx_word' id='word_1_60' title='bbox 1266 637 1363 667; x_wconf 83' lang='lat' dir='ltr'>esse</span> <span class='ocrx_word' id='word_1_61' title='bbox 1393 620 1525 667; x_wconf 75' lang='grc' dir='ltr'><strong><em>ιἸΙιιιε</em></strong></span> <span class='ocrx_word' id='word_1_62' title='bbox 1549 619 1769 668; x_wconf 76' lang='lat' dir='ltr'>Palladii</span> <span class='ocrx_word' id='word_1_63' title='bbox 1794 619 1879 683; x_wconf 78' lang='lat' dir='ltr'>qui</span> <span class='ocrx_word' id='word_1_64' title='bbox 1910 635 1944 666; x_wconf 84' lang='lat' dir='ltr'>a</span> <span class='ocrx_word' id='word_1_65' title='bbox 1977 619 2106 665; x_wconf 79' lang='lat' dir='ltr'>beati</span> <span class='ocrx_word' id='word_1_66' title='bbox 2129 619 2388 683; x_wconf 77' lang='lat' dir='ltr'>Augusti&#39;m</span> <span class='ocrx_word' id='word_1_67' title='bbox 2421 633 2537 666; x_wconf 82' lang='lat' dir='ltr'>tem-</span> <span class='ocrx_word' id='word_1_68' title='bbox 2613 629 2620 634; x_wconf 69' lang='grc'><strong>“</strong></span> 
     </span>
    </p>
   </div>
   <div class='ocr_carea' id='block_1_7' title="bbox 264 696 2540 2229">
    <p class='ocr_par' dir='ltr' id='par_1_7' title="bbox 264 696 2538 916">
     <span class='ocr_line' id='line_1_9' title="bbox 264 696 2534 763; baseline -0 -18"><span class='ocrx_word' id='word_1_69' title='bbox 264 698 462 763; x_wconf 80' lang='lat' dir='ltr'>poribus</span> <span class='ocrx_word' id='word_1_70' title='bbox 497 698 547 743; x_wconf 83' lang='grc' dir='ltr'><em>ιή</em></span> <span class='ocrx_word' id='word_1_71' title='bbox 582 697 794 744; x_wconf 76' lang='lat' dir='ltr'>Scotiam</span> <span class='ocrx_word' id='word_1_72' title='bbox 829 713 859 743; x_wconf 88' lang='lat' dir='ltr'>a</span> <span class='ocrx_word' id='word_1_73' title='bbox 897 698 1160 744; x_wconf 75' lang='lat' dir='ltr'>‘Caelestino</span> <span class='ocrx_word' id='word_1_74' title='bbox 1190 713 1326 762; x_wconf 85' lang='lat' dir='ltr'>papa</span> <span class='ocrx_word' id='word_1_75' title='bbox 1355 698 1528 744; x_wconf 76' lang='lat' dir='ltr'>missus</span> <span class='ocrx_word' id='word_1_76' title='bbox 1555 698 1666 760; x_wconf 82' lang='lat' dir='ltr'>suit</span> <span class='ocrx_word' id='word_1_77' title='bbox 1705 697 1775 744; x_wconf 89' lang='lat' dir='ltr'>ad</span> <span class='ocrx_word' id='word_1_78' title='bbox 1798 696 2186 761; x_wconf 74' lang='lat' dir='ltr'>praedicandum</span> <span class='ocrx_word' id='word_1_79' title='bbox 2219 697 2534 760; x_wconf 65' lang='lat' dir='ltr'>evangelium.</span> 
     </span>
     <span class='ocr_line' id='line_1_10' title="bbox 267 773 2538 840; baseline -0 -18"><span class='ocrx_word' id='word_1_80' title='bbox 267 776 533 840; x_wconf 77' lang='lat' dir='ltr'>Dzalogum</span> <span class='ocrx_word' id='word_1_81' title='bbox 557 792 666 822; x_wconf 81' lang='lat' dir='ltr'>eum</span> <span class='ocrx_word' id='word_1_82' title='bbox 697 792 778 821; x_wconf 81' lang='lat' dir='ltr'>seu</span> <span class='ocrx_word' id='word_1_83' title='bbox 807 775 1046 827; x_wconf 60' lang='lat' dir='ltr'>Pallada,</span> <span class='ocrx_word' id='word_1_84' title='bbox 1075 792 1156 822; x_wconf 81' lang='lat' dir='ltr'>seu</span> <span class='ocrx_word' id='word_1_85' title='bbox 1194 775 1427 822; x_wconf 74' lang='lat' dir='ltr'>Theodori</span> <span class='ocrx_word' id='word_1_86' title='bbox 1444 793 1470 820; x_wconf 82' lang='lat' dir='ltr'>e</span> <span class='ocrx_word' id='word_1_87' title='bbox 1500 791 1674 839; x_wconf 81' lang='lat' dir='ltr'>graeco</span> <span class='ocrx_word' id='word_1_88' title='bbox 1699 774 1838 823; x_wconf 78' lang='lat' dir='ltr'>vertit</span> <span class='ocrx_word' id='word_1_89' title='bbox 1867 774 2143 822; x_wconf 81' lang='lat' dir='ltr'>Ambrosius</span> <span class='ocrx_word' id='word_1_90' title='bbox 2171 773 2432 822; x_wconf 73' lang='lat' dir='ltr'>monachus</span> <span class='ocrx_word' id='word_1_91' title='bbox 2456 791 2538 821; x_wconf 82' lang='lat' dir='ltr'>ca-</span> 
     </span>
     <span class='ocr_line' id='line_1_11' title="bbox 273 851 1582 923; baseline 0 -25"><span class='ocrx_word' id='word_1_92' title='bbox 273 852 608 903; x_wconf 80' lang='lat' dir='ltr'>maldulensis‚</span> <span class='ocrx_word' id='word_1_93' title='bbox 638 868 810 915; x_wconf 78' lang='lat' dir='ltr'><em>graece</em></span> <span class='ocrx_word' id='word_1_94' title='bbox 842 865 1004 898; x_wconf 78' lang='lat' dir='ltr'>autem</span> <span class='ocrx_word' id='word_1_95' title='bbox 1039 852 1251 899; x_wconf 79' lang='lat' dir='ltr'>nondam</span> <span class='ocrx_word' id='word_1_96' title='bbox 1276 851 1466 923; x_wconf 77' lang='lat' dir='ltr'>prodiit</span> <span class='ocrx_word' id='word_1_97' title='bbox 1501 854 1537 915; x_wconf 88' lang='lat' dir='ltr'>(l</span> <span class='ocrx_word' id='word_1_98' title='bbox 1549 853 1582 916; x_wconf 92' lang='lat'>).</span> 
     </span>
    </p>

    <p class='ocr_par' dir='ltr' id='par_1_8' title="bbox 267 929 2540 1224">
     <span class='ocr_line' id='line_1_12' title="bbox 394 929 2536 992; baseline -0 -16"><span class='ocrx_word' id='word_1_99' title='bbox 394 931 554 976; x_wconf 78' lang='lat' dir='ltr'>thx.</span> <span class='ocrx_word' id='word_1_100' title='bbox 593 929 825 978; x_wconf 85' lang='lat' dir='ltr'>Theodori</span> <span class='ocrx_word' id='word_1_101' title='bbox 870 929 1106 992; x_wconf 88' lang='lat' dir='ltr'>byzantii,</span> <span class='ocrx_word' id='word_1_102' title='bbox 1143 931 1202 977; x_wconf 91' lang='lat' dir='ltr'>de</span> <span class='ocrx_word' id='word_1_103' title='bbox 1240 931 1333 976; x_wconf 90' lang='lat' dir='ltr'>Nili</span> <span class='ocrx_word' id='word_1_104' title='bbox 1368 929 1555 976; x_wconf 79' lang='lat' dir='ltr'>abbatis</span> <span class='ocrx_word' id='word_1_105' title='bbox 1593 931 1805 978; x_wconf 86' lang='lat' dir='ltr'>oratione</span> <span class='ocrx_word' id='word_1_106' title='bbox 1843 930 2179 977; x_wconf 88' lang='lat' dir='ltr'>adhortatoria.</span> <span class='ocrx_word' id='word_1_107' title='bbox 2222 929 2399 976; x_wconf 82' lang='lat' dir='ltr'>Titulus</span> <span class='ocrx_word' id='word_1_108' title='bbox 2439 938 2536 976; x_wconf 87' lang='lat' dir='ltr'>est:</span> 
     </span>
     <span class='ocr_line' id='line_1_13' title="bbox 271 993 2540 1091; baseline 0.002 -41"><span class='ocrx_word' id='word_1_109' title='bbox 271 993 549 1070; x_wconf 72' lang='grc' dir='ltr'><em>Θεοδώρου</em></span> <span class='ocrx_word' id='word_1_110' title='bbox 587 1020 673 1050; x_wconf 81' lang='grc' dir='ltr'>του</span> <span class='ocrx_word' id='word_1_111' title='bbox 711 997 997 1070; x_wconf 78' lang='grc' dir='ltr'><strong><em>βυζαντέως</em></strong></span> <span class='ocrx_word' id='word_1_112' title='bbox 1030 994 1270 1091; x_wconf 61' lang='grc' dir='ltr'><strong><em>διήγησις</em></strong></span> <span class='ocrx_word' id='word_1_113' title='bbox 1301 995 1428 1051; x_wconf 75' lang='grc' dir='ltr'>πάνυ</span> <span class='ocrx_word' id='word_1_114' title='bbox 1463 996 1744 1069; x_wconf 77' lang='grc' dir='ltr'><strong><em>ὠφέλιμος.</em></strong></span> <span class='ocrx_word' id='word_1_115' title='bbox 1785 1006 2035 1053; x_wconf 70' lang='lat' dir='ltr'>Theodorei</span> <span class='ocrx_word' id='word_1_116' title='bbox 2068 1007 2293 1070; x_wconf 78' lang='lat' dir='ltr'>byzantez</span> <span class='ocrx_word' id='word_1_117' title='bbox 2318 1018 2540 1054; x_wconf 81' lang='lat' dir='ltr'>narratzo</span> 
     </span>
     <span class='ocr_line' id='line_1_14' title="bbox 268 1064 2538 1149; baseline 0 -19"><span class='ocrx_word' id='word_1_118' title='bbox 268 1083 532 1130; x_wconf 82' lang='lat' dir='ltr'><em>admodum</em></span> <span class='ocrx_word' id='word_1_119' title='bbox 561 1076 800 1147; x_wconf 69' lang='lat' dir='ltr'>proficua.</span> <span class='ocrx_word' id='word_1_120' title='bbox 840 1078 895 1127; x_wconf 91' lang='lat' dir='ltr'>P.</span> <span class='ocrx_word' id='word_1_121' title='bbox 934 1072 1243 1133; x_wconf 66' lang='grc' dir='ltr'><strong><em>ΔινιΓῆσατο</em></strong></span> <span class='ocrx_word' id='word_1_122' title='bbox 1257 1074 1374 1146; x_wconf 63' lang='grc' dir='ltr'>ἡμῖν</span> <span class='ocrx_word' id='word_1_123' title='bbox 1411 1073 1435 1127; x_wconf 81' lang='grc' dir='ltr'>ὁ</span> <span class='ocrx_word' id='word_1_124' title='bbox 1475 1074 1652 1141; x_wconf 77' lang='grc' dir='ltr'><strong><em>οἷββᾶς</em></strong></span> <span class='ocrx_word' id='word_1_125' title='bbox 1690 1064 2017 1149; x_wconf 47' lang='grc' dir='ltr'><strong><em>ΘεοΗὸωρος</em></strong></span> <span class='ocrx_word' id='word_1_126' title='bbox 1993 1098 2017 1128; x_wconf 94' lang='grc' dir='ltr'><strong><em>ο</em></strong></span> <span class='ocrx_word' id='word_1_127' title='bbox 2051 1072 2341 1147; x_wconf 47' lang='lat' dir='ltr'>agamede.</span> <span class='ocrx_word' id='word_1_128' title='bbox 2378 1086 2430 1130; x_wconf 92' lang='lat' dir='ltr'>In</span> <span class='ocrx_word' id='word_1_129' title='bbox 2466 1083 2538 1131; x_wconf 86' lang='lat' dir='ltr'>bi-</span> 
     </span>
     <span class='ocr_line' id='line_1_15' title="bbox 267 1160 825 1224; baseline 0.002 -17"><span class='ocrx_word' id='word_1_130' title='bbox 267 1160 516 1207; x_wconf 88' lang='lat' dir='ltr'>bliothecis</span> <span class='ocrx_word' id='word_1_131' title='bbox 549 1162 713 1208; x_wconf 85' lang='lat' dir='ltr'>italicis</span> <span class='ocrx_word' id='word_1_132' title='bbox 743 1161 825 1224; x_wconf 81' lang='lat'>(2).</span> 
     </span>
    </p>

    <p class='ocr_par' dir='ltr' id='par_1_9' title="bbox 267 1236 2540 2229">
     <span class='ocr_line' id='line_1_16' title="bbox 398 1236 2539 1300; baseline 0 -16"><span class='ocrx_word' id='word_1_133' title='bbox 398 1239 534 1284; x_wconf 87' lang='lat' dir='ltr'>LXX.</span> <span class='ocrx_word' id='word_1_134' title='bbox 571 1238 843 1284; x_wconf 87' lang='lat' dir='ltr'>Theodorus</span> <span class='ocrx_word' id='word_1_135' title='bbox 869 1238 1066 1285; x_wconf 86' lang='lat' dir='ltr'>Manlius</span> <span class='ocrx_word' id='word_1_136' title='bbox 1090 1237 1178 1284; x_wconf 89' lang='lat' dir='ltr'>sub</span> <span class='ocrx_word' id='word_1_137' title='bbox 1202 1236 1429 1291; x_wconf 82' lang='lat' dir='ltr'>Arcadio,</span> <span class='ocrx_word' id='word_1_138' title='bbox 1453 1245 1499 1284; x_wconf 91' lang='lat' dir='ltr'>et</span> <span class='ocrx_word' id='word_1_139' title='bbox 1531 1239 1744 1285; x_wconf 82' lang='lat' dir='ltr'>Honorio</span> <span class='ocrx_word' id='word_1_140' title='bbox 1778 1254 1884 1285; x_wconf 88' lang='lat' dir='ltr'>cum</span> <span class='ocrx_word' id='word_1_141' title='bbox 1911 1239 2138 1300; x_wconf 88' lang='lat' dir='ltr'>Eutropio</span> <span class='ocrx_word' id='word_1_142' title='bbox 2163 1237 2381 1284; x_wconf 87' lang='lat' dir='ltr'>eunucho</span> <span class='ocrx_word' id='word_1_143' title='bbox 2416 1254 2539 1284; x_wconf 88' lang='lat' dir='ltr'>anno</span> 
     </span>
     <span class='ocr_line' id='line_1_17' title="bbox 268 1315 2534 1380; baseline 0 -19"><span class='ocrx_word' id='word_1_144' title='bbox 268 1316 456 1362; x_wconf 83' lang='lat' dir='ltr'>Domini</span> <span class='ocrx_word' id='word_1_145' title='bbox 487 1317 599 1363; x_wconf 87' lang='lat'><strong>399.</strong></span> <span class='ocrx_word' id='word_1_146' title='bbox 638 1316 825 1370; x_wconf 90' lang='lat' dir='ltr'>consul,</span> <span class='ocrx_word' id='word_1_147' title='bbox 853 1315 990 1362; x_wconf 85' lang='lat' dir='ltr'>valde</span> <span class='ocrx_word' id='word_1_148' title='bbox 1024 1315 1248 1380; x_wconf 87' lang='lat' dir='ltr'>eloquens</span> <span class='ocrx_word' id='word_1_149' title='bbox 1271 1323 1318 1362; x_wconf 85' lang='lat' dir='ltr'>et</span> <span class='ocrx_word' id='word_1_150' title='bbox 1338 1315 1573 1368; x_wconf 83' lang='lat' dir='ltr'>eruditus,</span> <span class='ocrx_word' id='word_1_151' title='bbox 1602 1324 1740 1377; x_wconf 89' lang='lat' dir='ltr'>atque</span> <span class='ocrx_word' id='word_1_152' title='bbox 1773 1316 1915 1369; x_wconf 87' lang='lat' dir='ltr'>adeo,</span> <span class='ocrx_word' id='word_1_153' title='bbox 1943 1325 1996 1362; x_wconf 87' lang='lat' dir='ltr'>ut</span> <span class='ocrx_word' id='word_1_154' title='bbox 2025 1316 2310 1377; x_wconf 80' lang='lat' dir='ltr'>Augustinus</span> <span class='ocrx_word' id='word_1_155' title='bbox 2340 1315 2399 1362; x_wconf 93' lang='lat' dir='ltr'>de</span> <span class='ocrx_word' id='word_1_156' title='bbox 2429 1316 2534 1362; x_wconf 88' lang='lat' dir='ltr'>ord.</span> 
     </span>
     <span class='ocr_line' id='line_1_18' title="bbox 271 1390 2534 1455; baseline 0.001 -18"><span class='ocrx_word' id='word_1_157' title='bbox 271 1390 356 1438; x_wconf 83' lang='lat' dir='ltr'>lib.</span> <span class='ocrx_word' id='word_1_158' title='bbox 384 1393 421 1437; x_wconf 89' lang='lat'>1.</span> <span class='ocrx_word' id='word_1_159' title='bbox 450 1408 498 1438; x_wconf 93' lang='lat' dir='ltr'>n.</span> <span class='ocrx_word' id='word_1_160' title='bbox 527 1394 606 1439; x_wconf 79' lang='lat'>31.</span> <span class='ocrx_word' id='word_1_161' title='bbox 633 1393 809 1455; x_wconf 89' lang='lat' dir='ltr'>inquit,</span> <span class='ocrx_word' id='word_1_162' title='bbox 839 1400 994 1440; x_wconf 84' lang='lat' dir='ltr'>mente</span> <span class='ocrx_word' id='word_1_163' title='bbox 1021 1394 1464 1455; x_wconf 86' lang='lat' dir='ltr'>praestantissimus,</span> <span class='ocrx_word' id='word_1_164' title='bbox 1493 1408 1633 1454; x_wconf 90' lang='lat' dir='ltr'>quem</span> <span class='ocrx_word' id='word_1_165' title='bbox 1655 1401 1707 1439; x_wconf 86' lang='lat' dir='ltr'>et</span> <span class='ocrx_word' id='word_1_166' title='bbox 1730 1394 1832 1455; x_wconf 88' lang='lat' dir='ltr'>ipse</span> <span class='ocrx_word' id='word_1_167' title='bbox 1857 1400 2079 1446; x_wconf 87' lang='lat' dir='ltr'>noverat,</span> <span class='ocrx_word' id='word_1_168' title='bbox 2106 1393 2213 1440; x_wconf 87' lang='lat' dir='ltr'>licet</span> <span class='ocrx_word' id='word_1_169' title='bbox 2235 1392 2361 1440; x_wconf 90' lang='lat' dir='ltr'>idem</span> <span class='ocrx_word' id='word_1_170' title='bbox 2386 1391 2470 1439; x_wconf 90' lang='lat' dir='ltr'>lib.</span> <span class='ocrx_word' id='word_1_171' title='bbox 2498 1395 2534 1439; x_wconf 87' lang='lat' dir='ltr'>I.</span> 
     </span>
     <span class='ocr_line' id='line_1_19' title="bbox 267 1463 2539 1534; baseline 0 -19"><span class='ocrx_word' id='word_1_172' title='bbox 267 1463 503 1516; x_wconf 75' lang='lat' dir='ltr'>retractat.</span> <span class='ocrx_word' id='word_1_173' title='bbox 540 1486 641 1533; x_wconf 85' lang='lat' dir='ltr'>cap.</span> <span class='ocrx_word' id='word_1_174' title='bbox 677 1473 724 1516; x_wconf 85' lang='lat'>2.</span> <span class='ocrx_word' id='word_1_175' title='bbox 759 1486 867 1517; x_wconf 91' lang='lat' dir='ltr'>cum</span> <span class='ocrx_word' id='word_1_176' title='bbox 906 1469 1081 1517; x_wconf 85' lang='lat' dir='ltr'>librum</span> <span class='ocrx_word' id='word_1_177' title='bbox 1112 1470 1171 1517; x_wconf 92' lang='lat' dir='ltr'>de</span> <span class='ocrx_word' id='word_1_178' title='bbox 1205 1470 1341 1517; x_wconf 86' lang='lat' dir='ltr'>beata</span> <span class='ocrx_word' id='word_1_179' title='bbox 1372 1472 1465 1517; x_wconf 89' lang='lat' dir='ltr'>vita</span> <span class='ocrx_word' id='word_1_180' title='bbox 1503 1470 1574 1515; x_wconf 82' lang='lat' dir='ltr'>illi</span> <span class='ocrx_word' id='word_1_181' title='bbox 1604 1470 1854 1517; x_wconf 90' lang='lat' dir='ltr'>Theodoro</span> <span class='ocrx_word' id='word_1_182' title='bbox 1883 1473 2162 1534; x_wconf 84' lang='lat' dir='ltr'><strong>scripsisset,</strong></span> <span class='ocrx_word' id='word_1_183' title='bbox 2196 1470 2413 1533; x_wconf 79' lang='lat' dir='ltr'>displicet</span> <span class='ocrx_word' id='word_1_184' title='bbox 2449 1487 2539 1516; x_wconf 84' lang='grc' dir='ltr'><strong><em>(ιιι-</em></strong></span> 
     </span>
     <span class='ocr_line' id='line_1_20' title="bbox 270 1546 2538 1612; baseline 0 -20"><span class='ocrx_word' id='word_1_185' title='bbox 270 1558 385 1598; x_wconf 81' lang='lat' dir='ltr'>tem,</span> <span class='ocrx_word' id='word_1_186' title='bbox 415 1548 503 1601; x_wconf 89' lang='lat' dir='ltr'>ait,</span> <span class='ocrx_word' id='word_1_187' title='bbox 530 1547 658 1610; x_wconf 80' lang='lat' dir='ltr'>quod</span> <span class='ocrx_word' id='word_1_188' title='bbox 689 1547 872 1594; x_wconf 82' lang='lat' dir='ltr'>Manlio</span> <span class='ocrx_word' id='word_1_189' title='bbox 905 1546 1163 1599; x_wconf 76' lang='lat' dir='ltr'>Theodoro,</span> <span class='ocrx_word' id='word_1_190' title='bbox 1194 1548 1262 1594; x_wconf 87' lang='lat' dir='ltr'>ad</span> <span class='ocrx_word' id='word_1_191' title='bbox 1293 1564 1432 1611; x_wconf 82' lang='lat' dir='ltr'>quem</span> <span class='ocrx_word' id='word_1_192' title='bbox 1464 1547 1640 1594; x_wconf 84' lang='lat' dir='ltr'>librum</span> <span class='ocrx_word' id='word_1_193' title='bbox 1660 1547 1826 1612; x_wconf 68' lang='lat' dir='ltr'>ipsum</span> <span class='ocrx_word' id='word_1_194' title='bbox 1858 1547 2048 1611; x_wconf 74' lang='lat' dir='ltr'>scripsi,</span> <span class='ocrx_word' id='word_1_195' title='bbox 2083 1547 2299 1610; x_wconf 71' lang='lat' dir='ltr'>quamvis</span> <span class='ocrx_word' id='word_1_196' title='bbox 2329 1547 2464 1593; x_wconf 79' lang='lat' dir='ltr'>docto</span> <span class='ocrx_word' id='word_1_197' title='bbox 2493 1559 2538 1592; x_wconf 77' lang='lat' dir='ltr'>et</span> 
     </span>
     <span class='ocr_line' id='line_1_21' title="bbox 268 1615 2540 1688; baseline 0.001 -20"><span class='ocrx_word' id='word_1_198' title='bbox 268 1622 532 1671; x_wconf 72' lang='lat' dir='ltr'>clzrlstiano</span> <span class='ocrx_word' id='word_1_199' title='bbox 563 1624 687 1675; x_wconf 69' lang='lat' dir='ltr'>viro,</span> <span class='ocrx_word' id='word_1_200' title='bbox 711 1625 824 1688; x_wconf 83' lang='lat' dir='ltr'>plus</span> <span class='ocrx_word' id='word_1_201' title='bbox 847 1624 1000 1672; x_wconf 76' lang='lat' dir='ltr'>tribui</span> <span class='ocrx_word' id='word_1_202' title='bbox 1023 1641 1170 1687; x_wconf 80' lang='lat' dir='ltr'>qaam</span> <span class='ocrx_word' id='word_1_203' title='bbox 1198 1615 1431 1671; x_wconf 67' lang='lat' dir='ltr'>deberem.</span> <span class='ocrx_word' id='word_1_204' title='bbox 1469 1623 1750 1671; x_wconf 83' lang='lat' dir='ltr'>Claudianus</span> <span class='ocrx_word' id='word_1_205' title='bbox 1777 1626 1915 1671; x_wconf 87' lang='lat' dir='ltr'>etiam</span> <span class='ocrx_word' id='word_1_206' title='bbox 1944 1626 2026 1686; x_wconf 91' lang='lat' dir='ltr'>qui</span> <span class='ocrx_word' id='word_1_207' title='bbox 2053 1625 2325 1686; x_wconf 78' lang='lat' dir='ltr'><strong>panegyrim</strong></span> <span class='ocrx_word' id='word_1_208' title='bbox 2350 1624 2414 1670; x_wconf 93' lang='lat' dir='ltr'>de</span> <span class='ocrx_word' id='word_1_209' title='bbox 2442 1625 2540 1670; x_wconf 90' lang='lat' dir='ltr'>eius</span> 
     </span>
     <span class='ocr_line' id='line_1_22' title="bbox 269 1701 2539 1763; baseline 0 -16"><span class='ocrx_word' id='word_1_210' title='bbox 269 1702 514 1748; x_wconf 74' lang='lat' dir='ltr'>consulatu</span> <span class='ocrx_word' id='word_1_211' title='bbox 544 1702 735 1755; x_wconf 86' lang='lat' dir='ltr'>cecinit,</span> <span class='ocrx_word' id='word_1_212' title='bbox 760 1703 916 1748; x_wconf 84' lang='lat' dir='ltr'>virum</span> <span class='ocrx_word' id='word_1_213' title='bbox 943 1701 1162 1748; x_wconf 92' lang='lat' dir='ltr'>omnibus</span> <span class='ocrx_word' id='word_1_214' title='bbox 1185 1703 1389 1751; x_wconf 74' lang='lat' dir='ltr'>scientiis</span> <span class='ocrx_word' id='word_1_215' title='bbox 1414 1702 1675 1756; x_wconf 90' lang='lat' dir='ltr'>eruditum,</span> <span class='ocrx_word' id='word_1_216' title='bbox 1702 1711 1750 1749; x_wconf 87' lang='lat' dir='ltr'>et</span> <span class='ocrx_word' id='word_1_217' title='bbox 1772 1703 1984 1748; x_wconf 91' lang='lat' dir='ltr'>omnium</span> <span class='ocrx_word' id='word_1_218' title='bbox 2013 1701 2442 1763; x_wconf 78' lang='lat' dir='ltr'>eloquentissimum</span> <span class='ocrx_word' id='word_1_219' title='bbox 2467 1717 2539 1747; x_wconf 90' lang='lat' dir='ltr'>as-</span> 
     </span>
     <span class='ocr_line' id='line_1_23' title="bbox 267 1773 2539 1840; baseline 0 -17"><span class='ocrx_word' id='word_1_220' title='bbox 267 1779 378 1824; x_wconf 86' lang='lat' dir='ltr'>serit</span> <span class='ocrx_word' id='word_1_221' title='bbox 411 1779 498 1840; x_wconf 93' lang='lat' dir='ltr'>qui.</span> <span class='ocrx_word' id='word_1_222' title='bbox 525 1787 571 1824; x_wconf 88' lang='lat' dir='ltr'>et</span> <span class='ocrx_word' id='word_1_223' title='bbox 598 1778 832 1825; x_wconf 90' lang='lat' dir='ltr'>Theodori</span> <span class='ocrx_word' id='word_1_224' title='bbox 861 1773 1194 1831; x_wconf 80' lang='lat' dir='ltr'>excultissimas</span> <span class='ocrx_word' id='word_1_225' title='bbox 1221 1780 1362 1826; x_wconf 88' lang='lat' dir='ltr'>fuisse</span> <span class='ocrx_word' id='word_1_226' title='bbox 1393 1779 1772 1826; x_wconf 78' lang='lat' dir='ltr'>elucubrationes</span> <span class='ocrx_word' id='word_1_227' title='bbox 1803 1779 1997 1832; x_wconf 82' lang='lat' dir='ltr'>fatetur,</span> <span class='ocrx_word' id='word_1_228' title='bbox 2025 1787 2071 1825; x_wconf 87' lang='lat' dir='ltr'>et</span> <span class='ocrx_word' id='word_1_229' title='bbox 2100 1779 2223 1825; x_wconf 89' lang='lat' dir='ltr'>inter</span> <span class='ocrx_word' id='word_1_230' title='bbox 2248 1778 2336 1824; x_wconf 90' lang='lat' dir='ltr'>alia</span> <span class='ocrx_word' id='word_1_231' title='bbox 2370 1778 2430 1824; x_wconf 88' lang='lat' dir='ltr'>de</span> <span class='ocrx_word' id='word_1_232' title='bbox 2460 1794 2539 1840; x_wconf 85' lang='lat' dir='ltr'>ge-</span> 
     </span>
     <span class='ocr_line' id='line_1_24' title="bbox 268 1848 2539 1919; baseline 0 -18"><span class='ocrx_word' id='word_1_233' title='bbox 268 1856 364 1901; x_wconf 90' lang='lat' dir='ltr'>nesi</span> <span class='ocrx_word' id='word_1_234' title='bbox 401 1864 446 1902; x_wconf 90' lang='lat' dir='ltr'>et</span> <span class='ocrx_word' id='word_1_235' title='bbox 479 1855 690 1918; x_wconf 89' lang='lat' dir='ltr'>partibus</span> <span class='ocrx_word' id='word_1_236' title='bbox 724 1848 919 1902; x_wconf 88' lang='lat' dir='ltr'>animae.</span> <span class='ocrx_word' id='word_1_237' title='bbox 953 1857 1021 1903; x_wconf 88' lang='lat' dir='ltr'>Ita</span> <span class='ocrx_word' id='word_1_238' title='bbox 1055 1858 1331 1903; x_wconf 90' lang='lat' dir='ltr'>Possevinus</span> <span class='ocrx_word' id='word_1_239' title='bbox 1362 1858 1411 1902; x_wconf 90' lang='lat' dir='ltr'>in</span> <span class='ocrx_word' id='word_1_240' title='bbox 1444 1865 1668 1919; x_wconf 83' lang='lat' dir='ltr'>apparatu</span> <span class='ocrx_word' id='word_1_241' title='bbox 1687 1856 1779 1919; x_wconf 78' lang='lat'>(3).</span> <span class='ocrx_word' id='word_1_242' title='bbox 1817 1856 2029 1903; x_wconf 87' lang='lat' dir='ltr'>Meminit</span> <span class='ocrx_word' id='word_1_243' title='bbox 2059 1858 2196 1902; x_wconf 85' lang='lat' dir='ltr'>etiam</span> <span class='ocrx_word' id='word_1_244' title='bbox 2226 1856 2353 1902; x_wconf 92' lang='lat' dir='ltr'>illius</span> <span class='ocrx_word' id='word_1_245' title='bbox 2379 1856 2539 1902; x_wconf 87' lang='lat' dir='ltr'>Suidas</span> 
     </span>
     <span class='ocr_line' id='line_1_25' title="bbox 272 1919 2530 1998; baseline 0 -23"><span class='ocrx_word' id='word_1_246' title='bbox 272 1948 388 1980; x_wconf 83' lang='lat' dir='ltr'>voce</span> <span class='ocrx_word' id='word_1_247' title='bbox 423 1922 722 1997; x_wconf 58' lang='lat' dir='ltr'>Etis-pomae·</span> <span class='ocrx_word' id='word_1_248' title='bbox 758 1919 887 1975; x_wconf 72' lang='grc' dir='ltr'><strong><em>οὕτω</em></strong></span> <span class='ocrx_word' id='word_1_249' title='bbox 919 1945 1012 1994; x_wconf 81' lang='grc' dir='ltr'>μεν</span> <span class='ocrx_word' id='word_1_250' title='bbox 1046 1919 1133 1977; x_wconf 79' lang='grc' dir='ltr'>οὐν</span> <span class='ocrx_word' id='word_1_251' title='bbox 1168 1923 1193 1976; x_wconf 82' lang='grc' dir='ltr'>ὁ</span> <span class='ocrx_word' id='word_1_252' title='bbox 1227 1923 1509 1994; x_wconf 76' lang='grc' dir='ltr'><strong><em>Εὖτρόπιος</em></strong></span> <span class='ocrx_word' id='word_1_253' title='bbox 1546 1921 1688 1984; x_wconf 73' lang='grc' dir='ltr'><strong><em>δίκας</em></strong></span> <span class='ocrx_word' id='word_1_254' title='bbox 1720 1947 1809 1985; x_wconf 74' lang='grc' dir='ltr'><strong><em>της</em></strong></span> <span class='ocrx_word' id='word_1_255' title='bbox 1843 1920 2136 1998; x_wconf 72' lang='grc' dir='ltr'><strong><em>ἁμαρὛαὸος</em></strong></span> <span class='ocrx_word' id='word_1_256' title='bbox 2173 1921 2413 1985; x_wconf 74' lang='grc' dir='ltr'><strong><em>ὁποσἻοὶς,</em></strong></span> <span class='ocrx_word' id='word_1_257' title='bbox 2447 1946 2530 1976; x_wconf 85' lang='grc' dir='ltr'>και</span> 
     </span>
     <span class='ocr_line' id='line_1_26' title="bbox 275 1994 2538 2073; baseline -0 -20"><span class='ocrx_word' id='word_1_258' title='bbox 275 2000 336 2073; x_wconf 78' lang='grc' dir='ltr'>ἐξ</span> <span class='ocrx_word' id='word_1_259' title='bbox 368 2022 526 2053; x_wconf 79' lang='grc' dir='ltr'><strong><em>αυτου</em></strong></span> <span class='ocrx_word' id='word_1_260' title='bbox 553 2023 640 2052; x_wconf 77' lang='grc' dir='ltr'>του</span> <span class='ocrx_word' id='word_1_261' title='bbox 678 1994 962 2054; x_wconf 76' lang='grc' dir='ltr'><strong><em>καὟαλόΓοω</em></strong></span> <span class='ocrx_word' id='word_1_262' title='bbox 987 2001 1086 2055; x_wconf 61' lang='grc' dir='ltr'>τῶν</span> <span class='ocrx_word' id='word_1_263' title='bbox 1115 1999 1319 2055; x_wconf 74' lang='grc' dir='ltr'><strong><em>ὑπάτων</em></strong></span> <span class='ocrx_word' id='word_1_264' title='bbox 1346 1998 1564 2064; x_wconf 55' lang='grc' dir='ltr'>ἐλείφθη</span> <span class='ocrx_word' id='word_1_265' title='bbox 1583 2044 1595 2064; x_wconf 90' lang='grc'><strong><em>,</em></strong></span> <span class='ocrx_word' id='word_1_266' title='bbox 1618 1999 1778 2071; x_wconf 78' lang='grc' dir='ltr'><strong><em>μόνου</em></strong></span> <span class='ocrx_word' id='word_1_267' title='bbox 1806 2001 1904 2053; x_wconf 75' lang='grc' dir='ltr'>τοῦ</span> <span class='ocrx_word' id='word_1_268' title='bbox 1932 1998 2400 2061; x_wconf 75' lang='grc' dir='ltr'><strong><em>συνυπαὟεόσαντος</em></strong></span> <span class='ocrx_word' id='word_1_269' title='bbox 2415 2003 2538 2053; x_wconf 85' lang='grc' dir='ltr'><strong><em>Θεο-</em></strong></span> 
     </span>
     <span class='ocr_line' id='line_1_27' title="bbox 269 2071 2537 2151; baseline 0.002 -22"><span class='ocrx_word' id='word_1_270' title='bbox 269 2071 434 2148; x_wconf 62' lang='grc' dir='ltr'><strong><em>δώρου</em></strong></span> <span class='ocrx_word' id='word_1_271' title='bbox 469 2075 842 2149; x_wconf 57' lang='grc' dir='ltr'>γἐῗραμμένου.</span> <span class='ocrx_word' id='word_1_272' title='bbox 878 2087 988 2132; x_wconf 81' lang='lat' dir='ltr'>Hac·</span> <span class='ocrx_word' id='word_1_273' title='bbox 1013 2086 1178 2149; x_wconf 77' lang='lat' dir='ltr'>itaque</span> <span class='ocrx_word' id='word_1_274' title='bbox 1204 2087 1392 2133; x_wconf 83' lang='lat' dir='ltr'>ratione</span> <span class='ocrx_word' id='word_1_275' title='bbox 1414 2087 1677 2151; x_wconf 79' lang='lat' dir='ltr'>Eutropius</span> <span class='ocrx_word' id='word_1_276' title='bbox 1707 2086 1894 2133; x_wconf 79' lang='lat' dir='ltr'>sceleris</span> <span class='ocrx_word' id='word_1_277' title='bbox 1914 2103 2098 2151; x_wconf 80' lang='lat' dir='ltr'>poenas</span> <span class='ocrx_word' id='word_1_278' title='bbox 2123 2087 2238 2138; x_wconf 82' lang='lat' dir='ltr'>lu1⁸‚t</span> <span class='ocrx_word' id='word_1_279' title='bbox 2268 2099 2313 2132; x_wconf 81' lang='lat' dir='ltr'>et</span> <span class='ocrx_word' id='word_1_280' title='bbox 2337 2104 2400 2133; x_wconf 76' lang='lat' dir='ltr'>ea:</span> <span class='ocrx_word' id='word_1_281' title='bbox 2428 2088 2537 2133; x_wconf 79' lang='lat' dir='ltr'>albo</span> 
     </span>
     <span class='ocr_line' id='line_1_28' title="bbox 267 2163 2540 2229; baseline 0 -20"><span class='ocrx_word' id='word_1_282' title='bbox 267 2164 513 2210; x_wconf 81' lang='lat' dir='ltr'>consulum</span> <span class='ocrx_word' id='word_1_283' title='bbox 546 2164 725 2210; x_wconf 80' lang='lat' dir='ltr'>deletas</span> <span class='ocrx_word' id='word_1_284' title='bbox 757 2176 854 2214; x_wconf 78' lang='lat' dir='ltr'>est,</span> <span class='ocrx_word' id='word_1_285' title='bbox 889 2181 999 2210; x_wconf 81' lang='lat' dir='ltr'>eum</span> <span class='ocrx_word' id='word_1_286' title='bbox 1035 2165 1368 2210; x_wconf 79' lang='lat' dir='ltr'>tantummodo</span> <span class='ocrx_word' id='word_1_287' title='bbox 1403 2181 1453 2210; x_wconf 85' lang='grc' dir='ltr'>ιη</span> <span class='ocrx_word' id='word_1_288' title='bbox 1489 2182 1542 2211; x_wconf 81' lang='lat' dir='ltr'>eo</span> <span class='ocrx_word' id='word_1_289' title='bbox 1575 2177 1858 2211; x_wconf 79' lang='lat' dir='ltr'>remanserzc</span> <span class='ocrx_word' id='word_1_290' title='bbox 1890 2165 2096 2229; x_wconf 77' lang='lat' dir='ltr'>scriptus</span> <span class='ocrx_word' id='word_1_291' title='bbox 2134 2163 2419 2222; x_wconf 76' lang='lat' dir='ltr'>Theodorus,</span> <span class='ocrx_word' id='word_1_292' title='bbox 2453 2166 2540 2227; x_wconf 74' lang='lat' dir='ltr'>qui</span> 
     </span>
    </p>
   </div>
   <div class='ocr_carea' id='block_1_8' title="bbox 251 2240 2536 2305">
    <p class='ocr_par' dir='ltr' id='par_1_10' title="bbox 251 2240 2536 2305">
     <span class='ocr_line' id='line_1_29' title="bbox 251 2240 2536 2305; baseline 0 -18"><span class='ocrx_word' id='word_1_293' title='bbox 251 2257 377 2287; x_wconf 72' lang='lat' dir='ltr'>cum</span> <span class='ocrx_word' id='word_1_294' title='bbox 406 2257 461 2286; x_wconf 87' lang='lat' dir='ltr'>eo</span> <span class='ocrx_word' id='word_1_295' title='bbox 493 2242 659 2287; x_wconf 82' lang='lat' dir='ltr'>consul</span> <span class='ocrx_word' id='word_1_296' title='bbox 673 2240 867 2301; x_wconf 81' lang='lat' dir='ltr'>suerat.</span> <span class='ocrx_word' id='word_1_297' title='bbox 905 2243 1031 2288; x_wconf 89' lang='lat' dir='ltr'>Haec</span> <span class='ocrx_word' id='word_1_298' title='bbox 1064 2242 1227 2288; x_wconf 90' lang='lat' dir='ltr'>Suidas</span> <span class='ocrx_word' id='word_1_299' title='bbox 1261 2244 1499 2305; x_wconf 76' lang='lat' dir='ltr'>exscripsit</span> <span class='ocrx_word' id='word_1_300' title='bbox 1534 2259 1590 2289; x_wconf 84' lang='lat' dir='ltr'>ex</span> <span class='ocrx_word' id='word_1_301' title='bbox 1622 2244 1842 2290; x_wconf 83' lang='lat' dir='ltr'>Iohannis</span> <span class='ocrx_word' id='word_1_302' title='bbox 1877 2243 2139 2290; x_wconf 84' lang='lat' dir='ltr'>antiocheni</span> <span class='ocrx_word' id='word_1_303' title='bbox 2176 2243 2385 2289; x_wconf 87' lang='lat' dir='ltr'>historia.</span> <span class='ocrx_word' id='word_1_304' title='bbox 2421 2243 2536 2289; x_wconf 72' lang='lat' dir='ltr'>vido,</span> 
     </span>
    </p>
   </div>
   <div class='ocr_carea' id='block_1_9' title="bbox 269 2317 2537 2846">
    <p class='ocr_par' dir='ltr' id='par_1_11' title="bbox 269 2317 2537 2846">
     <span class='ocr_line' id='line_1_30' title="bbox 269 2317 2412 2382; baseline 0.001 -20"><span class='ocrx_word' id='word_1_305' title='bbox 269 2318 456 2363; x_wconf 90' lang='lat' dir='ltr'>Henrici</span> <span class='ocrx_word' id='word_1_306' title='bbox 486 2317 654 2363; x_wconf 84' lang='lat' dir='ltr'>Valesii</span> <span class='ocrx_word' id='word_1_307' title='bbox 685 2319 1038 2364; x_wconf 89' lang='lat' dir='ltr'>Constantinum</span> <span class='ocrx_word' id='word_1_308' title='bbox 1071 2319 1527 2382; x_wconf 84' lang='lat' dir='ltr'>porphyrogenitum</span> <span class='ocrx_word' id='word_1_309' title='bbox 1562 2319 1622 2367; x_wconf 93' lang='lat' dir='ltr'>de</span> <span class='ocrx_word' id='word_1_310' title='bbox 1653 2319 1905 2367; x_wconf 89' lang='lat' dir='ltr'>virtutibus</span> <span class='ocrx_word' id='word_1_311' title='bbox 1936 2328 1984 2366; x_wconf 86' lang='lat' dir='ltr'>et</span> <span class='ocrx_word' id='word_1_312' title='bbox 2011 2320 2134 2366; x_wconf 80' lang='lat' dir='ltr'>vitiis</span> <span class='ocrx_word' id='word_1_313' title='bbox 2165 2335 2272 2382; x_wconf 86' lang='lat' dir='ltr'>pag.</span> <span class='ocrx_word' id='word_1_314' title='bbox 2302 2320 2412 2365; x_wconf 60' lang='grc'>819.</span> 
     </span>
     <span class='ocr_line' id='line_1_31' title="bbox 397 2395 2537 2460; baseline 0.001 -20"><span class='ocrx_word' id='word_1_315' title='bbox 397 2397 554 2441; x_wconf 79' lang='lat' dir='ltr'>LXXl.</span> <span class='ocrx_word' id='word_1_316' title='bbox 591 2395 824 2441; x_wconf 88' lang='lat' dir='ltr'>Theodori</span> <span class='ocrx_word' id='word_1_317' title='bbox 851 2395 1036 2442; x_wconf 82' lang='lat' dir='ltr'>diaconi</span> <span class='ocrx_word' id='word_1_318' title='bbox 1061 2397 1351 2443; x_wconf 83' lang='lat' dir='ltr'>alexandrini</span> <span class='ocrx_word' id='word_1_319' title='bbox 1374 2397 1545 2459; x_wconf 83' lang='lat' dir='ltr'>legitur</span> <span class='ocrx_word' id='word_1_320' title='bbox 1571 2397 1761 2445; x_wconf 90' lang='lat' dir='ltr'>libellus</span> <span class='ocrx_word' id='word_1_321' title='bbox 1796 2399 1854 2444; x_wconf 80' lang='lat' dir='ltr'>ad</span> <span class='ocrx_word' id='word_1_322' title='bbox 1878 2399 2081 2444; x_wconf 86' lang='lat' dir='ltr'>Leonem</span> <span class='ocrx_word' id='word_1_323' title='bbox 2104 2413 2297 2460; x_wconf 85' lang='lat' dir='ltr'>papam,</span> <span class='ocrx_word' id='word_1_324' title='bbox 2325 2406 2371 2443; x_wconf 91' lang='lat' dir='ltr'>et</span> <span class='ocrx_word' id='word_1_325' title='bbox 2395 2413 2445 2443; x_wconf 87' lang='lat' dir='ltr'>sv</span> <span class='ocrx_word' id='word_1_326' title='bbox 2451 2412 2537 2443; x_wconf 91' lang='lat' dir='ltr'>no-</span> 
     </span>
     <span class='ocr_line' id='line_1_32' title="bbox 270 2458 2535 2536; baseline 0.001 -19"><span class='ocrx_word' id='word_1_327' title='bbox 270 2472 383 2517; x_wconf 91' lang='lat' dir='ltr'>dum</span> <span class='ocrx_word' id='word_1_328' title='bbox 396 2458 823 2519; x_wconf 82' lang='lat' dir='ltr'>chalcedonensem</span> <span class='ocrx_word' id='word_1_329' title='bbox 849 2472 1070 2519; x_wconf 89' lang='lat' dir='ltr'>adversus</span> <span class='ocrx_word' id='word_1_330' title='bbox 1093 2474 1368 2520; x_wconf 86' lang='lat' dir='ltr'>Dioscorum</span> <span class='ocrx_word' id='word_1_331' title='bbox 1393 2476 1572 2521; x_wconf 83' lang='lat' dir='ltr'>actione</span> <span class='ocrx_word' id='word_1_332' title='bbox 1591 2477 1672 2522; x_wconf 87' lang='grc' dir='ltr'>ΙΙΙ.</span> <span class='ocrx_word' id='word_1_333' title='bbox 1695 2475 1902 2522; x_wconf 83' lang='lat' dir='ltr'>eiusdem</span> <span class='ocrx_word' id='word_1_334' title='bbox 1928 2475 2118 2536; x_wconf 80' lang='lat' dir='ltr'>synodi,</span> <span class='ocrx_word' id='word_1_335' title='bbox 2140 2476 2188 2520; x_wconf 91' lang='lat' dir='ltr'>in</span> <span class='ocrx_word' id='word_1_336' title='bbox 2212 2489 2303 2536; x_wconf 86' lang='lat' dir='ltr'>qua</span> <span class='ocrx_word' id='word_1_337' title='bbox 2327 2490 2375 2520; x_wconf 92' lang='lat' dir='ltr'>se</span> <span class='ocrx_word' id='word_1_338' title='bbox 2398 2475 2535 2520; x_wconf 86' lang='lat' dir='ltr'>etiam</span> 
     </span>
     <span class='ocr_line' id='line_1_33' title="bbox 272 2548 1663 2613; baseline 0.002 -19"><span class='ocrx_word' id='word_1_339' title='bbox 272 2548 582 2613; x_wconf 84' lang='lat' dir='ltr'>probaturum</span> <span class='ocrx_word' id='word_1_340' title='bbox 616 2549 886 2611; x_wconf 91' lang='lat' dir='ltr'>quidquid⁸</span> <span class='ocrx_word' id='word_1_341' title='bbox 874 2565 922 2594; x_wconf 88' lang='lat' dir='ltr'>m</span> <span class='ocrx_word' id='word_1_342' title='bbox 956 2565 1014 2603; x_wconf 87' lang='lat' dir='ltr'>eo</span> <span class='ocrx_word' id='word_1_343' title='bbox 1046 2551 1388 2604; x_wconf 84' lang='lat' dir='ltr'>contineretur,</span> <span class='ocrx_word' id='word_1_344' title='bbox 1417 2553 1663 2613; x_wconf 85' lang='lat' dir='ltr'>promittit.</span> 
     </span>
     <span class='ocr_line' id='line_1_34' title="bbox 400 2627 2535 2695; baseline 0.002 -25"><span class='ocrx_word' id='word_1_345' title='bbox 400 2627 577 2671; x_wconf 86' lang='lat' dir='ltr'>LXXll.</span> <span class='ocrx_word' id='word_1_346' title='bbox 620 2627 855 2672; x_wconf 90' lang='lat' dir='ltr'>lustiniani</span> <span class='ocrx_word' id='word_1_347' title='bbox 889 2628 1185 2689; x_wconf 83' lang='lat' dir='ltr'>imperatoris</span> <span class='ocrx_word' id='word_1_348' title='bbox 1218 2628 1510 2695; x_wconf 79' lang='lat' dir='ltr'>temporibus</span> <span class='ocrx_word' id='word_1_349' title='bbox 1542 2629 1742 2676; x_wconf 85' lang='lat' dir='ltr'>florebat</span> <span class='ocrx_word' id='word_1_350' title='bbox 1773 2630 2045 2676; x_wconf 75' lang='lat' dir='ltr'>Theodorus</span> <span class='ocrx_word' id='word_1_351' title='bbox 2077 2630 2295 2683; x_wconf 91' lang='lat' dir='ltr'>decurio,</span> <span class='ocrx_word' id='word_1_352' title='bbox 2323 2629 2535 2675; x_wconf 88' lang='lat' dir='ltr'>doctrina</span> 
     </span>
     <span class='ocr_line' id='line_1_35' title="bbox 270 2704 2536 2769; baseline 0.001 -20"><span class='ocrx_word' id='word_1_353' title='bbox 270 2713 316 2749; x_wconf 91' lang='lat' dir='ltr'>et</span> <span class='ocrx_word' id='word_1_354' title='bbox 340 2705 564 2766; x_wconf 86' lang='lat' dir='ltr'>sapientia</span> <span class='ocrx_word' id='word_1_355' title='bbox 587 2704 763 2757; x_wconf 73' lang='lat' dir='ltr'>clarus‘,</span> <span class='ocrx_word' id='word_1_356' title='bbox 791 2713 838 2750; x_wconf 86' lang='lat' dir='ltr'>et</span> <span class='ocrx_word' id='word_1_357' title='bbox 862 2704 920 2750; x_wconf 89' lang='lat' dir='ltr'>ad</span> <span class='ocrx_word' id='word_1_358' title='bbox 945 2705 1293 2766; x_wconf 85' lang='lat' dir='ltr'>promovendos</span> <span class='ocrx_word' id='word_1_359' title='bbox 1315 2707 1624 2766; x_wconf 86' lang='lat' dir='ltr'>litteratorum</span> <span class='ocrx_word' id='word_1_360' title='bbox 1648 2716 1841 2754; x_wconf 86' lang='lat' dir='ltr'>conatus</span> <span class='ocrx_word' id='word_1_361' title='bbox 1863 2709 2258 2769; x_wconf 85' lang='lat' dir='ltr'>promptissimus.</span> <span class='ocrx_word' id='word_1_362' title='bbox 2286 2707 2406 2752; x_wconf 87' lang='lat' dir='ltr'>Hinc</span> <span class='ocrx_word' id='word_1_363' title='bbox 2424 2708 2536 2767; x_wconf 85' lang='lat' dir='ltr'>Aga-</span> 
     </span>
     <span class='ocr_line' id='line_1_36' title="bbox 271 2778 2534 2846; baseline 0.002 -21"><span class='ocrx_word' id='word_1_364' title='bbox 271 2778 390 2826; x_wconf 85' lang='lat' dir='ltr'>thias</span> <span class='ocrx_word' id='word_1_365' title='bbox 426 2781 726 2827; x_wconf 87' lang='lat' dir='ltr'>scholasticus</span> <span class='ocrx_word' id='word_1_366' title='bbox 760 2796 892 2827; x_wconf 88' lang='lat' dir='ltr'>suam</span> <span class='ocrx_word' id='word_1_367' title='bbox 923 2787 1157 2828; x_wconf 85' lang='lat' dir='ltr'>novorum</span> <span class='ocrx_word' id='word_1_368' title='bbox 1194 2785 1581 2845; x_wconf 85' lang='lat' dir='ltr'>epigrammatum</span> <span class='ocrx_word' id='word_1_369' title='bbox 1614 2785 1843 2846; x_wconf 84' lang='lat' dir='ltr'>syllogem</span> <span class='ocrx_word' id='word_1_370' title='bbox 1871 2785 1984 2831; x_wconf 87' lang='lat' dir='ltr'>huic</span> <span class='ocrx_word' id='word_1_371' title='bbox 2013 2785 2260 2831; x_wconf 87' lang='lat' dir='ltr'>Theodoro</span> <span class='ocrx_word' id='word_1_372' title='bbox 2294 2799 2534 2845; x_wconf 87' lang='lat' dir='ltr'>nuncupa-</span> 
     </span>
    </p>
   </div>
   <div class='ocr_carea' id='block_1_10' title="bbox 263 2859 2534 2924">
    <p class='ocr_par' dir='ltr' id='par_1_12' title="bbox 263 2859 2534 2924">
     <span class='ocr_line' id='line_1_37' title="bbox 263 2859 2534 2924; baseline 0.002 -21"><span class='ocrx_word' id='word_1_373' title='bbox 263 2859 363 2910; x_wconf 49' lang='lat' dir='ltr'>vit,</span> <span class='ocrx_word' id='word_1_374' title='bbox 391 2859 439 2903; x_wconf 92' lang='lat' dir='ltr'>in</span> <span class='ocrx_word' id='word_1_375' title='bbox 465 2867 643 2919; x_wconf 87' lang='lat' dir='ltr'>septem</span> <span class='ocrx_word' id='word_1_376' title='bbox 672 2859 922 2911; x_wconf 84' lang='lat' dir='ltr'>sectioneS,</span> <span class='ocrx_word' id='word_1_377' title='bbox 948 2859 1169 2905; x_wconf 88' lang='lat' dir='ltr'>divisam:</span> <span class='ocrx_word' id='word_1_378' title='bbox 1200 2875 1309 2906; x_wconf 88' lang='lat' dir='ltr'>nam</span> <span class='ocrx_word' id='word_1_379' title='bbox 1335 2877 1442 2907; x_wconf 88' lang='lat' dir='ltr'>cum</span> <span class='ocrx_word' id='word_1_380' title='bbox 1465 2863 1695 2924; x_wconf 84' lang='lat' dir='ltr'>Meleager</span> <span class='ocrx_word' id='word_1_381' title='bbox 1721 2862 1949 2923; x_wconf 83' lang='lat' dir='ltr'>phoenix,</span> <span class='ocrx_word' id='word_1_382' title='bbox 1975 2870 2021 2908; x_wconf 85' lang='lat' dir='ltr'>et</span> <span class='ocrx_word' id='word_1_383' title='bbox 2044 2862 2284 2923; x_wconf 89' lang='lat' dir='ltr'>Philippus</span> <span class='ocrx_word' id='word_1_384' title='bbox 2310 2861 2534 2907; x_wconf 88' lang='lat' dir='ltr'>thessalo-</span> 
     </span>
    </p>
   </div>
   <div class='ocr_carea' id='block_1_11' title="bbox 265 2936 2534 3565">
    <p class='ocr_par' dir='ltr' id='par_1_13' title="bbox 265 2936 2534 3230">
     <span class='ocr_line' id='line_1_38' title="bbox 273 2936 2534 3000; baseline 0.001 -20"><span class='ocrx_word' id='word_1_385' title='bbox 273 2936 469 2980; x_wconf 87' lang='lat' dir='ltr'>nicensis</span> <span class='ocrx_word' id='word_1_386' title='bbox 504 2936 804 2995; x_wconf 87' lang='lat' dir='ltr'>antiquorum</span> <span class='ocrx_word' id='word_1_387' title='bbox 843 2943 1084 2997; x_wconf 86' lang='lat' dir='ltr'>poetarum</span> <span class='ocrx_word' id='word_1_388' title='bbox 1112 2937 1449 2998; x_wconf 84' lang='lat' dir='ltr'>epigrammata</span> <span class='ocrx_word' id='word_1_389' title='bbox 1482 2940 1677 3000; x_wconf 88' lang='lat' dir='ltr'>sparsim</span> <span class='ocrx_word' id='word_1_390' title='bbox 1706 2938 1817 2984; x_wconf 88' lang='lat' dir='ltr'>hinc</span> <span class='ocrx_word' id='word_1_391' title='bbox 1845 2938 2203 2991; x_wconf 89' lang='lat' dir='ltr'>inde-collecta,</span> <span class='ocrx_word' id='word_1_392' title='bbox 2231 2946 2277 2984; x_wconf 89' lang='lat' dir='ltr'>et</span> <span class='ocrx_word' id='word_1_393' title='bbox 2309 2938 2356 2982; x_wconf 88' lang='lat' dir='ltr'>in</span> <span class='ocrx_word' id='word_1_394' title='bbox 2387 2952 2534 2982; x_wconf 92' lang='lat' dir='ltr'>unum</span> 
     </span>
     <span class='ocr_line' id='line_1_39' title="bbox 265 3010 2532 3076; baseline 0.001 -20"><span class='ocrx_word' id='word_1_395' title='bbox 265 3012 413 3057; x_wconf 76' lang='lat' dir='ltr'>veluti</span> <span class='ocrx_word' id='word_1_396' title='bbox 456 3011 623 3057; x_wconf 86' lang='lat' dir='ltr'>fascem</span> <span class='ocrx_word' id='word_1_397' title='bbox 661 3010 968 3064; x_wconf 86' lang='lat' dir='ltr'>adunassent,</span> <span class='ocrx_word' id='word_1_398' title='bbox 1003 3011 1399 3074; x_wconf 86' lang='lat' dir='ltr'>adornassentque</span> <span class='ocrx_word' id='word_1_399' title='bbox 1432 3029 1634 3059; x_wconf 82' lang='lat' dir='ltr'>coronae</span> <span class='ocrx_word' id='word_1_400' title='bbox 1665 3014 1832 3067; x_wconf 87' lang='lat' dir='ltr'>titulo,</span> <span class='ocrx_word' id='word_1_401' title='bbox 1869 3014 2087 3076; x_wconf 84' lang='lat' dir='ltr'>Agathias</span> <span class='ocrx_word' id='word_1_402' title='bbox 2121 3028 2286 3060; x_wconf 87' lang='lat' dir='ltr'>eorum</span> <span class='ocrx_word' id='word_1_403' title='bbox 2322 3011 2532 3060; x_wconf 87' lang='lat' dir='ltr'>laborem</span> 
     </span>
     <span class='ocr_line' id='line_1_40' title="bbox 270 3088 2533 3152; baseline 0 -17"><span class='ocrx_word' id='word_1_404' title='bbox 270 3090 527 3152; x_wconf 81' lang='lat' dir='ltr'>excipiens,</span> <span class='ocrx_word' id='word_1_405' title='bbox 556 3103 789 3134; x_wconf 77' lang='lat' dir='ltr'>novorum</span> <span class='ocrx_word' id='word_1_406' title='bbox 822 3088 1075 3149; x_wconf 81' lang='lat' dir='ltr'>syllogem,</span> <span class='ocrx_word' id='word_1_407' title='bbox 1107 3104 1165 3134; x_wconf 90' lang='lat' dir='ltr'>ne</span> <span class='ocrx_word' id='word_1_408' title='bbox 1187 3105 1300 3151; x_wconf 85' lang='lat' dir='ltr'>vaga</span> <span class='ocrx_word' id='word_1_409' title='bbox 1326 3090 1550 3152; x_wconf 79' lang='lat' dir='ltr'>nullaque</span> <span class='ocrx_word' id='word_1_410' title='bbox 1581 3091 1651 3137; x_wconf 92' lang='lat' dir='ltr'>sui</span> <span class='ocrx_word' id='word_1_411' title='bbox 1677 3091 1802 3137; x_wconf 92' lang='lat' dir='ltr'>mole</span> <span class='ocrx_word' id='word_1_412' title='bbox 1826 3092 2075 3152; x_wconf 89' lang='lat' dir='ltr'>conspicua</span> <span class='ocrx_word' id='word_1_413' title='bbox 2104 3089 2393 3137; x_wconf 85' lang='lat' dir='ltr'>abolirentur</span> <span class='ocrx_word' id='word_1_414' title='bbox 2419 3106 2533 3136; x_wconf 86' lang='lat' dir='ltr'>con-</span> 
     </span>
     <span class='ocr_line' id='line_1_41' title="bbox 266 3165 2165 3230; baseline 0.001 -17"><span class='ocrx_word' id='word_1_415' title='bbox 266 3167 404 3218; x_wconf 73' lang='lat' dir='ltr'>fecit,</span> <span class='ocrx_word' id='word_1_416' title='bbox 434 3175 478 3213; x_wconf 91' lang='lat' dir='ltr'>et</span> <span class='ocrx_word' id='word_1_417' title='bbox 513 3167 789 3229; x_wconf 86' lang='lat' dir='ltr'>praepositis</span> <span class='ocrx_word' id='word_1_418' title='bbox 823 3165 1023 3212; x_wconf 86' lang='lat' dir='ltr'>heroicis</span> <span class='ocrx_word' id='word_1_419' title='bbox 1056 3165 1118 3228; x_wconf 65' lang='lat' dir='ltr'>(lt)</span> <span class='ocrx_word' id='word_1_420' title='bbox 1155 3166 1445 3228; x_wconf 78' lang='lat' dir='ltr'>significavit.</span> <span class='ocrx_word' id='word_1_421' title='bbox 1484 3170 1693 3230; x_wconf 89' lang='lat' dir='ltr'>Namque</span> <span class='ocrx_word' id='word_1_422' title='bbox 1724 3169 1846 3214; x_wconf 90' lang='lat' dir='ltr'>inter</span> <span class='ocrx_word' id='word_1_423' title='bbox 1879 3169 1965 3214; x_wconf 87' lang='lat' dir='ltr'>alia</span> <span class='ocrx_word' id='word_1_424' title='bbox 2001 3167 2165 3214; x_wconf 85' lang='lat' dir='ltr'>habet:</span> 
     </span>
    </p>

    <p class='ocr_par' dir='ltr' id='par_1_14' title="bbox 621 3243 2039 3319">
     <span class='ocr_line' id='line_1_42' title="bbox 621 3243 2039 3319; baseline 0.004 -22"><span class='ocrx_word' id='word_1_425' title='bbox 621 3243 860 3300; x_wconf 62' lang='grc' dir='ltr'><strong><em>Τοῦνεκεν</em></strong></span> <span class='ocrx_word' id='word_1_426' title='bbox 899 3243 1081 3299; x_wconf 72' lang='grc' dir='ltr'><strong><em>ὁππότε</em></strong></span> <span class='ocrx_word' id='word_1_427' title='bbox 1116 3244 1281 3300; x_wconf 64' lang='grc' dir='ltr'><strong><em>πάντα</em></strong></span> <span class='ocrx_word' id='word_1_428' title='bbox 1318 3252 1472 3311; x_wconf 69' lang='grc' dir='ltr'><strong><em>φίλης</em></strong></span> <span class='ocrx_word' id='word_1_429' title='bbox 1507 3245 1744 3306; x_wconf 68' lang='grc' dir='ltr'>πέπλκθε</span> <span class='ocrx_word' id='word_1_430' title='bbox 1777 3246 2039 3319; x_wconf 67' lang='grc' dir='ltr'><strong><em>γαλήνης,</em></strong></span> 
     </span>
    </p>

    <p class='ocr_par' dir='ltr' id='par_1_15' title="bbox 617 3320 1926 3396">
     <span class='ocr_line' id='line_1_43' title="bbox 617 3320 1926 3396; baseline 0.001 -21.017"><span class='ocrx_word' id='word_1_431' title='bbox 617 3320 840 3376; x_wconf 59' lang='lat' dir='ltr'>‘Ona-572</span> <span class='ocrx_word' id='word_1_432' title='bbox 878 3345 960 3374; x_wconf 81' lang='grc' dir='ltr'>και</span> <span class='ocrx_word' id='word_1_433' title='bbox 1001 3323 1220 3394; x_wconf 73' lang='grc' dir='ltr'><strong><em>ξείνοιο,</em></strong></span> <span class='ocrx_word' id='word_1_434' title='bbox 1257 3346 1338 3376; x_wconf 86' lang='grc' dir='ltr'>και</span> <span class='ocrx_word' id='word_1_435' title='bbox 1383 3321 1636 3378; x_wconf 77' lang='grc' dir='ltr'><strong><em>ἐνδαπιόιο</em></strong></span> <span class='ocrx_word' id='word_1_436' title='bbox 1673 3321 1926 3396; x_wconf 64' lang='grc' dir='ltr'><strong><em>κυδοιμοῦ</em></strong></span> 
     </span>
    </p>

    <p class='ocr_par' dir='ltr' id='par_1_16' title="bbox 615 3396 1930 3495">
     <span class='ocr_line' id='line_1_44' title="bbox 615 3396 1930 3495; baseline 0.001 -44.016"><span class='ocrx_word' id='word_1_437' title='bbox 615 3396 856 3460; x_wconf 71' lang='grc' dir='ltr'><strong><em>Ἔλπίὸες</em></strong></span> <span class='ocrx_word' id='word_1_438' title='bbox 896 3397 1268 3470; x_wconf 66' lang='grc' dir='ltr'>ἐθραόσθκσαν</span> <span class='ocrx_word' id='word_1_439' title='bbox 1306 3400 1383 3465; x_wconf 79' lang='grc' dir='ltr'>ὑφ</span> <span class='ocrx_word' id='word_1_440' title='bbox 1420 3398 1657 3495; x_wconf 77' lang='grc' dir='ltr'><strong><em>κμετέρῳ</em></strong></span> <span class='ocrx_word' id='word_1_441' title='bbox 1678 3400 1930 3467; x_wconf 64' lang='grc' dir='ltr'><strong><em>βασιλῆϊ,</em></strong></span> 
     </span>
    </p>

    <p class='ocr_par' dir='ltr' id='par_1_17' title="bbox 629 3473 2049 3565">
     <span class='ocr_line' id='line_1_45' title="bbox 629 3473 2049 3565; baseline 0.002 -38"><span class='ocrx_word' id='word_1_442' title='bbox 629 3476 822 3550; x_wconf 67' lang='grc' dir='ltr'><strong><em>Δεῦρο,</em></strong></span> <span class='ocrx_word' id='word_1_443' title='bbox 858 3474 1030 3548; x_wconf 81' lang='grc' dir='ltr'><strong><em>μα’καρ</em></strong></span> <span class='ocrx_word' id='word_1_444' title='bbox 1070 3473 1334 3550; x_wconf 71' lang='grc' dir='ltr'><strong><em>Θεόδωρε,</em></strong></span> <span class='ocrx_word' id='word_1_445' title='bbox 1372 3474 1526 3565; x_wconf 77' lang='grc' dir='ltr'><strong><em>σοφον</em></strong></span> <span class='ocrx_word' id='word_1_446' title='bbox 1565 3474 1832 3538; x_wconf 67' lang='grc' dir='ltr'><strong><em>στήσαντες</em></strong></span> <span class='ocrx_word' id='word_1_447' title='bbox 1869 3477 2049 3550; x_wconf 64' lang='grc' dir='ltr'><strong><em>ἅγωνα</em></strong></span> 
     </span>
    </p>
   </div>
   <div class='ocr_carea' id='block_1_12' title="bbox 278 3636 1998 3805">
    <p class='ocr_par' dir='ltr' id='par_1_18' title="bbox 278 3636 1998 3805">
     <span class='ocr_line' id='line_1_46' title="bbox 361 3636 1777 3686; baseline 0.002 -14"><span class='ocrx_word' id='word_1_448' title='bbox 361 3640 409 3680; x_wconf 88' lang='grc'>(1)</span> <span class='ocrx_word' id='word_1_449' title='bbox 434 3637 542 3673; x_wconf 83' lang='lat' dir='ltr'>Extat</span> <span class='ocrx_word' id='word_1_450' title='bbox 566 3636 707 3674; x_wconf 86' lang='lat' dir='ltr'>iamdiu</span> <span class='ocrx_word' id='word_1_451' title='bbox 732 3638 771 3673; x_wconf 89' lang='lat' dir='ltr'>in</span> <span class='ocrx_word' id='word_1_452' title='bbox 798 3638 966 3675; x_wconf 84' lang='lat' dir='ltr'>maurina</span> <span class='ocrx_word' id='word_1_453' title='bbox 990 3636 1241 3686; x_wconf 80' lang='lat' dir='ltr'>chrysostomi</span> <span class='ocrx_word' id='word_1_454' title='bbox 1266 3637 1426 3675; x_wconf 83' lang='lat' dir='ltr'>editione</span> <span class='ocrx_word' id='word_1_455' title='bbox 1450 3639 1493 3675; x_wconf 92' lang='lat' dir='ltr'>T.</span> <span class='ocrx_word' id='word_1_456' title='bbox 1519 3639 1626 3675; x_wconf 80' lang='lat' dir='ltr'>xm.</span> <span class='ocrx_word' id='word_1_457' title='bbox 1653 3641 1699 3675; x_wconf 83' lang='lat' dir='ltr'>A.</span> <span class='ocrx_word' id='word_1_458' title='bbox 1726 3640 1777 3675; x_wconf 81' lang='lat' dir='ltr'>M.</span> 
     </span>
     <span class='ocr_line' id='line_1_47' title="bbox 286 3695 1474 3744; baseline 0.003 -14"><span class='ocrx_word' id='word_1_459' title='bbox 286 3721 290 3725; x_wconf 34' lang='lat'><strong>⁴</strong></span> <span class='ocrx_word' id='word_1_460' title='bbox 359 3698 407 3738; x_wconf 85' lang='lat'>(2)</span> <span class='ocrx_word' id='word_1_461' title='bbox 431 3695 503 3732; x_wconf 88' lang='lat' dir='ltr'>Adi</span> <span class='ocrx_word' id='word_1_462' title='bbox 529 3696 581 3733; x_wconf 89' lang='lat' dir='ltr'>sis</span> <span class='ocrx_word' id='word_1_463' title='bbox 604 3696 737 3734; x_wconf 84' lang='lat' dir='ltr'>Allatii</span> <span class='ocrx_word' id='word_1_464' title='bbox 761 3696 960 3733; x_wconf 83' lang='lat' dir='ltr'>diatribam</span> <span class='ocrx_word' id='word_1_465' title='bbox 986 3696 1031 3734; x_wconf 87' lang='lat' dir='ltr'>de</span> <span class='ocrx_word' id='word_1_466' title='bbox 1054 3697 1148 3734; x_wconf 88' lang='lat' dir='ltr'>Nilis</span> <span class='ocrx_word' id='word_1_467' title='bbox 1173 3708 1251 3744; x_wconf 87' lang='lat' dir='ltr'>cap.</span> <span class='ocrx_word' id='word_1_468' title='bbox 1278 3698 1323 3733; x_wconf 81' lang='lat' dir='ltr'>V.</span> <span class='ocrx_word' id='word_1_469' title='bbox 1350 3700 1396 3734; x_wconf 91' lang='lat' dir='ltr'>A.</span> <span class='ocrx_word' id='word_1_470' title='bbox 1422 3699 1474 3734; x_wconf 90' lang='lat' dir='ltr'>M.</span> 
     </span>
     <span class='ocr_line' id='line_1_48' title="bbox 278 3753 1998 3805; baseline 0.003 -16"><span class='ocrx_word' id='word_1_471' title='bbox 278 3779 282 3782; x_wconf 84' lang='lat'>-</span> <span class='ocrx_word' id='word_1_472' title='bbox 359 3757 408 3797; x_wconf 81' lang='grc'>(3)</span> <span class='ocrx_word' id='word_1_473' title='bbox 433 3753 503 3792; x_wconf 85' lang='lat' dir='ltr'>His</span> <span class='ocrx_word' id='word_1_474' title='bbox 527 3755 622 3792; x_wconf 87' lang='lat' dir='ltr'>adde</span> <span class='ocrx_word' id='word_1_475' title='bbox 645 3766 740 3804; x_wconf 91' lang='lat' dir='ltr'>quae</span> <span class='ocrx_word' id='word_1_476' title='bbox 765 3755 857 3793; x_wconf 88' lang='lat' dir='ltr'>dicit</span> <span class='ocrx_word' id='word_1_477' title='bbox 880 3755 1072 3793; x_wconf 81' lang='lat' dir='ltr'>Fabricius</span> <span class='ocrx_word' id='word_1_478' title='bbox 1095 3757 1138 3792; x_wconf 90' lang='grc' dir='ltr'>Β.</span> <span class='ocrx_word' id='word_1_479' title='bbox 1165 3757 1209 3796; x_wconf 81' lang='lat' dir='ltr'>L,</span> <span class='ocrx_word' id='word_1_480' title='bbox 1236 3757 1352 3805; x_wconf 87' lang='lat' dir='ltr'>antiq.</span> <span class='ocrx_word' id='word_1_481' title='bbox 1379 3756 1437 3794; x_wconf 88' lang='lat' dir='ltr'>ed.</span> <span class='ocrx_word' id='word_1_482' title='bbox 1464 3767 1545 3793; x_wconf 88' lang='lat' dir='ltr'>ven.</span> <span class='ocrx_word' id='word_1_483' title='bbox 1572 3758 1615 3794; x_wconf 90' lang='lat' dir='ltr'>T.</span> <span class='ocrx_word' id='word_1_484' title='bbox 1644 3758 1672 3793; x_wconf 90' lang='lat'>1.</span> <span class='ocrx_word' id='word_1_485' title='bbox 1702 3768 1737 3804; x_wconf 92' lang='lat' dir='ltr'>p.</span> <span class='ocrx_word' id='word_1_486' title='bbox 1767 3762 1847 3795; x_wconf 84' lang='grc'><strong><em>353.</em></strong></span> <span class='ocrx_word' id='word_1_487' title='bbox 1873 3760 1920 3795; x_wconf 82' lang='lat' dir='ltr'>A.</span> <span class='ocrx_word' id='word_1_488' title='bbox 1946 3760 1998 3795; x_wconf 90' lang='lat' dir='ltr'>M.</span> 
     </span>
    </p>
   </div>
   <div class='ocr_carea' id='block_1_13' title="bbox 272 3814 2525 3923">
    <p class='ocr_par' dir='ltr' id='par_1_19' title="bbox 272 3814 2525 3923">
     <span class='ocr_line' id='line_1_49' title="bbox 330 3814 2525 3870; baseline 0.003 -22"><span class='ocrx_word' id='word_1_489' title='bbox 330 3859 334 3863; x_wconf 30' lang='grc'><strong><em>1</em></strong></span> <span class='ocrx_word' id='word_1_490' title='bbox 362 3816 410 3856; x_wconf 78' lang='grc'>(4)</span> <span class='ocrx_word' id='word_1_491' title='bbox 433 3814 583 3861; x_wconf 83' lang='lat' dir='ltr'>Legesis</span> <span class='ocrx_word' id='word_1_492' title='bbox 607 3815 647 3851; x_wconf 89' lang='lat' dir='ltr'>in</span> <span class='ocrx_word' id='word_1_493' title='bbox 673 3826 793 3862; x_wconf 83' lang='lat' dir='ltr'>graec.</span> <span class='ocrx_word' id='word_1_494' title='bbox 822 3815 926 3852; x_wconf 86' lang='lat' dir='ltr'>anth.</span> <span class='ocrx_word' id='word_1_495' title='bbox 952 3816 1054 3863; x_wconf 88' lang='lat' dir='ltr'>Lips.</span> <span class='ocrx_word' id='word_1_496' title='bbox 1082 3817 1124 3852; x_wconf 91' lang='lat' dir='ltr'>T.</span> <span class='ocrx_word' id='word_1_497' title='bbox 1150 3817 1179 3853; x_wconf 91' lang='grc' dir='ltr'>Ι.</span> <span class='ocrx_word' id='word_1_498' title='bbox 1207 3827 1242 3864; x_wconf 88' lang='lat' dir='ltr'>p.</span> <span class='ocrx_word' id='word_1_499' title='bbox 1264 3819 1389 3854; x_wconf 83' lang='lat'>55-56.</span> <span class='ocrx_word' id='word_1_500' title='bbox 1417 3817 1459 3853; x_wconf 91' lang='lat' dir='ltr'>Iu</span> <span class='ocrx_word' id='word_1_501' title='bbox 1484 3821 1644 3855; x_wconf 85' lang='lat' dir='ltr'>statuam</span> <span class='ocrx_word' id='word_1_502' title='bbox 1671 3816 1718 3854; x_wconf 85' lang='lat' dir='ltr'>ad</span> <span class='ocrx_word' id='word_1_503' title='bbox 1743 3817 1925 3855; x_wconf 86' lang='lat' dir='ltr'>Theodori</span> <span class='ocrx_word' id='word_1_504' title='bbox 1951 3818 2108 3855; x_wconf 81' lang='lat' dir='ltr'>illustris</span> <span class='ocrx_word' id='word_1_505' title='bbox 2132 3818 2189 3855; x_wconf 88' lang='lat' dir='ltr'>bis</span> <span class='ocrx_word' id='word_1_506' title='bbox 2209 3818 2445 3870; x_wconf 72' lang='lat' dir='ltr'>proconsulis</span> <span class='ocrx_word' id='word_1_507' title='bbox 2472 3825 2525 3855; x_wconf 81' lang='lat' dir='ltr'>est</span> 
     </span>
     <span class='ocr_line' id='line_1_50' title="bbox 272 3870 1181 3923; baseline 0.004 -15"><span class='ocrx_word' id='word_1_508' title='bbox 272 3874 366 3909; x_wconf 78' lang='lat' dir='ltr'>item</span> <span class='ocrx_word' id='word_1_509' title='bbox 393 3870 572 3920; x_wconf 72' lang='lat' dir='ltr'>Agathiae</span> <span class='ocrx_word' id='word_1_510' title='bbox 597 3875 825 3921; x_wconf 81' lang='lat' dir='ltr'>epigramma</span> <span class='ocrx_word' id='word_1_511' title='bbox 850 3881 940 3912; x_wconf 88' lang='lat' dir='ltr'>tom.</span> <span class='ocrx_word' id='word_1_512' title='bbox 968 3875 1030 3912; x_wconf 86' lang='lat' dir='ltr'>cit.</span> <span class='ocrx_word' id='word_1_513' title='bbox 1054 3886 1094 3923; x_wconf 88' lang='lat' dir='ltr'>p.</span> <span class='ocrx_word' id='word_1_514' title='bbox 1126 3880 1181 3912; x_wconf 85' lang='lat' dir='ltr'>lt..</span> 
     </span>
    </p>
   </div>
  </div>
 </body>
</html>
