2970 4420
475 264 493 307 1
510 263 565 307 12
808 291 811 294 »
1425 277 1575 310 mosis
1609 277 1787 309 Arrun

469 380 574 409 rum
608 363 743 410 dictis
776 378 869 411 una
900 364 1038 412 simul
1072 365 1252 412 collatis
1278 372 1484 418 constat,
1514 379 1609 411 non
1636 364 1695 410 de
1729 370 1824 411 tota
1855 363 1942 411 hac
1976 366 2216 420 oratione,
2242 366 2324 414 sed
2355 366 2655 414 solummodo
2680 366 2740 415 de

467 440 594 487 dicto
629 441 827 494 inserto,
854 444 902 488 in
936 458 1033 504 quo
1056 442 1304 488 videbatur
1338 441 1504 487 tollere
1525 457 1556 487 e
1591 457 1788 504 persona
1820 441 1988 488 Christi
2013 442 2129 489 duas
2153 452 2366 499 naturas,
2393 453 2440 491 et
2471 459 2613 491 unam
2637 452 2742 492 tan-

468 526 567 564 tum
602 518 915 580 constabilire.
954 520 1025 565 Sic
1059 520 1299 580 Eulogius.
1334 508 1396 559 ‘H
1433 505 1486 561 δὲ
1525 507 1613 562 τὸν
1648 508 2061 603 θαυματουργόν
2096 509 2385 604 Γρηγόριον
2422 512 2740 578 ὑποβαλλο-

471 583 594 654 με’νη
629 608 814 659 χρῆσις
848 584 1069 658 λέγεται
1106 585 1198 656 μὲν
1235 584 1340 659 γὰρ
1382 584 1599 648 ἐκει’,νου
1623 583 1712 639 τὸν
1740 582 1794 638 δὲ
1825 585 2247 658 Απολλινοίριον
2259 587 2555 661 εἶσκομιᾞζει
2594 598 2740 644 Testi-

467 687 680 718 monium
706 671 835 734 quod
858 671 1079 734 Gregorii
1102 670 1445 734 thaumaturgi
1465 687 1635 717 nomen
1664 686 1787 735 prae
1811 687 1859 717 se
1874 671 2009 733 sert,
2039 671 2219 718 di‘ezmr
2241 673 2432 735 quidem
2460 673 2590 720 i'llzus
2617 690 2735 724 esse,

467 749 551 794 sed
575 748 900 812 Apollinarem
930 749 1038 794 olet.
1069 750 1141 795 Sic
1165 749 1380 795 monachi
1389 707 1687 796 &Palaestinae
1712 748 1835 811 apud
1863 750 2139 810 Evagrium,
2164 752 2377 812 quamvis
2401 751 2555 797 dicant
2578 751 2742 798 haere-

470 831 601 876 ticos.
640 830 917 882 Athanasio,
946 829 1197 897 Gregorio,
1227 845 1279 875 ac
1303 829 1446 882 Iulio,
1477 830 1712 891 inscriptis
1735 843 1900 875 eorum
1936 827 2230 882 nomini-bus,
2257 830 2430 877 multos
2455 829 2741 892 Apollinaris

468 914 689 952 tractatus
721 905 1044 989 supposuisse,
1078 914 1211 952 antea
1252 915 1406 953 tamen
1440 906 1681 959 dixerant,
1708 917 1910 969 patrum
1945 904 2090 953 libros
2122 921 2262 969 saepe
2300 906 2599 971 depravasse.
2637 894 2742 951 Και

470 982 534 1026 λο
528 971 653 1034 Γους
678 970 897 1044 παΤερων
923 970 1185 1033 πολλακις
1211 970 1544 1028 νενοθεόκασι.
1573 984 1645 1030 Sic
1666 991 1829 1031 auctor
1852 984 1973 1029 vitae
1997 983 2141 1030 sancti
2164 984 2349 1030 Maximi
2371 993 2508 1032 vocat
2531 971 2740 1049 χρήσεις

470 1049 645 1112 ἁΓίων,
676 1049 758 1103 καὶ
793 1049 1051 1122 affatum
1078 1047 1290 1123 χρήσεις
1327 1055 1370 1119 (1
1353 1053 1413 1113 ι’)
1445 1050 1623 1124 ῥῆσις,
1648 1062 1745 1107 sive
1769 1073 1985 1122 χρῆσις,
2021 1068 2088 1106 est
2113 1060 2280 1148 dictip,
2308 1061 2525 1115 effatum,
2558 1070 2741 1108 senten-

469 1136 555 1189 tia,
589 1152 694 1198 pars
728 1137 949 1182 orationis
984 1137 1190 1198 integra;
1226 1126 1507 1198 τεμάχιον,
1543 1138 1776 1191 frustum,
1814 1137 2128 1199 fragmentum
2161 1150 2225 1198 ῃσ
2271 1126 2561 1202 Εὐριπίδης
2595 1128 2742 1202 ῥῆσιν

469 1202 609 1265 τινὰ,
645 1213 815 1257 ceci'nzt
848 1212 1106 1276 Euripides
1146 1214 1432 1259 sententiam
1472 1215 1748 1276 quandam,
1788 1230 1895 1276 pars
1935 1215 2186 1267 orationis,
2224 1230 2318 1261 non
2355 1215 2507 1262 oratio
2543 1216 2738 1277 integra.

469 1290 623 1344 Quare
650 1290 723 1336 hic
747 1290 1037 1336 contendunt
1070 1282 1254 1354 χρῆσιν
1287 1291 1415 1337 illam
1446 1292 1518 1338 vel
1556 1282 1702 1355 ῥῆσιν
1721 1324 1733 1344 ,
1768 1307 1888 1354 quae
1916 1308 1972 1338 ex
1999 1291 2284 1354 Apollinaris
2311 1308 2436 1354 penu
2461 1301 2621 1355 exorta
2648 1301 2739 1346 est,

468 1367 796 1428 Thaumaturgi
825 1383 918 1420 non
945 1383 1070 1421 esse,
1100 1368 1181 1414 sed
1210 1368 1511 1431 Apollinaris.
1541 1370 1647 1415 Non
1673 1368 1781 1415 ideo
1811 1377 1968 1415 tamen
1991 1367 2207 1415 abdicant
2232 1369 2461 1431 reliquam
2485 1370 2743 1416 orationem

470 1445 785 1489 continuatam
802 1480 813 1497 ,
840 1460 959 1506 quae
984 1446 1209 1507 Gregorio
1234 1445 1425 1508 indigna
1449 1461 1544 1492 non
1569 1454 1655 1491 est.
1683 1448 1739 1491 Et
1763 1445 1878 1492 dum
1898 1445 2013 1492 dicit
2038 1447 2254 1492 Leontius
2271 1481 2282 1500 ,
2310 1446 2434 1508 apud
2461 1447 2744 1508 antiquiores

469 1520 757 1575 dubitatum,
787 1538 881 1569 non
910 1523 968 1569 de
992 1522 1101 1570 fidei
1125 1525 1414 1586 expositione
1438 1524 1487 1570 id
1513 1525 1739 1577 affirmat,
1769 1524 1849 1570 sed
1875 1533 2056 1570 tantum
2079 1524 2138 1570 de
2162 1524 2289 1570 dicto
2313 1525 2397 1571 illo
2421 1532 2467 1570 et
2490 1525 2742 1578 sententia,

469 1614 611 1661 quam
641 1600 707 1644 uti
738 1601 862 1662 ipse,
893 1601 953 1646 ita
985 1609 1030 1646 et
1059 1600 1137 1647 alii
1163 1600 1391 1647 verbatim
1423 1609 1773 1664 expresserunt,
1798 1600 2140 1648 dubitationem
2170 1601 2334 1655 fuisse,
2362 1599 2559 1662 intelligi
2577 1588 2740 1647 debet.

470 1677 606 1732 Quod
636 1693 748 1724 vero
774 1678 942 1724 ultimo
968 1678 1076 1725 loco
1110 1680 1245 1741 ponit
1271 1694 1327 1725 ex
1361 1680 1587 1725 sententia
1622 1679 1830 1740 Gregorii
1869 1680 2081 1740 nysseni,
2109 1678 2295 1725 nullum
2325 1693 2422 1724 esse
2449 1693 2569 1740 opus
2591 1677 2746 1723 Tlmu-

471 1756 671 1816 maturgi
706 1764 890 1817 praeter
924 1756 1071 1802 solam
1109 1756 1276 1809 fidem,
1314 1772 1456 1818 quam
1492 1757 1539 1802 in
1579 1757 1759 1803 visione
1795 1764 2126 1818 conspexerat,
2164 1755 2253 1802 hoc
2287 1771 2382 1802 non
2414 1765 2483 1802 est
2515 1755 2603 1801 hac
2635 1753 2745 1801 fidei

472 1833 762 1894 expositione
794 1833 891 1890 sola
912 1868 923 1886 ,
963 1833 1044 1879 sed
1079 1834 1272 1895 reliquis
1305 1835 1444 1880 etiam
1488 1834 1589 1879 aliis
1625 1833 1877 1896 operibus,
1915 1849 2035 1895 quae
2068 1831 2328 1879 indubitate
2357 1833 2566 1894 Gregorii
2600 1840 2741 1884 sunt,

472 1910 747 1971 Gregorium
783 1910 1009 1972 spoliare,
1036 1911 1165 1972 quod
1195 1910 1334 1957 fuerit
1368 1911 1507 1972 plane
1540 1909 1768 1957 absonum
1788 1945 1799 1962 ,
1827 1919 1871 1956 et
1903 1926 2013 1957 vere
2037 1910 2447 1956 inconsideratum.
2486 1910 2541 1954 Et
2566 1909 2671 1954 licet
2695 1908 2746 1954 id

472 1988 707 2047 Nyssenus
742 1996 991 2041 assereret,
1019 1990 1280 2049 Nyssenum
1315 1990 1414 2050 ipse
1444 1974 1687 2042 revereor,
1714 1996 1759 2033 et
1784 1988 1909 2034 illius
1941 1985 2063 2033 dicta
2095 1986 2356 2033 exosculor.
2393 1984 2557 2032 Habeo
2589 1993 2745 2032 tamen

473 2079 592 2124 quos
623 2064 693 2109 illi
725 2080 964 2127 opponam
989 2064 1209 2111 Basilium
1234 2074 1280 2111 et
1306 2066 1674 2126 Hieronymum,
1703 2066 1784 2126 qui
1808 2065 1955 2111 multa
1973 2065 2071 2110 alia
2099 2063 2309 2110 eiusdem
2344 2070 2600 2109 recensent.
2636 2063 2747 2108 Erat

474 2157 587 2204 ergo
616 2141 674 2188 ab
699 2142 942 2189 haereticis
973 2143 1149 2189 dictum
1177 2142 1299 2190 illud
1328 2143 1388 2189 de
1421 2140 1639 2188 duabus
1628 2158 1676 2188 m
1699 2142 1882 2188 Christo
1910 2143 2087 2188 naturis
2109 2140 2440 2202 depravatum,
2467 2138 2597 2201 quod
2623 2139 2746 2184 Ana-

474 2220 640 2265 stasius
675 2221 722 2265 in
757 2220 917 2282 ecloge
951 2235 1032 2266 sua
1065 2235 1119 2266 ex
1154 2221 1345 2283 puriore
1374 2219 1587 2266 codicum
1619 2219 1747 2265 sonte
1782 2219 2022 2272 hauriens,
2051 2227 2103 2264 ut
2135 2217 2255 2263 illud
2287 2217 2496 2264 ediderat
2520 2217 2747 2263 Thauma-

474 2304 638 2358 turgus
678 2299 942 2360 exscripsit,
981 2299 1235 2359 recitatque
1274 2297 1550 2343 Sirmondus
1586 2297 1713 2343 dicto
1751 2298 1874 2343 loco
1908 2286 1998 2338 Εκ
2031 2308 2119 2346 τῆς
2156 2307 2289 2339 κατα
2321 2283 2477 2356 μέρος
2512 2281 2744 2344 ’πίστεως

475 2364 748 2436 ΓρκΓορίου
785 2365 878 2417 τοῦ
910 2363 1155 2439 μεγάλου
1192 2388 1275 2418 και
1316 2363 1738 2436 θαυματουρΓου·
1776 2386 1857 2417 και
1900 2359 2005 2416 ἐστι
2043 2361 2168 2423 θεὸς
2205 2359 2482 2424 ἀληθινὸς,
2521 2361 2544 2413 ὁ
2589 2357 2747 2431 ἀσαρ-

476 2464 558 2502 κος
598 2441 643 2495 ἐν
681 2441 835 2513 σαρκὶ
870 2440 1203 2516 φανερωθεὶς,
1232 2440 1430 2502 τέλειος
1464 2464 1522 2496 τη
1556 2438 1776 2510 ἀληθινῇ
1804 2463 1886 2494 και
1931 2437 2040 2512 θείᾳ
2066 2437 2380 2500 vehenda-7171,
2413 2438 2469 2491 οὗ
2502 2435 2595 2491 δύο
2624 2434 2745 2509 πρό-

479 2541 647 2581 σωπα,
678 2517 826 2571 ἀλλὰ
861 2524 906 2588 (2
881 2521 927 2583 2)
963 2516 1056 2572 δύο
1094 2519 1299 2585 φύσεις,
1330 2516 1447 2571 οὐδὲ
1483 2515 1740 2590 ,τέσσαρας
1775 2539 2067 2589 προσκυνειν
2097 2514 2307 2587 λέΓομεν
2339 2513 2448 2570 θεὸν
2484 2537 2567 2568 και
2608 2512 2749 2575 vidit,

476 2595 601 2649 θεὸν
638 2594 719 2648 καὶ
761 2593 1041 2669 ἄνθρωπον,
1078 2595 1161 2648 καὶ
1203 2597 1399 2667 πνεῦμα
1434 2591 1589 2650 ἅΓιον.
1625 2606 1707 2650 Ex
1739 2603 1836 2656 fde
1860 2603 2118 2649 seeundum
2140 2614 2305 2666 parces
2330 2600 2553 2665 Gregorii
2578 2600 2752 2664 magni

475 2694 520 2726 et
550 2681 907 2746 {liaumaturgzss
948 2685 1034 2728 Est
1069 2684 1197 2728 Deus
1231 2700 1388 2734 verus,
1419 2681 1504 2745 qui
1537 2682 1713 2744 absque
1743 2697 1887 2726 carne
1916 2697 2024 2726 cum
2057 2691 2198 2730 esset,
2230 2678 2281 2724 in
2313 2678 2457 2724 earne
2488 2677 2744 2747 app-aruit,

471 2760 713 2823 perfectus
748 2777 859 2807 vera
888 2773 933 2806 et
964 2761 1130 2808 divina
1157 2761 1474 2826 perfectione,
1513 2778 1607 2807 non
1638 2761 1764 2807 duae
1792 2775 2047 2823 personae,
2077 2759 2161 2805 sed
2188 2771 2396 2806 naturae
2420 2758 2572 2811 duae,·
2602 2774 2750 2821 neque
2781 2747 2784 2750 ,

476 2850 685 2900 quatuor
710 2838 918 2885 adorate
941 2839 1167 2890 di',czmus
1192 2840 1346 2885 Deum
1371 2850 1416 2884 et
1430 2839 1619 2899 fili.·um
1647 2840 1802 2885 Deum
1826 2849 1870 2882 et
1893 2836 2154 2888 hominem,
2184 2849 2230 2882 et
2251 2835 2487 2900 Spi'rztum
2510 2846 2746 2881 sanetum.

476 2918 533 2962 Et
561 2917 835 2978 Euthymios
859 2916 1168 2979 Zygabenus
1156 2933 1205 2963 1n
1231 2918 1477 2980 panopliae
1504 2917 1643 2964 titulo
1673 2918 1748 2962 15.
1778 2932 1830 2962 ea
1855 2918 1901 2962 in
1929 2923 2060 2978 parte
2084 2914 2166 2961 ubi
2193 2914 2252 2961 de
2279 2913 2461 2960 duabus
2490 2913 2540 2959 in
2569 2912 2752 2962 Christo

478 2994 656 3040 naturis
693 2996 955 3041 testimonia
995 3003 1181 3057 patrum
1216 2994 1412 3056 colligit.
1454 2985 1562 3037 Τοῦ
1595 2982 1838 3056 μεγάλου
1875 2987 2166 3076 Γρηγορίου
2202 3004 2292 3035 του
2331 2979 2754 3053 θαυματουργοῦ

482 3062 532 3114 ἐκ
569 3085 657 3122 τῆς
694 3060 818 3116 mssa
854 3060 1009 3134 μέρος
1043 3063 1261 3124 πιἫσΤεως
1300 3058 1406 3114 Ka?
1442 3058 1540 3116 ἕσὙι
1576 3057 1684 3121 θεος
1722 3055 2053 3121 aix-aenas
2029 3082 2053 3111 o
2091 3056 2314 3132 ἄσαρκος
2346 3057 2393 3110 ἐν
2422 3079 2566 3128 σαρκι
2608 3072 2751 3120 φανε-

480 3138 702 3211 ρωθεῖς,
741 3139 797 3191 οὐ
836 3137 927 3192 δύο
964 3137 1252 3213 «πρόσωπα,
1288 3137 1438 3202 ἄλλα
1476 3135 1569 3190 δύο
1608 3136 1800 3202 φύσεις.
1837 3145 2012 3210 Magni
2047 3147 2175 3209 Greg
2146 3145 2270 3191 or'orzi
2310 3143 2651 3206 thaumaturgi
2687 3159 2752 3187 ex

473 3225 770 3286 professione
793 3226 920 3287 fidei
946 3226 1204 3272 seeundum
1236 3237 1416 3289 partes.
1456 3226 1519 3270 Et
1543 3236 1610 3270 est
1642 3225 1769 3270 Deus
1799 3240 1956 3269 verus:
1984 3222 2071 3285 qui
2101 3222 2203 3267 sine
2235 3237 2379 3268 earne
2402 3231 2495 3271 est,
2530 3219 2581 3265 in
2607 3235 2753 3274 earne

481 3301 737 3363 apparuit,
768 3319 862 3348 non
891 3302 1016 3348 duae
1040 3319 1298 3366 personae,
1327 3302 1412 3347 sed
1439 3301 1565 3346 duae
1591 3312 1814 3346 naturae.
1853 3301 1959 3345 Iure
1992 3302 2146 3361 itaque
2171 3298 2348 3343 dictum
2375 3296 2490 3349 hoc,
2518 3303 2569 3341 ut
2597 3296 2753 3358 profe-

482 3376 648 3423 rebant
680 3378 925 3432 haeretici,
963 3388 1204 3426 verterunt
1236 3381 1285 3425 in
1319 3378 1516 3425 dubium
1551 3387 1729 3440 patreS‚
1765 3393 1823 3423 an
1854 3376 2065 3438 Gregorii
2097 3382 2231 3421 esset.
2269 3374 2326 3420 Et
2357 3374 2416 3419 de
2450 3372 2536 3418 hac
2568 3374 2754 3434 exposi-

483 3455 609 3500 tione
644 3454 754 3501 fidei
789 3469 918 3499 κατα
952 3445 1105 3520 μέρος
1127 3488 1139 3510 ,
1173 3458 1299 3504 satis.

613 3531 714 3575 Dixi
740 3548 903 3594 supra,
934 3533 1077 3580 fidem
1103 3535 1330 3596 Gregorio
1355 3534 1608 3582 revelatam
1636 3547 1659 3578 a
1685 3533 1873 3594 Virgine
1906 3540 2072 3604 patres
2087 3530 2312 3576 reveritos
2336 3528 2498 3581 fuisse,
2528 3534 2573 3573 et
2599 3527 2647 3572 in
2671 3542 2753 3574 sua

485 3608 651 3669 scripta
683 3609 908 3655 retulisse.
939 3610 1077 3658 Addo
1104 3627 1253 3664 nunc,
1282 3620 1328 3657 et
1355 3627 1412 3657 ex
1434 3611 1561 3656 illius
1586 3610 1720 3656 dictis
1745 3610 1891 3655 multa
1918 3607 2028 3653 fidei
2052 3622 2131 3667 my
2135 3606 2294 3658 steria,
2322 3603 2477 3651 verbis
2500 3611 2546 3649 et
2570 3612 2755 3650 senten-

570 3735 618 3775 (t)
642 3732 784 3778 Reapse
808 3732 848 3768 in
873 3738 1000 3770 nostro
1025 3734 1213 3771 volumine
1238 3735 1397 3783 septimo
1421 3734 1555 3781 Script.
1583 3739 1653 3771 vet.
1674 3739 1767 3781 part.
1790 3738 1822 3769 1.
1850 3732 1964 3769 habes
1990 3742 2024 3779 p.
2046 3734 2127 3767 165.
2154 3729 2307 3766 titulum
2329 3729 2480 3777 χρήσεις
2503 3731 2562 3765 τῶν
2583 3730 2754 3779 μακαρίων

487 3794 544 3829 καί
570 3793 754 3841 ὀρθοδόξων
778 3795 938 3839 πατέρων.
957 3792 1004 3827 Et
1022 3803 1056 3840 p.
1075 3798 1133 3829 68.
1149 3796 1299 3843 χρήσεις
1319 3795 1515 3842 ὃεεστυγῶν
1534 3796 1724 3841 αἱρετικών.
1742 3792 1911 3840 Denique
1928 3803 1963 3839 p.
1982 3795 2063 3827 202.
2081 3792 2227 3840 χρήσεις
2249 3791 2421 3837 ἄχρηστοι
2442 3791 2612 3838 ἀρειᾳνῶν.
2633 3791 2678 3826 A.
2699 3792 2752 3827 M.
2784 3839 2786 3841 ³

572 3856 619 3897 (2)
645 3852 772 3891 Viden’
801 3855 1005 3900 genuinum
1031 3855 1146 3897 ἀλλὰ,
1172 3867 1236 3903 pro
1263 3857 1391 3904 spurio
1418 3856 1525 3892 ου’ὶῑέ.β
1549 3855 1683 3892 Recole
1708 3860 1872 3891 nostram
1898 3852 2174 3890 adnotationem
2202 3856 2235 3889 1.
2263 3855 2408 3899 p.·108.
2440 3854 2486 3887 A.
2515 3852 2566 3887 M.
