2970 4420
431 236 493 283 30
1374 256 1527 289 Lssoms
1559 256 1737 289 Arm-m
1777 248 1779 250 ’

431 338 538 384 dam
572 338 709 384 etiam
744 339 958 388 manibus
990 341 1331 404 praehendenS,
1358 356 1522 388 eorum
1559 342 1736 389 animos
1768 340 1831 389 ita
1864 342 2015 399 flexit,
2042 353 2095 392 ut
2127 345 2408 410 impudentis
2433 347 2557 395 illius
2589 349 2679 397 do·-

429 431 559 462 mum
593 417 784 479 perduci
819 419 940 480 passi
973 420 1087 466 sint:
1123 436 1219 483 quo
1249 435 1355 467 cum
1386 428 1580 466 ventum
1612 427 1753 475 esset,
1780 420 1888 468 licet
1920 431 2080 486 raptor
2103 411 2431 481 reluctaretur,
2451 436 2503 477 et
2523 427 2571 472 in
2604 427 2680 474 fo-

431 492 561 540 ribus
594 503 719 542 stans
740 497 837 542 vim
862 496 1066 543 facturos
1090 497 1359 560 repelleret,
1386 495 1544 542 verbis
1579 505 1733 543 tamen
1758 498 1942 545 Nicetae
1975 503 2202 562 persuasi,
2229 502 2434 565 puellam
2459 504 2595 550 minis
2618 499 2678 550 ab

429 572 667 635 impudico
700 573 785 619 illo
819 581 1118 636 extorquent,
1145 583 1191 620 et
1223 574 1342 636 patri
1376 573 1642 621 restituunt.
1681 575 1753 621 Sic
1786 573 1903 621 urbe
1932 577 2160 625 excedunt
2182 581 2362 627 Nicetas
2394 596 2485 627 una
2518 589 2564 627 et
2597 596 2703 628 co-.

430 651 585 703 mites,
607 659 858 711 praeeunte
882 651 1142 712 patriarcha
1166 652 1263 696 sine
1288 649 1479 703 baculo,
1507 652 1604 697 sine
1629 650 1814 705 calceis,
1838 667 1929 699 una
1953 655 2156 702 tunicula
2180 656 2362 703 induto.
2388 656 2511 704 Urbe
2534 673 2679 719 egres-

426 728 494 780 si,
522 726 872 789 Selybriamque
897 726 1122 789 profecti,
1151 726 1318 788 pedem
1343 727 1509 773 sistunt
1537 728 1712 775 familia
1735 729 1972 777 inviolata.
2011 731 2100 777 Sed
2125 748 2232 779 cum
2255 733 2449 780 horrido
2473 732 2678 780 oblecta-

429 814 503 851 ret
535 821 654 868 pane
679 807 848 859 vitam,
875 814 921 851 et
956 806 1118 866 pannis
1143 813 1199 850 et·
1223 805 1539 866 inopiarnimis
1572 807 1736 861 miser,
1763 808 1842 869 qui
1869 792 1999 870 copia
2024 825 2179 857 rerum
2205 819 2336 859 antea
2360 820 2405 858 et
2429 811 2680 873 splendore

430 883 707 945 dignitatum
741 882 936 929 celebris
968 881 1144 934 fuerat,
1183 881 1242 927 ad
1280 882 1530 928 Ascanium
1569 883 1723 930 lacum
1755 888 1801 931 et
1832 885 2071 947 Bithyniae
2103 888 2401 950 metropolim
2435 889 2677 943 Nicaeam,

429 971 667 1023 tamquam
700 961 907 1023 captivus
941 975 1047 1006 cum
1081 958 1270 1020 reliquis
1303 959 1584 1021 inquilinum
1618 957 1736 1024 egit,
1763 961 1852 1008 sibi
1877 964 2036 1010 vivens
2069 973 2116 1011 et
2147 964 2283 1012 saluti
2315 967 2492 1012 animae
2521 967 2683 1028 provi·
2748 967 2751 970 '

429 1041 562 1087 dens.
589 1038 848 1086 Voluerunt
880 1038 1034 1098 itaque
1058 1037 1216 1082 Graeci
1243 1035 1335 1090 illi,
1363 1038 1444 1099 qui
1471 1045 1571 1084 tum
1593 1039 1784 1086 Nicaeae
1809 1038 2104 1094 habitabant,
2132 1050 2178 1088 et
2203 1056 2367 1088 eorum
2400 1043 2679 1104 imperator,

429 1121 476 1164 in
511 1117 626 1164 alios
659 1116 776 1164 adeo
801 1114 959 1166 effusi,
988 1121 1168 1159 tantum
1193 1114 1347 1160 virum
1381 1129 1570 1161 suarum
1595 1131 1740 1178 opum
1766 1132 1864 1164 esse
1897 1118 2205 1180 indigentem,
2236 1128 2288 1165 ut
2319 1120 2416 1181 ipse
2445 1120 2681 1173 existimo,

429 1195 558 1258 quod
594 1194 936 1255 suspicarentur
963 1190 1187 1244 eundem,
1219 1199 1264 1236 et
1295 1191 1501 1254 reliquos
1526 1202 1680 1255 patres
1705 1195 1990 1256 conscriptos
2022 1194 2151 1241 urbis
2174 1194 2337 1241 excidii
2361 1194 2544 1241 causam
2568 1195 2682 1241 fuis—

426 1288 500 1325 se,
536 1271 594 1317 de
626 1284 828 1331 quorum
861 1282 968 1313 sane
1007 1268 1179 1328 iniquis
1219 1267 1400 1314 iudiciis
1440 1277 1562 1315 extat
1605 1270 1728 1332 apud
1772 1271 1972 1317 eundem
2015 1272 2064 1317 in
2100 1270 2193 1317 fine
2235 1271 2454 1317 historiae
2492 1272 2682 1333 querela

429 1349 713 1411 gravissima.
754 1347 826 1392 Sic
857 1344 938 1391 ille
973 1343 1058 1391 sibi
1095 1343 1323 1412 redditus,
1351 1353 1396 1392 et
1417 1345 1616 1408 publicis
1644 1348 1766 1394 curis
1798 1356 2061 1410 exemptus,
2089 1348 2326 1411 scriptioni
2361 1348 2565 1394 animum
2598 1364 2684 1411 pa.-

427 1415 582 1472 ‘catum
601 1459 612 1478 ‚
654 1432 707 1469 ut
739 1431 791 1468 ut
824 1431 978 1469 tamen
1012 1430 1220 1485 poterat,
1257 1422 1450 1470 addixit.
1488 1424 1673 1470 Puellae
1704 1433 1909 1471 servatae
1942 1425 2118 1471 facinus
2151 1425 2343 1473 Michael
2378 1426 2475 1472 eius
2508 1425 2680 1480 frater,

428 1511 480 1549 ut
504 1502 635 1547 fratri
660 1498 996 1561 gratificaretur
1011 1533 1021 1552 ‚
1050 1497 1497 1560 magnificentiorem
1520 1509 1566 1547 et·
1589 1502 1932 1565 generosiorem
1956 1503 2004 1547 in
2029 1501 2225 1548 modum
2257 1501 2420 1549 extulit
2434 1520 2446 1560 3
2482 1502 2562 1563 qui
2587 1517 2684 1548 non

427 1577 844 1642 supplicationibus
879 1585 925 1623 et
956 1577 1173 1638 lacrymis
1207 1585 1253 1623 et
1290 1578 1489 1623 aliorum
1520 1578 1726 1633 auxiliis,
1763 1579 1843 1626 sed
1879 1581 2068 1641 propria
2107 1581 2292 1626 Nicetae
2327 1580 2497 1626 virtute
2529 1587 2575 1625 et
2605 1595 2684 1635 ro·

428 1648 667 1703 bore‘rem
696 1662 932 1716 peractam
960 1653 1098 1700 fuisse
1132 1661 1306 1699 narrat.
1345 1653 1513 1699 Scribit
1544 1655 1692 1708 enim,
1720 1654 1849 1716 quod
1882 1670 1986 1701 cum
2017 1656 2106 1701 iam
2133 1655 2317 1717 puellae
2343 1662 2557 1717 stuprum
2581 1654 2683 1701 illa-

425 1743 560 1781 turus
593 1741 711 1779 esset
742 1731 994 1792 barbarus,
1023 1731 1102 1777 ille
1126 1731 1224 1777 sine
1260 1731 1356 1777 ulla
1391 1746 1524 1778 mora
1555 1732 1602 1776 in
1629 1731 1810 1778 hostem
1841 1733 2021 1778 irruens
2055 1740 2280 1785 armatus,
2313 1740 2359 1779 et
2387 1747 2580 1778 uxorem
2615 1731 2686 1778 le-

430 1812 644 1874 gitimam
669 1824 767 1857 esse
792 1809 1055 1862 clamitans,
1084 1816 1222 1870 atque
1248 1807 1365 1854 adeo
1390 1807 1695 1855 acerbissimis
1719 1808 1928 1855 afflictari
1950 1809 2103 1855 modis
2126 1810 2375 1871 quiritans,
2402 1816 2448 1854 et
2471 1809 2686 1855 adulterii

430 1890 620 1936 crimine
646 1895 879 1939 avertens,
906 1885 1151 1933 ambarum
1176 1887 1417 1932 tenacitate
1440 1902 1663 1941 manuum
1685 1886 1984 1948 prehensam,
2012 1888 2270 1953 pancratice
2299 1901 2406 1932 cum
2426 1885 2559 1933 hoste
2588 1886 2685 1933 col-

431 1967 650 2019 luctatuS‚
679 1966 807 2011 cuius
840 1965 1047 2010 animum
1082 1979 1240 2011 amore
1275 1963 1458 2010 ebrium
1481 1962 1631 2010 libido
1654 1963 1944 2016 efferaverat,
1971 1963 2029 2011 ad
2062 1979 2110 2010 se
2140 1965 2407 2018 retraxerit3
2437 1979 2522 2010 nec
2553 1965 2686 2026 prius

432 2044 772 2106 conquieverit,
800 2057 942 2103 quam
969 2058 996 2088 a
1019 2042 1214 2088 violenti
1246 2042 1391 2088 hostis
1423 2039 1638 2087 manibus
1661 2049 1890 2103 ereptam,
1917 2042 2144 2103 virginem
2176 2050 2222 2088 et
2242 2042 2450 2089 illaesam
2479 2042 2577 2088 sine
2608 2041 2689 2088 ul-

431 2121 520 2167 lius
554 2119 716 2172 caede,
746 2120 864 2182 patri
891 2119 1160 2165 restituerit.
1199 2119 1325 2173 Quae
1350 2126 1504 2164 tamen
1530 2119 1580 2164 in
1614 2117 1836 2165 Michaele
1870 2117 2084 2171 tolerari,
2112 2126 2349 2165 oratorem
2383 2125 2568 2196 agente,
2598 2133 2685 2180 po·-

434 2207 605 2245 terant:
635 2205 681 2243 at
706 2197 754 2243 in
777 2196 1066 2242 Athenarum
1102 2196 1339 2258 praeside,
1366 2203 1412 2242 et
1442 2195 1546 2242 viro
1579 2195 1884 2242 ecclesiastico
1908 2196 2012 2257 quis
2045 2195 2189 2249 ferat,
2215 2197 2419 2243 Nicetam
2452 2197 2502 2242 in
2534 2210 2591 2242 eo
2626 2194 2687 2242 fa-

435 2276 590 2322 cinore
624 2273 723 2319 Abi
726 2273 917 2327 ahamo
946 2274 1127 2337 Isaaco,
1154 2272 1342 2326 Davidi,
1368 2271 1570 2326 Danieli,
1597 2273 1706 2319 Levi
1732 2280 1779 2318 et
1811 2273 2012 2319 Simeoni
2045 2273 2296 2335 praeferri,
2320 2281 2366 2320 et
2397 2272 2525 2335 quod
2554 2272 2687 2334 peius

435 2361 524 2406 est,
553 2352 734 2398 Christo
767 2352 856 2413 ipsi
890 2365 1159 2413 comparem
1191 2348 1327 2397 fieri?

565 2428 766 2474 Plurima
803 2428 1002 2490 scripsit.
1041 2426 1113 2473 Ad
1145 2442 1231 2473 nos
1258 2442 1511 2489 pervenere
1543 2425 1822 2489 dogmatica
1855 2425 1980 2473 illius
2013 2426 2268 2490 Panople'a.
2306 2428 2435 2490 Opus
2468 2426 2685 2488 equidem

437 2505 696 2568 singulare,
724 2505 1012 2557 eruditione,
1050 2504 1285 2557 doctrina,
1322 2502 1438 2556 fide,
1476 2504 1759 2566 pietateque,
1796 2511 1842 2550 et
1873 2501 2014 2550 rebus
2046 2504 2146 2550 aliis
2180 2504 2609 2557 instructissimum,
2646 2504 2684 2549 si

436 2597 554 2644 quae
587 2581 667 2648 ille
691 2597 747 2628 ex
774 2581 1017 2628 schismate
1052 2581 1299 2627 immiscuit
1332 2588 1470 2642 atque
1504 2581 1797 2627 concinnavit
1830 2580 2005 2637 demas.
2043 2581 2139 2627 lllis
2167 2581 2394 2643 siquidem
2427 2581 2688 2643 pulcherri-

413 2654 565 2707 ⁴mum
597 2659 707 2717 alias
741 2674 860 2722 opus
890 2659 1036 2706 veluti
1068 2659 1261 2705 maculis
1294 2667 1340 2704 et
1372 2659 1528 2704 naevis
1561 2658 1863 2705 contaminat:
1898 2673 2003 2704 cum
2035 2657 2182 2705 multa
2213 2658 2277 2705 ibi
2312 2673 2367 2705 ex
2397 2659 2569 2711 Photii,
2605 2658 2687 2704 Ni-

437 2738 555 2785 colai
584 2737 924 2789 methonensis,
952 2736 1138 2783 Nicetae
1165 2736 1381 2790 Stehtati,
1408 2736 1626 2783 Iohannis
1650 2735 2070 2798 hierosolymitani,
2100 2736 2314 2783 Iohannis
2336 2736 2565 2790 Phurnes,
2591 2738 2687 2782 Eu-

436 2815 601 2877 thymii
630 2812 890 2876 Zygabeni,
917 2813 1149 2871 Theodori
1177 2813 1434 2875 smyrnaei,
1461 2821 1506 2860 et
1539 2813 1737 2860 aliorum
1762 2828 1962 2860 coenoso
1994 2829 2140 2876 penu,
2169 2813 2228 2860 de
2260 2815 2554 2876 processione
2585 2814 2688 2875 Spi-

436 2895 551 2940 ritus
585 2894 750 2945 sancti,
779 2893 970 2954 azymis,
994 2900 1042 2937 et
1067 2891 1168 2937 aliis
1200 2900 1436 2953 congerat.
1473 2892 1654 2938 Priores
1683 2899 1838 2938 tamen
1869 2890 1977 2938 libri
2012 2892 2091 2938 tali
2118 2893 2218 2939 luto
2247 2893 2434 2938 minime
2467 2890 2684 2945 obducti,

438 2981 483 3018 et
515 2970 579 3018 ob
614 2971 887 3033 gravitatem
919 2970 1161 3036 materiae,
1195 2977 1241 3015 et
1274 2969 1472 3015 solidam
1507 2969 1751 3016 haeresum
1784 2969 2136 3024 refutationem,
2169 2986 2255 3016 nec
2287 2986 2380 3016 non
2412 2985 2571 3015 earum
2605 2984 2688 3016 au-

439 3058 621 3096 ctorum
645 3065 740 3095 non
775 3048 891 3095 adeo
916 3049 1123 3110 cognitas
1155 3048 1397 3101 historias,
1425 3056 1472 3095 et
1493 3056 1756 3095 sanctorum
1783 3056 1965 3110 patrum
2001 3049 2283 3101 testimonia,
2311 3048 2435 3109 digni
2469 3055 2575 3092 sunt
2606 3046 2688 3107 qui

441 3143 466 3172 a
502 3126 731 3172 catholico
767 3125 956 3172 homine
990 3124 1240 3171 volvantur
1272 3124 1681 3187 revolvanturque.
1717 3125 1964 3187 Exemplar
1996 3141 2021 3171 a
2053 3126 2209 3172 Niceta
2246 3125 2553 3185 descriptum,
2581 3131 2688 3184 post

442 3203 624 3249 Nicetae
658 3202 866 3255 obitum,
904 3211 954 3247 ut
989 3209 1144 3248 narrat
1178 3203 1338 3248 Petrus
1368 3196 1612 3255 MOrellus,
1650 3201 1708 3247 ad
1741 3201 2010 3247 Michaelem
2046 3201 2304 3247 choniatam
2339 3200 2699 3262 Atheniensium·

443 3279 704 3340 praesulem
738 3279 1020 3326 hereditario
1054 3280 1154 3325 iure
1190 3280 1392 3325 transiit:
1419 3294 1515 3342 quo
1546 3280 1657 3327 item
1692 3286 1903 3330 mortuo,
1930 3280 1977 3324 in
2011 3294 2175 3325 manus
2203 3277 2437 3323 Theodori
2464 3278 2688 3324 scutario—

445 3364 516 3401 tae
538 3355 701 3401 levitae
726 3356 924 3418 cyziceni
948 3357 1096 3403 venit:
1124 3357 1378 3419 Cyzicoque
1404 3357 1430 3403 a
1455 3357 1612 3406 'furcis
1638 3365 1836 3409 vastata,
1866 3357 1914 3401 in
1949 3355 2313 3423 frequentissima
2336 3355 2508 3400 montis
2539 3346 2688 3400 Atho-

409 3463 411 3465 -
443 3433 515 3477 nis
548 3434 824 3479 monasteria
852 3433 1149 3496 deportatur,
1178 3442 1315 3496 atque
1339 3433 1446 3480 iude
1473 3432 1659 3479 tandem
1683 3434 1910 3479 Lutetiam
1936 3423 2209 3485 advectum,
2230 3431 2482 3493 venaleque
2504 3432 2688 3492 exposi-

446 3518 569 3560 tum,
598 3524 702 3555 cum
735 3520 929 3572 propter
953 3512 1022 3557 sui
1055 3511 1396 3558 deformitatem
1424 3519 1657 3574 emptores
1690 3527 1784 3557 non
1817 3511 2179 3561 nancisceretur,
2212 3508 2439 3555 lohannes
2472 3523 2498 3554 a
2526 3516 2687 3556 sancto

444 3585 631 3632 Andrea
664 3586 958 3648 redemptum
991 3603 1017 3634 a
1050 3604 1121 3642 se,
1148 3588 1346 3635 Morello
1379 3588 1691 3635 evolvendum
1724 3588 1886 3640 mittit,
1915 3602 1939 3633 a
1962 3602 2057 3648 quo
2088 3586 2338 3648 epigraphe
2372 3585 2684 3647 deprehensa,

448 3670 494 3708 et
527 3676 623 3707 non
659 3661 965 3716 carbonibus,
1003 3665 1083 3711 sed
1122 3666 1340 3712 thesauro
1372 3666 1421 3711 in
1456 3665 1632 3728 paginis
1670 3663 1762 3711 illis
1802 3666 1891 3711 situ
1924 3672 1969 3710 et
2004 3664 2218 3724 squalore
2257 3664 2319 3710 ita
2359 3663 2598 3716 obductis,
2635 3672 2689 3710 ut

450 3740 536 3785 nisi
571 3747 676 3800 post
699 3738 868 3786 multas
891 3741 1068 3802 vigilias
1091 3742 1181 3804 legi
1208 3743 1412 3804 potuerit
1443 3751 1658 3805 reperto,
1687 3757 1781 3789 non
1814 3741 2025 3788 universa
2056 3742 2210 3803 operis
2239 3734 2411 3793 moles',
2440 3740 2517 3787 sed
2552 3741 2688 3801 quin-

447 3830 541 3876 que
576 3823 756 3862 tantum
789 3814 899 3861 libri
932 3817 1110 3878 priores
1144 3819 1192 3863 in
1224 3819 1429 3880 linguam
1464 3819 1651 3866 latinam
1683 3820 1827 3874 versi,
1853 3818 1991 3864 latine
2024 3817 2321 3864 solummodo
2351 3817 2579 3873 eduntur,
2607 3819 2688 3867 Pa-
