2970 4420
1058 285 1138 323 *ns
1172 272 1452 323 mesanum
1485 286 1735 320 pneumam.
2458 287 2538 317 xm
2615 268 2620 282 ‘

276 383 363 413 non
395 373 472 412 est.
506 370 652 412 Altera
680 367 852 421 litania,
887 379 1015 422 quam
1045 380 1133 410 non
1164 379 1318 422 graeco
1349 364 1426 408 sed
1454 363 1589 407 latino
1619 360 1858 411 vocabulo,
1883 360 2002 416 quod
2033 359 2145 403 idem
2178 362 2311 414 valet,
2344 364 2538 418 rogatio-

277 456 351 484 nes
379 441 609 495 antiquitas
641 439 895 494 appellavit,
929 451 1063 493 aeque
1093 450 1294 482 romanae
1325 441 1453 491 atque
1484 431 1816 477 occidentalibus
1852 431 2038 473 eeclesiis
2068 431 2263 474 omnibus
2294 446 2539 477 communes

276 513 420 554 fuere:
456 522 585 564 quare
618 509 849 563 scriptores
879 521 1019 563 neque
1050 521 1249 551 romanas
1279 519 1350 550 eas
1387 506 1607 558 dixerunt,
1642 514 1779 558 neque
1809 515 1859 544 ex
1888 502 2071 544 romanis
2100 502 2350 545 stationibus
2383 504 2539 547 discer-

280 581 440 624 nendas
470 583 750 632 censuerunt3
772 579 874 620 lieet
904 571 982 621 hae
1013 592 1189 634 quoque
1215 580 1340 621 certis
1368 574 1700 627 instationibus
1720 574 1879 616 Romae
1906 577 2230 628 peragerentur,
2255 574 2436 617 minores
2465 577 2541 620 has

278 653 445 696 litanias
474 651 641 694 dixere:
677 649 956 704 quamobrem
987 651 1029 692 in
1061 649 1354 692 sacramentali
1389 648 1519 690 sancti
1557 644 1756 699 Gregorii
1791 657 1888 686 cum
1925 645 2103 686 maiores
2131 644 2362 699 appellatas
2397 647 2539 703 vides,

280 724 349 767 vel
380 723 654 766 librariorum
681 721 845 776 lapsum
878 733 965 762 esse
999 721 1171 774 credas,
1194 722 1264 764 vel
1292 722 1505 777 potiorem
1528 718 1700 762 titulum
1722 717 1983 773 adscriptum
2006 717 2134 777 fuisse
2163 718 2201 759 ei
2232 716 2399 771 officio,
2424 721 2543 775 quod

281 794 516 837 maioribus
545 792 869 847 minoribusque
899 794 1052 835 litaniis
1081 797 1191 835 esset
1220 805 1461 835 commune.
1495 793 1558 834 De
1595 790 1862 846 processione
1897 801 2025 844 quam
2058 802 2160 831 crux
2199 789 2243 831 in
2277 789 2358 832 hac
2391 791 2544 835 tabella

200 897 206 906 ..
280 865 478 918 denotat,
502 864 606 907 haec
625 864 740 906 satiS.
768 863 960 906 Pisculus
981 864 1052 906 ille
1066 895 1077 916 ,
1101 867 1150 905 ut
1169 876 1220 906 ex
1239 862 1488 906 kalendario
1510 861 1679 916 belgico
1701 862 1873 916 notavi,
1897 860 2190 904 abstinentiam
2212 853 2393 917 indicat,
2416 875 2543 917 quam

280 936 565 991 transalpinae
585 935 675 978 fere
696 947 843 977 omnes
864 935 1063 977 ecclesiae
1083 947 1243 977 summa
1266 934 1469 988 religione
1492 933 1734 977 observant.
1763 933 1970 975 Ecclesiae
1990 932 2158 986 Italiae,
2182 931 2347 975 Africae
2361 963 2373 986 ,
2398 932 2545 976 Orien-

209 1005 211 1007 ’
282 1010 361 1062 tis,
393 1020 493 1050 cum
523 1007 706 1060 laetitia,
739 1010 788 1048 ut
816 1007 1078 1060 Augustinus
1105 1005 1299 1060 loquitur
1328 1009 1453 1048 tract.
1486 1007 1535 1048 17
1545 1038 1554 1046 .
1584 1006 1629 1047 in
1656 1004 1884 1058 Iohanem,
1916 1003 2311 1066 quinquagesimam
2339 1008 2440 1058 post
2468 1017 2545 1060 pa-

283 1080 410 1134 scha,
434 1079 520 1121 hoc
544 1082 607 1120 est
639 1079 946 1133 quinquaginta
975 1081 1208 1132 perpetuos
1238 1082 1335 1119 ante
1365 1081 1648 1132 pentecostem
1681 1075 1794 1130 dies,
1820 1075 2113 1128 celebrarunt;
2136 1074 2332 1130 idemque
2360 1075 2544 1118 Ambro-

284 1151 371 1193 sius
409 1155 451 1191 et
487 1149 559 1191 alii
593 1154 737 1204 patres
770 1148 996 1190 affirmant.
1030 1147 1156 1203 Apud
1194 1148 1336 1190 Gallos
1370 1152 1411 1190 et
1445 1149 1683 1203 RispanOS,
1717 1147 1906 1202 aliasque
1941 1151 2058 1189 trans
2090 1146 2205 1201 alpes
2237 1151 2280 1188 et
2312 1158 2546 1202 pyrenaeos

286 1220 536 1263 christianas
568 1224 713 1274 gentes
746 1220 850 1262 haec
881 1220 1020 1262 minus
1048 1219 1179 1261 valuit
1208 1218 1498 1271 consuetudo,
1522 1223 1571 1261 ut
1600 1217 1654 1261 de
1676 1218 1807 1261 Gallis
1838 1217 2011 1274 quidem
2040 1217 2126 1263 hoc
2154 1217 2361 1272 pugillare
2392 1218 2547 1260 confir-

285 1296 399 1344 mat,
425 1291 478 1334 de
509 1292 710 1347 Hispanis
741 1296 911 1334 sanctus
930 1291 1121 1334 Isidorus
1148 1291 1226 1333 lib.
1258 1294 1296 1334 1.
1325 1290 1379 1334 de
1408 1291 1511 1334 eccl.
1544 1290 1632 1332 off
1647 1304 1743 1346 cap.
1767 1292 1841 1332 42.
1877 1292 1979 1333 Post
2008 1290 2166 1345 pascha
2196 1301 2331 1344 usque
2359 1289 2413 1333 ad
2442 1303 2546 1346 pen·

286 1369 519 1418 tecostem,
545 1363 644 1406 licet
674 1364 849 1406 traditio
882 1362 1153 1405 ecclesiarum
1183 1363 1456 1406 abstinentiae
1490 1362 1676 1416 rigorem
1712 1361 1902 1417 prandiis
1927 1361 2200 1414 relaxaverit,
2232 1364 2374 1403 tamen
2402 1362 2438 1403 si
2472 1361 2547 1416 qui

287 1435 599 1478 monachorum
631 1435 698 1477 vel
734 1435 985 1476 clericorum
1023 1434 1207 1475 ieiunare
1237 1434 1438 1488 cupiunt,
1469 1445 1557 1476 non
1587 1437 1685 1475 sunt
1714 1432 1985 1488 prohibendi.

1270 1507 1410 1559 Imayo
1437 1510 1569 1547 sexta.

406 1578 565 1633 Implet
596 1578 792 1620 ordinem
821 1577 1031 1619 festorum
1060 1577 1205 1632 aprilis
1234 1580 1403 1619 sanctus
1433 1576 1632 1629 Quirinus
1659 1575 1858 1618 tribunus
1890 1590 2115 1630 romanus,
2148 1581 2314 1620 sanctae
2346 1576 2550 1623 Balbina'e

286 1650 594 1692 illustrissimae
623 1649 802 1702 virginis
830 1661 1009 1703 parens,
1033 1650 1106 1702 qui
1137 1648 1236 1690 licet
1256 1648 1300 1689 in
1331 1660 1508 1690 romano
1533 1660 1621 1703 quo
1651 1660 1765 1690 nunc
1794 1649 1953 1691 utimur
1974 1648 2281 1705 martyrologio
2314 1647 2550 1704 descriptus

289 1733 377 1762 non
407 1721 461 1762 sit
492 1719 574 1762 hac
604 1720 700 1772 die,
731 1721 775 1761 in
807 1720 985 1774 antiquo
1016 1724 1154 1761 tamen
1184 1719 1394 1771 habetur,
1424 1719 1494 1761 hie
1523 1717 1661 1774 pridie
1691 1718 1895 1761 kalendas
1923 1720 2068 1774 aprilis
2097 1719 2268 1774 quando
2299 1721 2549 1776 martyrium

289 1791 461 1833 Christo
493 1790 656 1833 dedisse
687 1792 731 1832 in
762 1795 946 1845 utroque
978 1803 1156 1832 romano
1187 1789 1498 1845 martyrologio
1530 1795 1739 1832 narratur.
1774 1791 1910 1832 Huius
1940 1791 2067 1832 etiam
2098 1804 2195 1833 cum
2226 1791 2377 1834 illustri
2407 1791 2548 1845 elogio

292 1861 407 1904 Beda
437 1851 642 1904 meminit.
677 1862 726 1903 In
757 1860 1005 1904 kalendario
1029 1865 1168 1903 autem
1188 1861 1358 1915 belgico
1388 1860 1468 1903 hac
1491 1860 1559 1903 die
1581 1860 1672 1904 eius
1702 1861 1854 1904 festum
1885 1861 2109 1916 indicitur,
2133 1862 2329 1917 idemque
2353 1861 2549 1905 Coloniae

291 1938 420 1988 atque
449 1934 693 1987 Moguntiae
725 1932 942 1974 observari
972 1932 1121 1974 scribit
1139 1932 1380 1974 -Cornelius
1414 1929 1686 1988 Scultingius.
1720 1935 1920 1975 Notatum
1958 1935 2080 1975 etiam
2111 1937 2174 1976 est
2202 1934 2365 1987 Quirini
2396 1946 2549 1985 nomen

289 2006 333 2047 in
364 2003 612 2046 Kalendario
642 2006 837 2046 vaticano
867 2017 913 2046 n.
939 2005 1080 2056 3806,
1112 2009 1154 2045 et
1183 2004 1228 2045 in
1258 2004 1527 2059 ephemeride
1557 2017 1667 2059 quae
1695 2004 1836 2047 Bedae
1867 2010 1910 2047 et
1939 2005 2240 2048 Wandelberto
2271 2004 2548 2060 adscribitur,

291 2076 390 2118 licet
419 2076 651 2130 utrubique
684 2088 909 2130 perperam
944 2077 1171 2130 episcopus
1207 2076 1456 2131 appelletur.
1491 2075 1607 2129 Quid
1642 2090 1744 2119 vero
1782 2077 1843 2119 rei
1879 2082 1967 2130 ost,
2001 2077 2120 2132 quod
2154 2077 2352 2133 martyris
2385 2079 2580 2121 romani'

292 2153 376 2190 tam
398 2147 578 2190 celebris
607 2149 856 2190 memoriam
879 2147 1096 2190 dumtaxat
1119 2160 1291 2190 romana
1312 2153 1563 2203 proponunt
1584 2149 1915 2205 martyrologia,
1941 2150 2147 2205 passionis
2166 2150 2255 2192 eius
2277 2149 2395 2203 dico,
2422 2152 2553 2192 exteri

291 2232 394 2261 vero
426 2219 555 2261 etiam
584 2219 761 2272 festum,
796 2218 948 2274 dieque
977 2220 1170 2274 martyrii
1199 2220 1322 2274 plane
1351 2220 1487 2261 alieno
1517 2219 1739 2262 indicant?
1770 2219 1880 2273 Quia
1912 2222 1988 2272 (ut
2017 2225 2080 2263 est
2108 2221 2155 2263 in
2183 2220 2363 2264 Usuardi
2393 2233 2552 2276 appen-

293 2289 418 2342 dice)
450 2290 578 2333 huius
607 2291 697 2332 Deo
735 2289 878 2332 dilecti
916 2295 959 2332 et
994 2291 1172 2345 pretiosi
1202 2291 1400 2346 martyris
1437 2291 1600 2345 passio,
1633 2291 1732 2334 licet
1765 2292 1893 2334 tertio
1928 2290 2126 2334 kalendas
2160 2292 2305 2347 aprilis
2335 2292 2446 2335 facta
2472 2293 2550 2345 sit,

292 2361 362 2402 hic
392 2365 529 2402 tamen
553 2361 703 2402 festive
732 2361 937 2403 recolitur
960 2361 1133 2415 quando
1163 2374 1301 2404 sacrae
1331 2362 1534 2416 reliquiae
1556 2364 1750 2417 corporis
1773 2363 1862 2405 eius
1890 2361 1942 2404 ab
1974 2363 2079 2405 urbe
2101 2364 2237 2406 Roma
2259 2363 2311 2407 ad
2342 2363 2555 2405 civitatem
2584 2379 2587 2381 ·

292 2432 559 2474 Nuseiensem
589 2444 717 2486 supra
736 2431 932 2474 Rhenum
962 2432 1189 2474 translatae
1218 2437 1331 2474 sunt.
1367 2434 1477 2474 Hinc
1509 2432 1697 2476 videmus
1728 2446 1913 2488 quorum
1944 2434 2205 2489 populorum
2234 2434 2318 2479 hoc
2348 2434 2555 2492 pugillare

293 2502 424 2544 fastos
455 2504 684 2545 contineat.
720 2503 811 2545 Hae
842 2502 988 2545 eadem
1020 2503 1086 2545 die
1118 2505 1370 2558 Eutropium
1400 2508 1629 2559 martyrem
1657 2506 1881 2548 Trecenses
1911 2510 2179 2549 venerantur.

713 2623 857 2653 PRIMA
887 2620 1077 2653 TER'HAE
1106 2598 1332 2654 TABELLA'E
1363 2622 1471 2655 PARS
1501 2624 1722 2655 commin·
1753 2625 1933 2656 MENSEM
1964 2626 2134 2656 namu.

1264 2723 1403 2774 Imaqo
1432 2724 1585 2775 prima.

410 2788 559 2841 Monet
589 2793 758 2842 petasus
785 2789 858 2835 ille
888 2790 1108 2844 apostolos
1139 2803 1228 2833 esse
1263 2803 1374 2846 quos
1410 2790 1617 2834 videmus.
1650 2792 1757 2846 Ipsis
1793 2796 1931 2835 autem
1961 2790 2152 2835 kalendis
2180 2794 2300 2846 maii,
2333 2793 2554 2848 Philippus

297 2862 340 2900 et
370 2858 553 2901 Iacobus
583 2859 627 2900 in
660 2859 951 2902 ecclesiasticis
979 2860 1096 2903 fastis
1128 2867 1375 2904 occurrunt.
1410 2862 1527 2904 Licet
1555 2875 1658 2904 vero
1687 2863 1946 2917 Micrologus
1975 2876 2070 2918 cap.
2078 2848 2168 2905 55.
2198 2864 2244 2907 in
2272 2868 2554 2906 sacramenta-

297 2931 369 2971 riis
398 2934 440 2972 et
469 2930 791 2986 martyrologiis
819 2931 1027 2973 invenisse
1049 2945 1094 2972 se
1118 2931 1231 2974 dicat
1262 2932 1585 2974 sollemnitatem
1607 2946 1694 2975 non
1713 2934 1852 2975 solum
1874 2934 2059 2988 Philippi
2082 2938 2124 2976 et
2143 2933 2314 2988 Iacobi,
2335 2933 2409 2976 sed
2428 2934 2554 2976 etiam

298 3003 490 3044 omnium
520 3001 647 3044 simul
678 3002 997 3056 apostolorum,
1023 3002 1069 3044 id
1099 3006 1238 3045 tamen
1269 3004 1328 3045 sic
1358 3003 1647 3058 accipiendum
1677 3003 1870 3056 videtur,
1897 3008 1944 3045 ut
1972 3005 2080 3045 inter
2110 3004 2264 3046 horum
2292 3003 2553 3046 sollemnita—

297 3077 383 3114 tem
415 3073 557 3127 aliqua
588 3077 828 3114 ceterorum
851 3076 1125 3128 usurparetur
1147 3073 1441 3128 apostolorum
1473 3075 1847 3125 commemoratio,
1868 3073 1998 3128 idque
2018 3076 2175 3117 Romae
2207 3074 2452 3128 praesertim
2481 3075 2556 3117 ubi

297 3143 486 3197 Philippi
517 3147 559 3185 et
589 3143 734 3185 Iacobi
757 3155 939 3198 corpora
962 3145 1005 3185 in
1037 3143 1306 3186 celeberrima
1328 3143 1554 3187 duodecim
1585 3146 1878 3199 apostolorum
1902 3147 2095 3198 ecclesia,
2121 3159 2270 3200 magna
2297 3146 2555 3202 populorum

297 3213 538 3267 frequentia
561 3213 775 3256 coluntur.
810 3215 916 3256 Nam
945 3214 1107 3269 alioqui
1135 3215 1181 3256 in
1212 3215 1388 3257 ecclesia
1409 3227 1585 3257 romana
1609 3214 2086 3270 numquamduodeeim
2117 3217 2239 3260 simul
2263 3217 2555 3272 apostolorum

297 3285 453 3327 festum
482 3285 704 3328 actitatum
733 3285 860 3328 fuisse
890 3290 1072 3329 constat.
1108 3286 1283 3328 Accedit
1314 3298 1416 3328 vero
1450 3285 1567 3340 quod
1601 3287 1645 3328 in
1676 3288 1883 3329 vaticanis
1909 3299 2036 3328 manu
2069 3287 2291 3342 descriptis
2322 3300 2556 3331 sacramen—

300 3356 419 3398 tariis
434 3386 446 3408 ,
469 3342 813 3412 martyrologiis,
837 3361 880 3400 et
908 3356 1166 3401 kalendariis
1195 3370 1406 3412 nusquam
1435 3357 1506 3399 ille
1535 3357 1683 3399 titulus
1712 3362 1906 3413 apparet,
1930 3370 2187 3413 quamquam
2217 3363 2260 3402 et
2287 3359 2555 3402 membranae

300 3428 606 3470 vetustissimae
637 3429 746 3483 sint,
767 3429 982 3484 longeque
1012 3430 1236 3484 Micrologi
1259 3434 1440 3472 aetatem
1472 3433 1691 3484 superent,
1716 3429 1790 3483 qui
1815 3433 1912 3472 ante
1940 3429 2019 3472 hos
2049 3431 2305 3485 quingentos
2328 3443 2462 3475 annos
2491 3431 2555 3473 vi-

301 3499 387 3548 xit3
409 3503 452 3540 et
482 3498 690 3541 Iohannes
720 3499 947 3550 abbas„ut
977 3501 1067 3543 eius
1095 3501 1280 3555 aequalis
1308 3502 1472 3543 Donizo
1504 3505 1735 3551 memorat,
1765 3504 1828 3542 est
1857 3500 2106 3555 appellatus.
2139 3502 2279 3545 Pridie
2305 3503 2454 3550 harum
2482 3501 2558 3544 ka-

302 3569 525 3612 lendarum
555 3570 673 3613 nulla
702 3570 773 3613 hic
795 3571 997 3614 indicitur
1027 3572 1197 3626 vigilia3
1222 3570 1296 3614 sed
1316 3573 1358 3613 in
1380 3571 1515 3613 Bedae
1535 3571 1870 3626 martyrologio,
1893 3573 1936 3613 in
1957 3572 2122 3627 aliquot
2151 3574 2349 3616 vaticanis
2372 3586 2416 3615 n.
2442 3575 2549 3634 3101

302 3645 344 3682 et
375 3653 419 3682 n.
443 3642 585 3694 4772,
607 3642 652 3683 in
683 3646 853 3685 vetusto
886 3654 1090 3694 romano,
1115 3654 1163 3684 ac
1194 3642 1376 3697 denique
1398 3643 1441 3682 in
1464 3641 1748 3683 sacramentali
1778 3644 1910 3684 sancti
1936 3643 2146 3698 Gregorii.
2178 3645 2336 3687 Verum
2364 3644 2440 3687 hae
2459 3647 2558 3700 post

304 3710 543 3763 paschalem
576 3711 902 3755 sollemnitatem
937 3713 1127 3767 vigiliae,
1159 3713 1411 3754 ieiuniorum
1449 3713 1625 3753 omnino
1658 3711 1829 3754 fuerunt
1864 3713 2087 3757 immunes.
2129 3715 2224 3758 Hoc
2256 3719 2449 3770 tempore
2479 3726 2556 3769 pa-

303 3780 462 3833 schali,
488 3782 629 3837 inquit
658 3783 919 3837 Micrologus
947 3785 1046 3826 loco
1077 3784 1234 3835 citato,
1260 3783 1417 3825 nullius
1446 3782 1541 3824 festi
1569 3782 1754 3836 vigiliam
1783 3784 1967 3829 ieiunare
1994 3785 2063 3829 vel
2090 3785 2317 3830 observare
2345 3785 2553 3834 iubemur.

303 3853 453 3894 Dicere
484 3853 746 3908 lllicrologus
776 3854 937 3909 voluit,
964 3855 1117 3896 ieiunio
1150 3854 1375 3896 observare
1404 3853 1624 3909 iubemur,
1652 3866 1750 3898 nam
1781 3855 2114 3901 observabantur
2144 3856 2246 3906 olim
2275 3857 2443 3911 vigiliae
2472 3856 2555 3902 hoc

2272 3938 2294 3965 1!
