2970 4420
432 235 490 279 10
1367 249 1518 280 morus
1550 248 1727 279 ALLATu

430 339 562 388 σίαιν
590 334 817 404 Γραικων
844 356 894 388 τε
925 333 1007 388 καὶ
1035 334 1311 406 ’ἭΡωμαιων
1347 344 1556 399 Quoties,
1586 355 1630 388 et
1663 344 1877 405 quando,
1907 358 1951 391 et
1983 346 2151 410 quibus
2185 347 2242 393 de
2271 363 2429 394 causis
2464 348 2670 396 dissi'dia

430 432 537 466 orta
570 431 679 468 sunt
713 420 836 466 inter
865 421 1083 467 ecclesias
1117 437 1341 484 graecam
1373 433 1417 465 et
1450 420 1672 466 lati.nam
1711 414 1766 462 Ρ.
1800 411 2055 483 Πρωτον’
2037 435 2109 467 επι
2144 415 2432 486 Γρατιανου
2457 437 2546 469 του
2579 420 2668 481 βα-

432 484 616 547 σιλέως
653 482 741 539 διὰ
774 487 1032 541 Παυλῖνον
1067 486 1151 541 τὸν
1185 511 1280 541 των
1316 486 1680 540 Ebora-&tamir
1717 483 1961 561 ἄρχοντα.
1993 501 2252 547 Tractatum
2282 503 2328 547 in
2352 504 2442 548 mei
2476 503 2673 564 gratiam

431 589 455 619 e
491 573 650 620 codice
685 588 771 619 ms.
808 572 1116 619 bibliothecae
1155 575 1275 634 regis
1310 572 1671 618 christianissimi
1708 572 1990 636 descriptum
2031 592 2111 623 sua
2154 593 2294 624 manu
2334 578 2393 624 ad
2429 594 2505 624 me
2538 579 2669 624 misit

431 650 786 697 humanissimus
823 650 1039 696 Claudius
1079 650 1396 696 Saravius.1n
1430 639 1589 695 codice
1625 650 1753 710 regio
1787 651 2078 698 escurialensi
2120 655 2434 716 manuscripto
2473 654 2671 702 habetur

432 726 637 774 eiusdem
671 727 869 772 auctoris
902 738 1008 789 περι
1051 721 1357 786 σχίσματος,
1387 713 1470 767 καὶ
1501 738 1590 777 τῆς
1618 716 1881 789 ῥωμαικῆς
1912 716 2194 780 ἐκκλησίας.
2229 731 2300 774 De
2323 729 2599 780 schismate,
2626 742 2672 776 et

433 818 635 850 romana
663 801 874 848 ecclesia.
913 802 1041 848 Idem
1064 816 1121 847 ne
1145 816 1248 846 cum
1274 801 1528 862 superiori,
1557 816 1615 847 an
1642 801 1910 848 diversum‘v‘
1935 803 2017 849 Vel
2044 803 2249 859 diversa,
2275 822 2420 852 unum
2446 805 2504 851 de
2526 804 2673 852 schis-

433 891 582 931 mate,
614 881 811 925 alterum
845 879 901 924 de
926 892 1125 924 romana
1155 876 1375 922 ecclesia?
1409 893 1504 923 non
1528 879 1642 925 mihi
1676 879 1840 940 liquet.
1878 880 2002 925 Illud
2035 882 2339 944 sanevliquet3
2368 884 2563 929 Graecos
2586 884 2676 927 im-

433 955 582 1018 probe
611 955 852 1002 dissidium
877 971 981 1000 cum
1004 968 1194 1000 romana
1227 953 1417 999 ecclesia
1440 953 1622 1008 fovere3
1648 971 1754 1002 cum
1779 957 2016 1002 contentio
2039 957 2159 1003 inter
2181 958 2392 1005 ecclesias
2423 967 2552 1011 nata,
2579 973 2676 1004 non

434 1048 460 1079 e
494 1032 763 1094 dogmatum
796 1033 1041 1084 varietate,
1077 1038 1122 1076 et
1153 1028 1417 1077 rationabili
1449 1030 1509 1077 de
1540 1046 1675 1078 causa
1695 1067 1707 1086 ‚
1742 1032 1824 1079 sed
1858 1041 2048 1095 propter
2087 1033 2386 1082 ambitionem
2424 1043 2470 1081 et
2502 1034 2673 1081 fastum

437 1117 595 1155 exorta
627 1109 700 1155 sit.

565 1254 683 1299 VIII.
720 1253 902 1299 Nicetae
928 1251 1142 1298 monachi
1166 1250 1325 1299 scribit
1340 1254 1612 1300 Possevinus
1633 1255 1680 1299 in
1703 1253 1985 1301 bibliotheca
2009 1254 2230 1302 sfortiana
2247 1254 2410 1302 haberi
2434 1255 2539 1303 cod.
2567 1257 2677 1303 106.

440 1330 510 1376 De
542 1329 708 1374 anima
734 1328 906 1374 librum
933 1345 1096 1374 unum.
1133 1329 1205 1374 De
1230 1329 1464 1392 paradiso
1492 1330 1950 1394 contemplationem.
1988 1330 2228 1395 Epistolas
2251 1331 2451 1394 aliquot.
2489 1333 2559 1377 De
2581 1331 2684 1378 hie-

440 1404 659 1452 rarchiis.
698 1406 832 1451 Hunc
867 1420 1008 1466 porro
1040 1406 1245 1452 Nicetam
1279 1421 1377 1453 esse
1408 1407 1689 1453 monachum
1729 1416 1775 1453 et
1807 1406 2133 1470 presbyterum
2166 1408 2336 1461 studii,
2371 1418 2683 1470 cognomento

443 1483 719 1535 Stethatum‚
749 1482 919 1543 colligo
943 1497 999 1528 ex
1021 1482 1173 1528 indice
1198 1498 1284 1528 ms.
1311 1498 1477 1544 graeco
1501 1482 1811 1531 bibliothecae
1833 1484 2103 1538 Escurialis‚
2130 1485 2177 1530 in
2210 1500 2301 1546 qua
2326 1486 2445 1530 inter
2473 1485 2561 1531 alia
2585 1486 2685 1531 Ste-

442 1558 556 1605 thati
590 1566 634 1604 et
667 1559 780 1604 haec
820 1567 1133 1604 imecensentur
1170 1551 1289 1623 Περι
1329 1549 1521 1620 ψυχῆς·
1554 1572 1678 1622 ωερι
1718 1548 2058 1622 ωαραδεψσου
2100 1573 2171 1612 εις
2206 1574 2292 1607 τῆν
2329 1552 2564 1625 οὐρανίαν
2597 1574 2679 1604 και

446 1623 896 1681 ἐκκλῆσιασὟικῆν“
881 1630 1162 1699 ιεραρχιᾞαν
1199 1635 1269 1680 De
1299 1635 1483 1682 anima.
1513 1637 1583 1681 De
1602 1636 1853 1699 paradiso.
1891 1638 1951 1683 In
1978 1625 2222 1684 caelestem
2249 1649 2293 1683 et
2320 1637 2687 1699 ecclesiasticam

442 1710 781 1759 hierarchiam.
820 1712 972 1767 Quare
1004 1711 1064 1758 de
1098 1713 1188 1758 hoc
1211 1713 1442 1766 Stethato‚
1469 1728 1590 1775 quae
1615 1712 1738 1759 libro
1761 1715 1820 1759 11.
1848 1714 1908 1759 de
1940 1715 2240 1762 consensione
2270 1708 2512 1775 utriusque
2542 1715 2686 1761 eccle-

443 1791 534 1836 siae
557 1790 822 1851 scripsimus
837 1824 848 1843 ,
875 1791 924 1835 in
949 1789 1155 1835 medium
1180 1789 1488 1851 proferamus.
1526 1791 1629 1835 Hoc
1653 1789 1843 1850 nefario
1869 1789 2104 1836 Gerularii
2125 1791 2366 1853 exemplo,
2394 1790 2486 1846 alii
2506 1807 2689 1854 quoque

395 1885 398 1889 ·
447 1866 497 1911 in
533 1865 756 1916 Graecia,
786 1865 870 1927 qui
891 1881 940 1911 se
964 1882 1189 1928 eousque
1212 1865 1383 1911 tacitos
1412 1881 1470 1911 ac
1498 1877 1754 1912 reverentes
1775 1866 2130 1918 continuerant,
2161 1866 2329 1914 rubore
2352 1883 2571 1919 excusso,
2599 1883 2689 1931 pa-

447 1943 547 1989 lam
579 1959 673 1988 non
706 1958 784 1988 ore
817 1941 899 1987 sed
930 1941 1118 2005 scriptis
1148 1942 1288 1988 editis
1322 1942 1372 1987 in
1403 1958 1655 1989 romanam
1687 1942 1932 1989 ecclesiam
1964 1943 2206 1989 oblatrare
2239 1955 2511 2007 coeperunt,·
2541 1960 2689 2007 eaque

448 2020 553 2082 ipsa
586 2030 744 2065 aetate
778 2018 1011 2065 Gerularii
1033 2020 1081 2064 N
1082 2018 1226 2064 icetas
1255 2019 1454 2082 quidam
1478 2036 1541 2064 ex
1565 2019 1852 2066 monasterio
1876 2019 2058 2071 Studii,
2087 2007 2392 2083 cognomento
2419 2019 2682 2071 Stethatus,

448 2113 585 2159 quem
619 2096 768 2142 latine
794 2095 1022 2142 dixerunt
1055 2097 1381 2147 Pectoratum‚
1411 2098 1565 2142 multa
1591 2096 1896 2148 Latinorum,
1926 2108 1971 2142 et
1998 2097 2254 2161 praecipue
2282 2097 2341 2142 de
2364 2097 2549 2160 Spiritu
2579 2113 2695 2143 san-

450 2185 547 2223 cto,
574 2173 644 2218 de
677 2172 882 2236 azymis,
928 2172 985 2217 de
1024 2172 1247 2224 sabbato,
1285 2185 1330 2218 et
1362 2172 1542 2237 nuptiis
1574 2174 1872 2220 sacerdotum
1913 2172 2197 2221 criminatus
2236 2185 2320 2220 est.
2357 2174 2694 2237 Syntagmatis

445 2248 739 2313 principium
772 2261 862 2295 est:
901 2238 1030 2296 καλὴ
1060 2238 1183 2311 πρὸς
1210 2238 1293 2294 τὸν
1320 2239 1535 2297 πλήσιον
1565 2238 1742 2313 οἷγοίπῆ
1761 2282 1773 2303 ‚
1800 2237 1838 2293 ὦ
1865 2238 2055 2296 πάντων
2087 2241 2106 2293 ε’
2117 2238 2235 2296 θνῶν
2266 2239 2548 2306 σοφώτατοι
2574 2240 2693 2294 Ῥω·

451 2317 600 2387 μαῖοι
630 2315 711 2369 καὶ
747 2314 1111 2389 εὐγενέστατοι.
1147 2327 1377 2387 Scriptum
1408 2328 1457 2373 in
1489 2326 1651 2373 eadem
1680 2326 1801 2373 urbe
1835 2327 2222 2381 condemnatum,
2257 2326 2546 2389 approbante
2577 2343 2694 2389 quo-

453 2418 543 2465 que
576 2404 853 2465 imperatore
877 2402 1073 2447 flammis
1106 2402 1288 2447 exarsit.
1325 2403 1383 2448 Ut
1405 2402 1589 2449 videtur
1611 2412 1786 2457 tamen,
1814 2402 1889 2450 vel
1916 2403 2135 2449 Cerularii
2153 2438 2165 2457 ‚
2192 2404 2266 2449 vel
2296 2404 2441 2465 ipsius
2464 2404 2690 2457 auctoris,

454 2467 608 2527 studio
633 2487 869 2531 renatum,
898 2477 1047 2524 adhuc
1081 2479 1128 2524 in
1163 2476 1455 2525 bibliothecis
1481 2479 1703 2541 perdurat
1718 2498 1729 2536 ;
1762 2488 1814 2525 ut
1839 2495 1933 2525 uno
1958 2479 2214 2541 eodemque
2240 2488 2474 2541 tempore,
2503 2488 2548 2526 et
2571 2477 2697 2526 malo

456 2558 656 2602 auctoris
689 2558 866 2609 animo,
894 2565 939 2601 et
972 2543 1351 2617 argumentorum
1377 2571 1428 2602 ac
1452 2557 1682 2602 rationum
1707 2556 1923 2603 futilitate
1957 2571 2203 2619 perpensa,
2230 2556 2365 2602 illum
2389 2556 2696 2611 detestemur,

456 2633 571 2680 haec
603 2648 717 2679 vero
750 2634 987 2694 proposita
1021 2632 1275 2686 diluamus,
1301 2640 1346 2678 et
1380 2647 1543 2678 eorum
1569 2633 1704 2679 simul
1731 2634 1998 2687 amentiam,
2025 2634 2105 2694 qui
2137 2634 2225 2679 ista
2257 2633 2371 2678 tanti
2396 2631 2590 2686 faciunt,
2617 2632 2698 2679 de-

455 2710 712 2772 ploremus.
749 2711 843 2755 Nec
878 2710 1020 2761 alium
1059 2695 1198 2755 hunc·
1224 2725 1320 2756 esse
1360 2718 1475 2772 puto
1498 2745 1509 2763 ,
1547 2726 1687 2771 quam
1720 2725 1859 2771 quem
1894 2711 2199 2771 incogitanter
2238 2710 2371 2755 nimis
2394 2743 2405 2763 ‚
2442 2724 2701 2770 anonymus

458 2787 516 2834 de
549 2787 741 2832 dissidio
774 2788 1054 2833 Graecorum
1088 2795 1133 2832 et
1165 2788 1434 2833 Latinorum
1459 2787 1678 2832 Basilium
1712 2795 1963 2849 nuncupat.
1991 2774 2058 2828 e'O
2088 2799 2140 2830 τε
2168 2774 2363 2848 Πέτρος
2389 2775 2698 2849 παΎριοίρχῆς

453 2853 793 2923 ἈνὟιοχείας,
823 2853 1084 2914 Νικόλαος
1114 2853 1137 2906 o‘
1170 2851 1442 2916 Μεθώνῆς,
1467 2851 1555 2906 καὶ
1584 2857 1854 2914 Βασίλειος
1885 2853 1908 2905 ὁ
1945 2851 2277 2925 ἱερομόναχος
2307 2851 2401 2905 ἀπὸ
2431 2854 2518 2914 τῆς
2548 2857 2699 2906 Στου·

462 2927 573 2983 δίου
602 2953 782 2998 μονῆς,
812 2926 950 2990 ὅστις
987 2928 1068 2983 καὶ
1111 2929 1476 2991 λατινολέκτῆς
1509 2935 1645 3001 (lego
1672 2928 2091 2995 λατινελίΓκτῆς)
2131 2926 2316 2987 ἐκλῆἬῆ
2346 2927 2441 2982 διὰ
2475 2928 2531 2982 ‘ro‘
2569 2952 2700 3001 ῆκρι-

461 3005 698 3076 βωμενως
736 3005 819 3059 καὶ
859 3023 1031 3071 σαφως
1069 3007 1140 3067 εἷς
1167 3004 1362 3068 πλάτος
1394 3004 1620 3079 ἐλέγξαι
1655 3030 1737 3060 και
1771 3029 2088 3101 παραστῆσαι
2127 3005 2308 3066 αὐτοῖς
2338 3003 2426 3058 δια
2454 3003 2699 3099 πλειόνων

460 3080 892 3176 παραδειγμάτων
929 3105 1010 3136 και
1048 3106 1363 3156 μαρτυριων,
1402 3080 1478 3135 ὅτι
1513 3082 1578 3136 τοὶ
1616 3080 1713 3141 ε’·θῆ
1749 3083 1918 3136 ταῦτα
1953 3080 2073 3155 οἷπερ
2112 3104 2408 3155 κρατουσιν,
2441 3078 2601 3153 ἤγουν
2636 3104 2699 3134 τα

464 3155 665 3230 ἄζυμα,
695 3183 718 3217 n
755 3158 959 3232 τήρησις
995 3183 1090 3215 των
1127 3158 1431 3226 σαββατων,
1460 3184 1485 3216 ῆ
1525 3156 1807 3232 αδιαφορία
1837 3182 1934 3213 των
1961 3181 2199 3220 πνικτων,
2229 3158 2282 3210 αἱ
2321 3155 2700 3230 ἀνακαθάρσεις

465 3255 547 3285 και
588 3235 634 3286 οἱ
672 3235 968 3308 ῥαντισμοι,
1004 3237 1056 3290 αἱ
1095 3235 1404 3297 καταλύσεις
1438 3236 1535 3289 τῶν
1570 3233 2138 3328 τετραδοπαρασκευὼν,
2172 3255 2255 3287 και
2294 3256 2381 3294 τῆς
2418 3233 2576 3306 ἁγίοις
2614 3232 2709 3286 καὶ

465 3308 701 3381 μεγοίλῆς
722 3334 1164 3402 τεσσαρακοστῆς,
1199 3335 1282 3366 και
1320 3336 1385 3366 τα
1421 3311 1582 3365 λοιποὶ
1619 3309 1757 3406 οἷπερΝ
1780 3308 1993 3364 ὄπισθεν
2029 3309 2350 3383 λεπτομερως
2384 3325 2702 3382 γραφουσιν,

467 3407 634 3438 ταυτα
664 3386 823 3441 πάντα
859 3388 1089 3486 ἐλέγξας
1125 3412 1207 3442 και
1244 3386 1569 3460 παραστήσας
1605 3388 1810 3449 αὐτοις,
1840 3383 1915 3440 ὅτι
1949 3384 2049 3459 ε’ξω
2084 3384 2168 3439 καὶ
2206 3385 2330 3457 ξένα
2363 3407 2449 3446 τῆς
2487 3382 2705 3458 ὅρθοδό-

469 3463 566 3533 ξου
602 3466 852 3525 «πίστεως,
889 3488 969 3517 και
1013 3463 1115 3538 ἔξω
1150 3489 1239 3527 τῆς
1276 3463 1528 3545 διδαχῆς,
1562 3487 1643 3518 και
1681 3461 2024 3537 παραδόσεως
2056 3485 2153 3517 των
2190 3463 2351 3534 ἁγίων
2389 3459 2703 3515 ἀποστόλων

474 3537 587 3591 ἓῖσΐ
624 3560 706 3590 καί
743 3561 807 3591 τα
843 3540 976 3612 ἑξῆς·
1012 3554 1181 3598 Petrus
1206 3550 1496 3635 patriarcha
1521 3548 1848 3601 antiochenus,
1877 3548 2104 3595 Nicolaus
2136 3546 2468 3598 methonenszs,
2498 3558 2543 3592 et
2566 3546 2707 3593 Bast-

475 3623 567 3669 lius
595 3622 986 3671 hieromonachus
1015 3645 1077 3672 ex
1101 3627 1388 3674 monasterio
1411 3626 1594 3678 Stadii,
1623 3625 1707 3689 qui
1735 3627 1798 3672 ab
1823 3624 2083 3689 arguendis
2107 3623 2587 3688 reprehendendisque
2618 3625 2711 3669 La-

477 3699 619 3760 tinis.
644 3699 961 3747 latinelenctae
994 3718 1160 3749 nomen
1191 3703 1378 3750 habuit.
1415 3705 1633 3766 Namque
1658 3703 1738 3749 ille
1762 3703 1931 3766 plane,
1964 3712 2274 3767 accurateque
2296 3712 2340 3746 et
2369 3699 2716 3764 prolixioribus

477 3775 665 3840 scriptis
699 3775 969 3839 redarguit,
1000 3789 1044 3822 et
1075 3779 1238 3825 multis
1273 3774 1569 3843 argumentis,
1601 3791 1743 3842 atque
1762 3776 2056 3841 *testimoniis
2080 3776 2399 3848 comprobavit
2430 3775 2570 3828 ritus,
2600 3791 2720 3839 quos:
