2970 4420
1328 293 1451 324 VITA.
2405 295 2524 328 xxm

263 370 396 425 pione
431 366 674 410 cobellutio
706 366 835 410 Card.
872 367 985 410 tituli
1013 371 1185 411 sanctae
1218 370 1452 424 susannae,
1485 366 1772 411 bibliothecae
1810 365 2022 409 vaticanae
2052 368 2294 423 praefecto,
2330 367 2531 414 Allatium

265 439 531 496 potissimum
561 438 691 493 elegit
707 473 719 492 ,
751 443 933 494 propter
967 444 1193 495 spectatam
1222 441 1303 482 viri
1334 453 1420 483 non
1451 439 1733 483 eruditionem
1770 436 1909 480 solum
1927 469 1940 491 ,
1971 437 2047 480 sed
2076 438 2199 480 etiam
2229 438 2357 482 fidem
2389 445 2431 483 et
2460 443 2530 485 in·-

257 512 470 555 dustriam
499 522 550 552 ac
579 509 830 563 singularem
862 511 905 552 in
935 510 1063 553 rebus
1095 510 1293 566 gerendis
1323 499 1645 564 dexteritatem3
1679 509 1871 564 datisque
1900 508 2111 551 mandatis
2124 539 2136 562 ,
2169 521 2275 564 quae
2306 510 2532 566 diligenter

262 595 288 625 a
306 581 534 624 Ludovico
559 579 779 634 AguchiO,
801 585 1064 624 secretorum
1087 582 1277 624 omnium
1297 586 1400 624 tunc
1414 582 1591 635 ‚arbitro
1605 614 1617 635 ,
1641 585 1686 623 et
1715 592 1881 623 summo
1913 579 2186 622 consiliorum
2209 580 2399 622 ministro
2423 595 2531 625 con-

269 653 435 708 scripta·
459 656 606 705 erant,
638 652 825 706 itemque
854 652 1072 695 Pontificis
1102 653 1252 695 litteris
1281 652 1334 696 ad
1363 654 1522 696 Ducem
1553 657 1595 696 et
1623 656 1784 695 ceteros
1799 683 1810 704 ‚
1842 655 1892 693 ut
1922 663 1989 693 res
2017 650 2247 706 poscebat,
2279 652 2322 693 in
2355 652 2527 696 Germa-

267 725 382 767 niam
411 710 548 777 misit,
581 722 731 766 addito
762 728 811 765 ut
840 723 1052 779 proficisci
1081 724 1194 766 intra
1223 723 1400 766 biduum
1432 727 1689 779 maturaret,
1722 716 1887 766 nemine
1917 722 2132 778 appellato
2146 754 2158 776 ,
2192 726 2236 765 et
2271 722 2527 767 dissimulata

267 809 398 851 quam
427 795 518 838 fleri
547 795 726 838 maxime
755 799 902 850 posset
929 796 1096 839 itineris
1127 807 1266 838 causa.

389 868 463 910 37.
494 866 610 909 Nihil
638 871 830 909 moratus
860 867 1039 909 Allatius
1068 868 1161 909 viae
1189 879 1236 909 se
1267 866 1407 909 dedit:
1441 872 1483 910 et
1511 868 1653 923 primo
1690 866 1863 923 quidem
1893 867 2091 910 venetias
2127 865 2329 908 advectus
2358 870 2448 920 est,
2482 871 2529 909 ut

270 950 360 981 rem
390 949 486 981 cum
517 937 738 980 Ludovico
768 937 919 981 Zachia
946 937 1168 980 Pontificis
1198 938 1243 979 in
1274 950 1323 980 ea
1354 938 1523 981 civitate
1559 940 1717 982 nuncio
1748 938 2108 992 communicaret,
2142 938 2315 992 eiusque
2345 937 2532 980 consiliis

267 1010 312 1053 in
344 1008 620 1064 gubernanda
647 1007 811 1052 itineris
839 1009 1002 1052 ratione
1023 1012 1238 1064 uteretur,
1261 1022 1314 1052 ne
1338 1022 1444 1065 quas
1472 1011 1516 1053 in
1545 1011 1716 1054 insidias
1745 1010 1953 1053 incideret
1976 1010 2196 1052 bominum
2221 1009 2529 1052 Germanorum

266 1079 373 1123 illud
402 1080 550 1122 ltaliae
580 1084 624 1122 et
651 1079 750 1122 urbi
780 1081 942 1122 Romae
973 1080 1101 1123 decus
1126 1080 1428 1134 invidentium,
1453 1082 1724 1138 Caesarisque
1753 1086 1795 1125 et
1814 1081 1967 1124 Bavari
1997 1080 2288 1126 liberalitatem
2314 1080 2528 1135 importu-

267 1164 367 1195 nam
381 1183 394 1205 ,
427 1151 685 1206 degenerem
699 1183 711 1206 ,
749 1156 793 1194 et
828 1153 1045 1195 communi
1080 1152 1242 1207 patriae
1279 1151 1518 1195 indecoram
1558 1153 1877 1208 appellantium.
1919 1154 2084 1196 Paucos
2120 1151 2306 1195 Venetiis
2339 1148 2530 1194 moratus

267 1225 383 1279 dieS,
414 1235 516 1267 cum
548 1224 747 1279 omnibus
776 1224 928 1267 officiis
956 1237 981 1266 a
1007 1224 1162 1266 Zachia
1190 1224 1284 1266 viro
1317 1224 1615 1267 humanissimo
1647 1230 1773 1281 atque
1807 1225 2054 1280 gravissimo
2091 1225 2230 1267 cultus
2261 1228 2395 1278 esset,
2431 1236 2529 1280 per-

268 1296 378 1338 rexit
405 1297 450 1338 in
481 1296 748 1338 Germaniam
762 1328 774 1350 ,
799 1295 1006 1350 brevique
1036 1295 1246 1350 superatis
1269 1295 1440 1350 Alpium
1460 1295 1740 1339 rhaeticarum
1770 1297 1906 1351 iugis,
1929 1296 2260 1351 transmissoque
2283 1297 2463 1349 Norico,
2486 1299 2529 1337 et

269 1371 461 1423 Augusta
493 1368 814 1410 Vindelicorum'
840 1367 976 1419 adita,
1009 1366 1158 1409 urbem
1189 1367 1461 1409 Monachium
1497 1368 1693 1409 Bavariae
1732 1368 1965 1422 principem
2002 1366 2249 1410 advehitur,
2275 1366 2530 1409 Incredibile

267 1439 387 1482 dictu
417 1443 482 1482 est
510 1451 641 1494 quam
671 1439 849 1490 comiter
876 1449 1089 1493 quamque
1118 1438 1345 1480 liberaliter
1374 1442 1575 1492 exceptus
1605 1451 1630 1480 a
1659 1440 1776 1480 Duce
1806 1440 1880 1491 sit,
1907 1443 2151 1501 quantaque
2175 1451 2271 1480 cum
2300 1439 2426 1480 animi
2452 1450 2530 1480 vo-

265 1511 431 1565 luptate
460 1512 658 1566 princeps
679 1510 749 1552 ille
770 1511 938 1563 egregie
960 1509 1082 1552 fortis
1112 1522 1162 1551 ac
1183 1510 1280 1564 pius
1310 1510 1458 1552 allatas
1481 1509 1564 1551 sibi
1595 1510 1646 1552 ab
1678 1511 1832 1553 Allatio
1863 1511 2082 1554 Pontificis
2105 1511 2289 1564 litteras,
2312 1510 2528 1565 gratulan-

263 1588 440 1637 temque
468 1582 549 1624 sibi
577 1586 715 1636 partas
749 1586 925 1623 auctore
954 1582 1046 1623 Deo
1078 1582 1300 1636 victorias,
1328 1580 1574 1637 faustosque
1603 1583 1757 1637 reliqui
1786 1583 1888 1625 belli
1917 1596 2131 1634 successus
2160 1586 2462 1638 augurantem,
2486 1586 2529 1624 et

265 1658 407 1696 cetera
435 1665 487 1695 ex
512 1653 749 1695 litterarum
780 1652 990 1694 sententia
1018 1657 1296 1707 exequentem
1329 1653 1531 1696 audierit:
1557 1654 1634 1697 sed
1664 1655 1890 1711 praecipue
1916 1669 2013 1697 cum
2037 1656 2235 1710 pietatem
2264 1658 2307 1696 et
2335 1653 2530 1708 magnifi-

262 1725 470 1777 centiam,
505 1723 562 1765 ob
593 1723 835 1778 egregium,
869 1723 939 1765 cui
969 1724 1220 1779 accipiendo
1253 1724 1503 1776 advenerat,
1536 1738 1689 1768 munus
1716 1727 1966 1780 extolleret,
1998 1727 2260 1781 gratiamque
2289 1730 2332 1767 et
2360 1737 2527 1767 memo-

262 1797 398 1848 riam,
421 1807 530 1850 quae
556 1799 718 1837 tantam
749 1793 806 1836 ob
828 1794 1129 1837 liberalitatem
1161 1795 1278 1850 apud
1303 1796 1444 1838 sedem
1472 1797 1751 1852 apostolicam
1778 1802 1989 1853 perpetua
2018 1801 2204 1839 maneret
2222 1792 2524 1852 polliceretur.

267 1870 408 1922 Atque
435 1862 505 1908 ille
536 1867 721 1920 graviter
743 1871 786 1909 et
808 1866 998 1909 modeste
1027 1867 1249 1922 respondit
1279 1867 1485 1922 ampliora
1514 1880 1558 1910 se
1586 1868 1722 1910 multo
1753 1881 1950 1911 romanae
1980 1868 2178 1910 ecclesiae
2204 1872 2245 1910 et
2267 1868 2527 1910 sanctissimo

268 1937 467 1980 Pontifici
498 1937 676 1981 debere:
710 1939 873 1980 maiora
903 1938 1078 1980 omnino
1097 1969 1109 1991 ,
1141 1950 1222 1993 pro
1254 1938 1475 1981 referenda
1506 1940 1664 1994 gratia,
1699 1940 1840 1982 animo
1873 1941 2052 1994 agitare,
2086 1951 2214 1994 quam
2245 1943 2294 1981 ut
2325 1929 2528 1981 hactenus

267 2009 354 2051 ulla
382 2022 434 2051 ex
463 2013 614 2065 parte,
637 2014 710 2052 aut
740 2010 802 2052 rei
825 2010 1046 2065 dignitati,
1065 2010 1143 2053 'aut
1170 2011 1260 2065 ipse
1288 2010 1368 2052 sibi
1389 2011 1653 2053 satisfecerin
1685 2013 1886 2066 Pergeret
1911 2011 2042 2054 modo
2065 2012 2119 2053 D.
2145 2011 2198 2053 Ο.
2223 2012 2281 2052 Μ.
2305 2010 2529 2053 conatibus

268 2081 358 2123 suis
379 2094 596 2125 successus
613 2094 844 2137 prosperos
868 2081 990 2134 dare,
1014 2082 1329 2126 intellecturum
1355 2085 1550 2139 profecto
1571 2084 1848 2139 Pontificem,
1872 2097 1998 2140 quam
2021 2083 2200 2125 memori
2226 2080 2530 2124 beneficiorum

268 2155 410 2196 animo
426 2185 438 2207 ‚
463 2166 678 2210 quamque
707 2154 862 2208 prolixi
894 2166 995 2209 erga
1024 2155 1166 2197 sedem
1195 2156 1474 2211 apostolicam
1505 2157 1699 2212 obsequii
1729 2157 1883 2213 pleno‘,
1906 2155 2078 2212 publica
2109 2154 2327 2210 religionis
2356 2155 2400 2195 in
2427 2153 2530 2195 Ger-

267 2226 408 2267 mania
437 2237 561 2268 causa
590 2225 751 2267 credita
779 2226 850 2267 sit.
1630 2237 1635 2242 ·

387 2298 460 2339 38.
494 2296 734 2339 Secundum
762 2297 867 2340 haec
896 2298 942 2339 in
971 2297 1096 2341 aedes
1125 2299 1368 2355 principalis
1399 2299 1552 2343 domus
1581 2301 1786 2356 praefecti
1816 2299 2023 2343 deductus
2053 2303 2138 2352 est,
2162 2299 2360 2353 lauteque
2392 2296 2446 2338 ab
2476 2304 2549 2338 eo'

268 2371 312 2410 et
340 2367 606 2422 hospitaliter
636 2372 859 2424 exceptus,
883 2373 926 2410 et
957 2369 1100 2424 quoad
1121 2370 1336 2413 Monachii
1365 2371 1558 2414 substitit
1583 2372 1776 2425 habitus,
1800 2371 2124 2425 Heidelbergam
2146 2370 2353 2425 perrexit,
2380 2368 2528 2409 itincre
2581 2380 2584 2382 ⁴

267 2450 370 2482 usus
400 2440 640 2496 periculoso
670 2440 716 2482 in
748 2441 892 2495 primis
924 2444 1051 2495 atque
1081 2454 1255 2497 aspero,
1287 2438 1466 2498 propter
1495 2445 1594 2486 anni
1624 2448 1792 2499 tempus
1821 2443 1963 2485 media
1990 2442 2131 2484 hieme
2161 2453 2355 2492 saevum,
2389 2442 2433 2481 et
2461 2438 2530 2479 in·

268 2511 374 2554 festa
401 2512 637 2554 latrociniis
669 2513 832 2566 omnia,
855 2513 1155 2568 licentiamque
1184 2514 1366 2556 militum
1396 2515 1568 2570 privatis
1598 2527 1772 2570 quoque
1802 2515 2062 2566 viatoribus,
2092 2525 2144 2555 ne
2175 2512 2275 2555 dum
2307 2515 2394 2552 tam
2422 2509 2531 2568 invi-

271 2581 393 2625 dioso
424 2595 522 2625 cum
552 2583 726 2637 negotio
756 2583 1074 2638 incedentibuS,
1103 2584 1451 2640 formidolosam3
1484 2588 1732 2641 praesertim
1761 2599 1858 2628 cum
1887 2599 1965 2642 per
1992 2585 2100 2627 fines
2125 2583 2433 2626 haereticorum
2461 2580 2529 2622 in-

270 2653 547 2707 grediendum
577 2658 694 2707 erat3
718 2654 772 2696 ad
803 2666 988 2709 quorum
1018 2656 1301 2710 suspicionem
1329 2656 1569 2711 vitandam,
1593 2662 1805 2699 nocturno
1836 2650 2086 2712 plerumque
2114 2656 2263 2697 itinere
2291 2665 2390 2694 usus
2419 2655 2524 2693 erat.

270 2726 321 2767 In
350 2725 530 2768 infestos
560 2727 686 2768 etiam
712 2726 905 2780 equites,
931 2731 974 2769 et
1002 2728 1087 2770 iam
1118 2741 1235 2771 arma
1265 2729 1319 2771 ad
1349 2742 1394 2771 se
1423 2741 1607 2784 suosque
1637 2729 1900 2771 invadendos
1927 2728 2217 2784 ‘expediente5,
2250 2723 2421 2775 incidit;
2453 2721 2529 2764 sed

270 2796 462 2838 simulata
490 2795 544 2839 ad
572 2799 742 2851 tempus
773 2796 969 2848 audacia,
993 2802 1208 2853 tamquam
1238 2800 1395 2842 maiore
1424 2805 1569 2855 septus
1600 2806 1733 2853 esset,
1758 2813 1887 2855 quam
1916 2801 1990 2855 qui
2019 2797 2269 2855 apparebat,
2293 2794 2523 2843 comitatu,

271 2866 390 2908 velut
407 2866 525 2908 ultro
546 2867 592 2907 in
613 2865 877 2909 adversarios
898 2868 1165 2922 incursurus,
1189 2869 1422 2912 discrimini
1437 2883 1486 2913 se
1508 2871 1731 2924 subduxit,
1755 2875 1942 2913 extremo
1965 2874 2107 2912 tamen
2129 2881 2224 2910 cum
2246 2869 2382 2917 metu,
2408 2861 2526 2918 quod

271 2938 451 2980 iacentia
481 2937 636 2993 passim
665 2938 949 2992 spoliatorum
979 2939 1186 2982 cadavera
1214 2941 1445 2983 incedentis
1474 2943 1516 2983 in
1549 2943 1698 2984 oculos
1716 2941 1943 2984 identidem
1973 2939 2262 2983 incurrebant.
2295 2938 2357 2978 Ac
2386 2947 2438 2976 ne
2468 2933 2527 2975 ci-

271 3009 389 3051 baria
419 3008 594 3063 quidem
616 3021 695 3063 per
715 3013 898 3052 vastatos
922 3010 1081 3053 crebris
1108 3011 1420 3066 direptionibus
1443 3024 1571 3067 agros
1592 3025 1896 3068 usquequaque
1912 3010 2230 3067 suppetebant,
2254 3020 2332 3051 nec
2360 3007 2526 3048 iumen-

270 3085 416 3123 torum
447 3093 495 3122 ae
526 3079 820 3123 vehiculorum
850 3082 1084 3124 necessaria
1115 3083 1260 3137 copia:
1295 3087 1342 3124 ut
1370 3083 1542 3125 tandem
1574 3083 1647 3126 diu
1677 3085 1941 3140 multumque
1972 3096 2068 3125 cum
2098 3083 2278 3136 frigore,
2306 3091 2404 3121 cum
2430 3078 2525 3119 ine-

272 3150 364 3204 dia,
386 3151 766 3207 praesentibusque
795 3153 907 3194 vitae
938 3152 1251 3195 discriminibus
1279 3153 1483 3206 luctatus,
1508 3154 1833 3209 Heidelbergam
1863 3142 2123 3210 perrenerit3
2148 3152 2222 3195 ubi
2253 3150 2307 3192 ad
2332 3162 2400 3191 res
2430 3159 2526 3189 suas

273 3223 551 3278 expediendas
580 3236 789 3266 summam
806 3223 1003 3266 adhibuit
1026 3225 1297 3267 celeritatem.
1332 3224 1499 3280 Quippe
1529 3230 1739 3274 maturato
1760 3225 1841 3267 sibi
1866 3238 1974 3280 opus
2003 3236 2091 3266 esse
2114 3220 2400 3275 intelligebat,
2425 3231 2527 3274 pro<

271 3299 416 3354 pterea
445 3295 564 3350 quod
594 3295 647 3338 ab
678 3296 772 3351 ipso
804 3297 1085 3338 Maximiliano
1116 3297 1303 3339 monitus
1333 3297 1377 3338 in
1406 3296 1594 3351 digressu
1624 3302 1866 3352 opportune
1891 3296 2054 3349 fuerat,
2081 3294 2231 3349 agitari
2259 3291 2362 3335 tnnc
2395 3291 2527 3346 potis-

271 3362 448 3420 simum‘,
477 3366 681 3409 Isabellae
711 3367 939 3422 Belgarum
968 3369 1171 3423 principis
1201 3380 1357 3423 opera,
1387 3367 1439 3410 de
1468 3367 1783 3410 reconcilianda
1812 3368 1922 3409 inter
1950 3367 2163 3409 Caesarem
2194 3370 2246 3408 et·
2265 3362 2525 3406 Fridericum

274 3437 430 3490 gratia,
462 3436 656 3492 adeoque
691 3437 758 3480 de·
779 3438 1039 3481 restituenda
1070 3438 1351 3495 Heidelberga
1366 3470 1377 3492 ,
1410 3440 1528 3481 cuius
1566 3438 1739 3493 quidem
1768 3438 1945 3480 aetionis
1982 3438 2141 3489 exituS‚
2170 3438 2210 3480 si
2242 3436 2354 3479 forte
2388 3436 2526 3478 adhuc

271 3507 516 3551 haerentem
544 3508 590 3550 in
618 3509 856 3553 Palatinatu
885 3510 1190 3553 bibliothecam
1219 3509 1486 3564 offendisset,
1512 3522 1679 3552 omnem
1709 3510 1798 3552 eius
1827 3509 2112 3565 exportandae
2138 3510 2343 3553 rationem
2373 3509 2526 3552 discuti

272 3581 315 3620 et
342 3577 537 3633 impediri
569 3591 739 3622 necesse
770 3586 877 3623 erat.
912 3581 1083 3637 Colligit
1111 3581 1254 3636 itaque
1284 3580 1507 3636 diligenter
1536 3592 1682 3622 omnes
1695 3613 1707 3634 ,
1736 3581 1811 3636 qui
1838 3593 1968 3623 manu
1997 3582 2154 3624 exarati
2181 3585 2302 3624 erant
2331 3579 2521 3634 codices,

275 3653 317 3698 et
347 3648 497 3692 ordine
512 3674 528 3702 ,-
549 3655 755 3705 quantum
774 3651 872 3695 illae
895 3652 1102 3707 temporis
1124 3651 1340 3706 angustiae
1370 3651 1638 3707 patiebantur
1669 3651 1896 3708 dispositos
1918 3656 1960 3696 et
1981 3652 2214 3696 collocatos
2241 3652 2526 3709 exportandos

273 3722 469 3779 curavit,
484 3733 649 3764 summa
668 3723 872 3766 adbibita
893 3736 1020 3776 cura,
1045 3735 1099 3765 ne
1129 3722 1234 3778 quid
1264 3723 1353 3765 eius
1374 3723 1628 3779 generisvel
1650 3723 1871 3766 minimum
1900 3710 2318 3779 praetermitteretur.
2354 3726 2414 3767 Ex
2444 3725 2525 3765 im-

274 3802 519 3845 pressorum
548 3805 652 3835 vero
683 3794 831 3850 copia,
865 3807 974 3849 quae
1004 3794 1197 3836 immanis
1234 3798 1277 3836 et
1306 3793 1618 3849 propemodum
1647 3793 1825 3837 infinita.
1847 3800 1962 3849 erat,
1994 3797 2132 3839 solum
2171 3795 2325 3851 delegit
2354 3797 2389 3837 si
2420 3795 2524 3850 quid

271 3861 446 3903 raritate
477 3867 550 3906 aut
579 3864 836 3919 praestantia
865 3865 1027 3918 insigne
1055 3863 1282 3919 iudicavit,
1313 3869 1496 3908 sectatus
1530 3866 1575 3908 in
1593 3865 1760 3922 ,primis
1780 3866 2089 3922 antiquitatem
2125 3867 2448 3922 exemplarium,
2481 3871 2525 3908 et
