2970 4380
436 344 531 390 588
1267 326 1395 361 mssa
1427 324 1553 357 mem
1586 317 1846 353 anassconnzu

439 437 524 476 iam
551 428 604 470 ad
628 425 790 468 colores
820 414 937 473 quod
969 412 1141 460 attinet,
1166 405 1276 448 idem
1300 400 1445 445 scribit
1473 399 1558 440 loc.
1583 395 1655 438 cit.
1684 391 1833 434 obvios
1863 395 2055 442 quosque
2087 380 2277 436 quamvis
2297 380 2384 422 sine
2406 377 2567 420 delectu
2592 373 2680 430 ple·
2712 408 2716 414 .

438 511 619 556 rumque
649 495 868 538 vid-eantur
890 483 1036 529 Graeci
1067 478 1312 527 adsumere,
1337 469 1514 515 candido
1544 473 1684 509 tamen
1714 467 1755 504 et
1784 457 1916 502 rubeo
1947 455 2077 511 magis
2107 454 2223 507 ipsos
2253 449 2472 502 delectari3
2497 446 2677 490 candido

441 574 626 623 scilicet,
650 572 699 610 ut
728 561 871 607 subdit
892 558 953 600 ibi
975 544 1376 597 Thessalonicensis,
1402 542 1458 584 oh
1488 539 1647 592 gratiae
1670 534 1894 590 puritatem
1917 532 2043 582 atque
2071 521 2364 579 splendorem3
2388 515 2519 561 rubeo
2539 517 2679 558 ieiunii

450 791 530 831 lius
552 783 665 840 apud
684 774 932 823 Bcn-Assali
951 772 984 813 f.
1007 771 1078 812 77.
1104 765 1195 808 vult
1215 762 1309 804 alba
1330 757 1503 801 omnino
1527 765 1613 795 esse
1634 750 1900 796 vestimenta,
1920 742 2077 795 absque
2102 737 2187 779 ullo
2211 733 2375 784 colore;
2401 733 2444 771 et
2462 715 2684 784 sici-eapse

456 860 619 903 albatus
648 865 736 895 rem
769 858 929 891 sacram
959 842 1058 885 facit
1088 838 1210 880 divus
1238 831 1439 882 Basilius,
1473 827 1688 882 praesente
1719 821 1822 874 imp.
1857 815 2052 865 Valente,
2080 812 2124 852 in
2153 820 2229 850 suo
2260 803 2454 847 basilicae
2482 799 2687 842 vaticanae
2712 832 2715 834 .

458 930 580 974 altari
595 959 606 980 ,
630 925 704 967 ubi
734 927 873 963 tamen
896 917 964 957 vix
988 913 1211 967 quicquam
1240 907 1457 960 praeterea
1479 906 1673 952 graecum
1698 895 1776 934 cst.
1811 885 2036 930 Exterioris
2060 878 2234 923 bematis
2264 878 2436 918 ornatus
2456 869 2592 920 idem,
2615 869 2691 910 nisi

460 1000 576 1057 quod
606 1000 648 1039 in
680 991 872 1037 extremis
899 984 1098 1029 lateribus
1128 978 1290 1020 variant
1318 972 1546 1025 imagines,
1570 964 1779 1019 Baptistae
1808 958 1969 1002 scilicet
1988 954 2292 999 sinistrorsum,
2315 942 2448 987 sancti
2477 950 2578 981 vero
2601 947 2694 978 mo-

460 1070 586 1115 nachi
615 1063 799 1122 episcopi
830 1060 1092 1102 dextrorsum
1107 1083 1118 1103 ,
1141 1047 1280 1091 Basilii
1307 1048 1433 1100 puta,
1458 1039 1526 1081 vel
1549 1033 1779 1091 ‚Sophronii
1794 1064 1805 1086 ‚
1828 1029 1896 1071 vel
1918 1023 2139 1069 cuiuslibet
2161 1014 2446 1062 benedicentis
2468 1015 2511 1052 et
2532 1017 2700 1051 crucem

464 1140 643 1199 gerentis
663 1138 708 1179 in
730 1138 917 1190 pectore.
951 1130 1086 1181 Supra
1104 1119 1281 1164 bematis
1305 1120 1469 1172 portam
1490 1122 1636 1153 rursus
1657 1103 1827 1150 Domini
1851 1097 2004 1155 sepulti
2023 1095 2172 1149 figura.
2207 1093 2323 1133 Intra
2342 1087 2464 1129 bema
2486 1077 2703 1136 impendet

467 1212 585 1255 altari
614 1210 798 1262 lampas,
826 1202 877 1245 de
909 1210 989 1254 qua
1020 1191 1247 1237 catechesis
1276 1192 1426 1242 graeca
1454 1197 1499 1239 p.
1529 1182 1607 1223 58:
1643 1162 1793 1226 καιὲτοςι
1826 1155 1991 1210 ἆεννᾶως
2015 1153 2237 1220 ’ἔμπροσθεν
2263 1150 2332 1200 τῆς
2355 1141 2473 1197 ἓεῖας
2504 1134 2702 1205 τραπέζης

469 1267 647 1320 navalia
671 1263 897 1326 ἀκοίμητος,
923 1258 1069 1321 τρανῶς
1097 1241 1435 1317 μαρτυρεῧσαγτόν
1461 1245 1587 1297 ζῶντα
1618 1236 1695 1287 ἔσω
1720 1237 1788 1286 τῆς
1814 1233 1916 1296 ἱερᾶς
1939 1220 2204 1282 πυξίδας-υἱὸν
2230 1221 2298 1268 ‘rofi‘
2319 1219 2432 1265 θεοῦ.
2458 1225 2581 1267 Ardet
2607 1232 2706 1262 sem-

466 1370 541 1410 per
573 1358 659 1394 ante
682 1351 854 1391 divinam
884 1353 1052 1385 mensam
1076 1340 1226 1388 lampas
1247 1333 1481 1378 inextincta,
1510 1336 1608 1378 quae
1638 1321 1841 1374 perspicue
1872 1316 2034 1354 testatur
2061 1311 2166 1349 intus
2197 1316 2275 1344 esse
2310 1303 2499 1342 viventem
2527 1298 2569 1335 in
2595 1302 2708 1332 sacra

466 1427 619 1482 pyxide
638 1423 775 1475 fllium
795 1420 885 1459 Dei.
919 1409 1247 1455 Sacratissimnm
1278 1403 1390 1444 hunc
1418 1407 1571 1453 panem
1598 1388 1917 1435 eucharisticum
1947 1383 2101 1423 vocant
2122 1373 2270 1419 Graeci
2299 1371 2453 1424 aliique
2475 1362 2710 1408 Orientales

475 1498 746 1548 mammillam,
781 1490 830 1530 ln
860 1483 1044 1528 nubibus
1073 1476 1209 1522 David
1239 1486 1334 1516 cum
1364 1472 1497 1524 harpa
1529 1465 1584 1508 ob
1615 1456 1926 1516 significandam
1954 1447 2247 1508 psalmodiam.
2281 1437 2637 1490 Summus‘aeque
2667 1432 2712 1472 in

478 1566 661 1610 nubibus
692 1562 879 1604 Christus
905 1540 1083 1608 utraque
1111 1560 1238 1592 manu
1267 1545 1452 1587 salutans
1482 1551 1555 1581 seu
1579 1532 1846 1578 benedicens.
1879 1525 2019 1577 Infra,
2050 1520 2163 1563 idem
2190 1517 2265 1572 qui
2290 1515 2334 1556 in
2364 1506 2545 1553 secunda
2570 1502 2716 1546 tabula

478 1639 756 1693 hegumenus,
781 1626 926 1673 sedens
954 1630 995 1668 et
1018 1619 1216 1679 pastorali
1245 1615 1358 1671 pedo
1387 1612 1584 1654 innitens.
1619 1603 1782 1648 Ibidem
1807 1597 1944 1652 angeli
1970 1594 2055 1637 duo
2078 1588 2244 1633 loricati
2274 1590 2315 1628 et
2345 1576 2625 1634 chlamydati,
2650 1585 2716 1615 se-

483 1707 666 1750 cundum
697 1702 878 1746 sedentis
903 1698 1102 1739 visionem
1120 1723 1131 1743 ,
1165 1700 1290 1744 quam
1321 1685 1482 1726 adiecta
1507 1681 1647 1721 narrat
1671 1670 1906 1726 inscriptio.
1940 1651 2023 1702 Καὶ
2055 1653 2102 1703 ὡς
2133 1645 2258 1701 ἦλθεν
2294 1641 2361 1713 ἐπὶ
2389 1643 2458 1692 τῆς
2491 1631 2715 1698 καθέδρας,

487 1766 555 1833 ἔφη
588 1761 761 1827 Μιχαῆλ
793 1764 811 1808 ὅ
845 1757 1000 1825 ἄρχων,
1030 1751 1144 1818 σεφία
1174 1748 1261 1814 (1)·
1295 1741 1358 1792 καὶ
1392 1742 1410 1790 ὃ
1444 1735 1651 1805 Γαβριὴλ,
1677 1730 1925 1800 πρόσχωμεν·
1950 1721 2015 1772 καὶ
2047 1721 2065 1769 ὃ
2100 1715 2320 1772 δεσπότης,
2348 1707 2475 1777 cip-[ivn
2508 1709 2628 1762 πᾶσι,
2655 1704 2719 1750 εὐ-

487 1832 662 1901 λογήσας
688 1837 738 1896 τῷ
762 1832 951 1895 σταυρικῷ
979 1827 1087 1885 ὅπλῳ
1111 1818 1162 1870 τὰ
1187 1816 1414 1880 σύμπαντα·
1439 1808 1504 1860 καὶ
1531 1810 1649 1873 οὕτως
1675 1805 1693 1853 ὅ
1721 1799 1840 1868 ἱερεὺς
1873 1791 2050 1864 cip-avenel
2080 1794 2118 1840 ἐν
2145 1786 2192 1854 t}
2218 1781 2415 1842 ἐκκλησίᾳ·
2445 1771 2721 1845 ἐπιφωνέῧντος

490 1907 530 1956 δέ
562 1910 629 1955 τεῧ
659 1900 854 1971 ἀγγέλου,
881 1897 946 1947 καὶ
979 1893 1158 1960 λέγεντος
1194 1892 1231 1936 ἒν
1266 1883 1417 1951 εἰρήνῃ,
1444 1878 1607 1931 στῆκετε
1640 1873 1785 1927 πάντες
1818 1867 1921 1933 μετὰ
1948 1859 2066 1933 φέβου
2096 1858 2164 1909 καὶ
2195 1854 2359 1923 τρόμιυ,
2381 1855 2449 1900 ἵνα
2480 1845 2534 1914 μή
2564 1869 2620 1900 τις
2653 1839 2724 1894 τὴν

492 1974 657 2043 maeoti-clv
690 1975 808 2024 αὐτοῦ
838 1968 949 2032 κλίνῃ
981 1965 1074 2032 πρὲς
1109 1961 1149 2010 τὸ
1185 1959 1391 2020 συντυχεῖν
1426 1949 1523 2003 τινοῖ·
1549 1946 1617 1997 καὶ
1648 1949 1696 2004 ὡς
1727 1938 1852 1994 ἦλθεν
1887 1937 1929 1989 τὲ
1964 1934 2205 2000 πρεκεὶμενον
2232 1927 2324 1993 (2),
2351 1920 2497 1987 ψάλλει
2524 1920 2542 1966 o‘
2578 1911 2726 1976 Δαβῖὂ·

491 2047 557 2097 καὶ
589 2043 659 2097 rai]
688 2039 907 2095 ἀποστὲλσυ
938 2028 1319 2101 ἀναγινωσκομένευ,
1355 2029 1372 2074 ὁ
1409 2026 1565 2074 Παῧλες
1597 2014 1785 2067 διδάσκει·
1820 2004 1979 2074 ἀδελφά
2011 2027 2106 2068 μευ,
2138 1996 2308 2048 ἀκούετε·
2342 1991 2407 2041 καὶ
2441 1992 2491 2044 ὡς
2523 1984 2648 2040 ’ἦλθεν
2681 1980 2724 2031 τὲ

496 2116 740 2172 dalmalia,
767 2117 841 2172 βεᾷ
873 2115 889 2159 o‘
925 2107 1053 2158 Δαυὶό
1084 2127 1148 2152 και
1181 2099 1302 2165 λέγει·
1339 2100 1356 2144 0‘
1392 2103 1486 2146 Ξεος
1518 2091 1696 2157 ἐμφανῶς
1727 2086 1831 2141 ἣξει,
1861 2081 1879 2129 ὃ
1911 2075 2005 2130 θεὸς
2035 2076 2165 2136 ἡμῶν,
2197 2065 2263 2116 καὶ
2296 2068 2338 2112 εὖ
2367 2055 2730 2126 παρασιωπήσεται·

499 2189 564 2239 καὶ
591 2187 643 2239 τᾶ
668 2190 769 2243 ἑξῆς·
804 2200 856 2238 Et
880 2207 968 2235 cum
990 2194 1094 2232 venit
1121 2189 1173 2228 acl
1196 2184 1442 2230 cathedram,
1469 2179 1574 2218 dixit
1598 2170 1796 2214 Michahel
1812 2166 2024 2219 princeps:
2047 2157 2255 2210 sapientia.
2289 2150 2341 2189 Et
2367 2141 2555 2187 Gabrt'hel
2580 2149 2738 2189 respon·

501 2279 583 2317 dit:
614 2274 872 2315 attendamus.
906 2268 962 2306 Et
985 2265 1184 2304 dominus:
1213 2268 1300 2308 paa:
1324 2252 1526 2299 omnibus,·
1558 2245 1677 2285 simul
1707 2239 1929 2281 benedicens
1958 2231 2085 2273 crucis
2114 2217 2316 2267 armatura
2346 2231 2407 2259 res
2434 2225 2578 2256 omne-⁹.
2611 2211 2737 2260 Atque

501 2352 558 2389 ita
584 2345 760 2387 sacerdos
780 2351 920 2394 pacem
947 2336 1183 2387 adprecatur
1205 2332 1247 2368 in
1267 2325 1446 2372 ecelesia;
1471 2317 1714 2360 exclamante
1741 2308 1861 2356 simul
1885 2304 2022 2361 anyelo
2055 2298 2110 2354 (i.
2137 2307 2174 2335 e.
2201 2286 2407 2344 diacono)
2439 2291 2477 2326 et
2505 2285 2675 2324 dicente:
2696 2279 2740 2317 in

498 2432 597 2473 pace
619 2421 715 2457 state
735 2424 863 2454 omnes
883 2421 969 2449 eum
993 2409 1128 2446 timore
1148 2414 1193 2442 ac
1219 2405 1404 2444 tremore,
1431 2405 1478 2433 ne
1506 2390 1593 2442 quis
1612 2385 1762 2426 vultum
1785 2390 1898 2419 suum
1918 2373 2133 2419 convertat,
2159 2370 2206 2405 ut
2224 2360 2416 2416 quidlibet
2436 2363 2637 2397 occurrens
2656 2348 2745 2389 am*-

465 2490 469 2494 ’
506 2492 738 2533 madvertac.
762 2487 817 2525 Et
835 2494 922 2523 cum
940 2480 1047 2521 venit
1065 2475 1333 2529 proci'menon,
1353 2466 1492 2519 psallit
1510 2459 1656 2503 David.
1684 2458 1735 2496 Et
1757 2464 1845 2492 cum
1868 2450 2012 2499 leqitur
2032 2440 2196 2494 apostoli
2214 2434 2375 2488 epistola
2382 2461 2394 2482 ‚
2422 2427 2570 2469 Paulus
2590 2424 2742 2462 monet:

500 2565 650 2616 fratres
671 2559 766 2609 mei,
793 2555 942 2595 audite.
975 2553 1010 2590 E
1015 2555 1029 2590 c
1055 2560 1141 2588 cum
1167 2545 1220 2584 ad
1240 2540 1403 2589 allel-uia
1425 2538 1582 2575 ventu-m
1604 2533 1677 2578 est,
1703 2526 1846 2566 clamat
1867 2517 1997 2560 David
2017 2512 2085 2564 (id
2105 2514 2168 2551 est
2187 2507 2343 2548 chorus
2362 2496 2565 2546 musicus)
2590 2493 2747 2532 dicens:

512 2615 617 2675 Deus
643 2627 844 2680 manifeste.
868 2626 1018 2667 veniet,
1046 2621 1150 2659 Deus
1173 2618 1321 2662 noster,
1348 2613 1385 2649 ec
1405 2618 1481 2648 non
1503 2602 1655 2644 tacebit.
1682 2598 1737 2638 Et
1755 2594 1922 2643 reliqua.
1948 2588 1998 2628 Et
2019 2581 2229 2624 videretur
2250 2572 2418 2629 quidem
2440 2581 2464 2610 a
2486 2565 2639 2607 stolato
2662 2559 2751 2602 dina

518 2715 626 2746 cono
649 2701 732 2754 legi
756 2695 1037 2748 evangelium,
1063 2690 1192 2743 prout
1222 2687 1283 2725 est
1313 2680 1400 2721 eius
1424 2674 1611 2718 officium
1634 2670 1679 2710 in
1707 2665 1853 2714 missa;
1884 2663 2062 2701 attamen
2092 2647 2309 2703 inscriptio
2339 2645 2452 2685 recte
2482 2635 2671 2691 loquitur
2700 2628 2752 2672 de
2819 2686 2822 2689 ᾗ

517 2772 693 2830 epistola
714 2759 948 2825 apostolica
958 2795 968 2816 ,
993 2772 1119 2817 quam
1142 2766 1288 2810 reapse
1310 2750 1558 2802 anagnostes
1577 2742 1717 2794 legere
1745 2735 1877 2783 solet,
1899 2734 1947 2771 ut
1966 2721 2252 2781 Chrysanthus
2272 2717 2317 2758 in
2339 2710 2524 2777 capitulo
2546 2716 2673 2760 supra
2695 2700 2754 2743 ci-

518 2851 608 2890 tato
639 2857 685 2898 p.
711 2843 810 2899 111.
836 2836 1004 2880 scribit:
1041 2823 1121 2872 τοῖς
1154 2809 1426 2878 ἀναγνώσταις
1449 2806 1474 2856 ἢ
1499 2806 1566 2853 τιῧ
1591 2794 1809 2848 ἀποστόλου
1842 2786 2058 2854 ἀνάγνωσις
2093 2777 2280 2832 inediam.
2312 2781 2591 2838 Quamobrem
2619 2775 2767 2831 pictor

522 2928 696 2975 peccare
726 2913 817 2955 heic
848 2908 1012 2950 videtur
1043 2904 1189 2945 contra
1216 2893 1451 2947 liturgiam,
1476 2895 1638 2942 ponens
1667 2880 1891 2922 diaconum
1922 2882 2000 2926 pro
2035 2866 2279 2919 anagnoste.
2313 2859 2396 2899 Nec
2427 2853 2602 2901 mirum3
2627 2842 2761 2888 nostri
2795 2900 2797 2903 Ι

527 2989 635 3032 enim
661 2995 831 3040 quoque
858 2978 1035 3022 artifices
1058 2973 1113 3015 ob
1144 2971 1301 3013 rituum
1322 2961 1527 3006 inscitiam
1557 2952 1721 2996 infinita
1751 2948 1939 3003 peccant.
1976 2941 2065 2992 (De
2096 2931 2368 2991 epistolarum
2389 2938 2459 2979 ap.
2484 2920 2552 2962 vel
2579 2914 2765 2974 prophe-

525 3061 681 3102 tiarum
710 3058 810 3110 post
835 3050 1057 3093 introitum
1084 3042 1288 3089 lectione,
1313 3028 1564 3078 Andidensis
1587 3028 1730 3067 noster
1752 3033 1796 3061 n.
1826 3017 1876 3058 16
1891 3047 1902 3069 ,
1925 3017 1966 3055 et
1996 3005 2219 3052 catechesis
2240 3014 2304 3057 gr.
2330 3012 2377 3054 p.
2401 2995 2501 3046 92.)
2531 2992 2640 3034 Item
2661 2983 2767 3028 illud

532 3114 722 3168 δεσπὸτης
753 3136 839 3166 non
862 3121 1071 3173 Christum
1101 3113 1317 3156 dominum
1347 3101 1662 3147 benedicentem
1695 3092 1747 3134 de
1777 3087 1920 3137 caelo,
1946 3082 2017 3124 sed
2049 3075 2308 3121 sacerdotem
2337 3065 2504 3120 liturgia
2525 3061 2770 3114 fungentem

533 3193 728 3250 denotat,
755 3185 893 3251 quem·
912 3191 1112 3233 diaconus
1141 3183 1287 3225 domini
1317 3168 1441 3219 titulo
1473 3168 1684 3225 appellare
1715 3162 1847 3205 solet:
1883 3139 2086 3210 εὖλὲγησιν
2120 3133 2304 3191 δέσποτα.
2339 3142 2457 3182 Certe
2486 3135 2593 3177 sicut
2622 3129 2772 3172 latinns
2839 3156 2842 3162 s

538 3273 759 3328 episcopus
787 3264 992 3322 populum
1015 3262 1059 3301 in
1083 3257 1208 3298 missa
1235 3251 1387 3294 salutat
1415 3243 1551 3286 verbis
1573 3249 1662 3293 pax
1689 3236 1816 3284 vobis,
1845 3232 1904 3273 ita
1932 3234 2105 3280 graecus
2127 3217 2264 3260 verbis
2287 3225 2376 3268 pax
2402 3208 2593 3251 omnibm.
2625 3202 2774 3255 Noster

538 3357 639 3386 vero
662 3338 969 3392 contemplator
983 3365 994 3386 ‚
1020 3331 1124 3372 haec
1147 3326 1199 3369 ab
1222 3321 1378 3376 angelis
1397 3315 1487 3359 fieri
1507 3313 1698 3365 dicique,
1723 3318 1803 3362 pro
1824 3314 1901 3350 suo
1922 3298 2118 3349 suscepto
2142 3289 2359 3336 instituto,
2380 3279 2649 3333 imaginatur.
2674 3271 2774 3312 Sunt

543 3420 679 3457 autem
709 3412 854 3453 missae
883 3409 1021 3461 partes
1052 3400 1260 3455 quinque:
1294 3390 1495 3433 instructio
1529 3394 1634 3438 quae
1664 3380 1713 3422 fit
1740 3368 2024 3429 inprotbesi,
2057 3363 2225 3412 oblatio,
2253 3355 2505 3401 consecracio,
2539 3342 2768 3388 communio,

544 3489 765 3540 qratiaram
787 3481 905 3529 actio,
933 3477 979 3517 in
1000 3464 1085 3528 qua
1107 3470 1155 3512 fit
1185 3450 1402 3507 ἀπόλυσις,
1435 3459 1467 3500 i.
1493 3470 1530 3498 e.
1555 3451 1706 3510 populi
1730 3445 1929 3490 dimissio.
1963 3442 2036 3482 Est
2056 3441 2097 3478 et
2119 3433 2198 3475 alia
2217 3427 2388 3471 brevior
2410 3422 2557 3464 missae
2578 3408 2747 3471 partitio
2762 3435 2773 3457 ‚

946 3532 956 3550 χ
1128 3534 1130 3537 ,

522 3541 696 3609 ¹nempe
727 3538 984 3604 προσκεμιὸη,
1013 3523 1235 3593 λειτουργία
1264 3513 1584 3583 κατηχευμένων,
1617 3503 1835 3573 λειτουργὶα
1866 3503 2031 3552 πιστῶν.
2061 3508 2183 3550 Nune
2210 3504 2255 3544 in
2286 3494 2498 3553 prioribus
2526 3491 2752 3529 versamur.

587 3702 594 3709 p
641 3663 686 3707 (ι)
707 3661 804 3694 varie
826 3668 844 3691 a
870 3655 1027 3697 liturgicis
1048 3648 1277 3685 tractatoribus
1296 3642 1491 3676 vocabulum
1514 3638 1577 3669 hoc
1600 3632 1783 3675 exponitur.
1807 3622 1999 3660 Andidensis
2019 3629 2052 3652 n.
2079 3623 2126 3651 19.
2150 3615 2190 3648 de
2216 3609 2362 3645 rationali
2383 3605 2424 3638 ad
2445 3608 2511 3634 rem
2537 3600 2659 3628 sacram
2682 3589 2780 3621 atten-

546 3725 634 3757 tione
658 3713 821 3757 intelligit.
845 3714 877 3743 S.
899 3708 1037 3742 Basilius
1061 3703 1147 3746 apud
1171 3697 1361 3734 Bau-Assali
1382 3696 1405 3727 s.
1426 3697 1476 3727 78.
1500 3690 1543 3723 ad
1563 3689 1692 3721 cantum
1714 3683 1829 3722 refert,
1848 3679 1883 3711 id
1903 3678 1951 3710 est
1971 3683 2037 3707 non
2059 3674 2129 3704 tam
2149 3676 2218 3701 esse
2239 3661 2419 3700 canendum
2442 3655 2476 3687 in
2498 3650 2594 3684 missa
2614 3652 2687 3677 cum
2708 3648 2779 3673 sua·
2806 3665 2814 3672 ,

553 3764 672 3812 vitate,
695 3775 793 3810 quam
820 3773 893 3796 cum
919 3759 1092 3802 sapientia,
1116 3757 1150 3788 id
1173 3756 1221 3786 est
1245 3753 1296 3794 pie
1319 3748 1533 3791 graviterque.
1557 3743 1624 3783 (De
1646 3733 1833 3772 Bon-Assali
1856 3729 2008 3768 Allatius,
2034 3720 2263 3759 Ecchellcnsis,
2289 3714 2463 3749 Naironus,
2488 3694 2716 3737 Assemanus.)

648 3824 692 3867 (2)
714 3818 842 3855 videsis
869 3815 1084 3849 Andidensem
1111 3820 1143 3842 n.
1170 3813 1219 3841 19.
1241 3794 1298 3838 Est
1318 3792 1424 3836 autem
1448 3798 1671 3841 procimenon
1687 3792 1805 3827 ,certus
1827 3790 1981 3818 numerus
2006 3776 2241 3812 versiculorum
2260 3776 2282 3802 ‘e
2305 3756 2704 3810 psalmisexcerptorum,
2731 3747 2788 3807 qni

557 3879 678 3926 proprii
709 3876 784 3908 sunt
809 3872 966 3911 cuiusque
993 3868 1076 3906 diei,
1103 3867 1141 3896 ut
1171 3861 1311 3901 cangius
1339 3858 1372 3889 in
1398 3854 1516 3887 lexico.
1538 3848 1676 3882 Goarius
1703 3852 1779 3876 vero
1803 3850 1836 3882 p.
1862 3842 1931 3872 175.
1956 3828 2203 3868 animadvertit,
2225 3813 2433 3861 προκείμενον
2458 3811 2522 3845 dici
2546 3806 2731 3851 proloqum
2757 3808 2794 3832 in

561 3935 689 3974 liturgia
715 3932 747 3962 S.
771 3926 882 3960 Marci.
908 3923 1044 3963 Legatur
1070 3918 1155 3951 idem
1178 3914 1314 3948 Goarius
1342 3910 1439 3943 ctiam
1462 3907 1495 3939 in
1517 3897 1778 3937 adnotationibus
1803 3903 1835 3935 p.
1864 3896 1931 3925 ιιι.
