2970 4420
484 260 545 305 96
1074 296 1082 320 f
1345 279 1350 285 ¹
1429 276 1583 310 monis
1613 279 1793 310 atnam

481 370 550 403 est
584 358 720 422 apud
749 360 1000 408 nonnullos
1032 359 1159 409 Itane
1193 362 1367 410 librum
1406 362 1456 408 in
1494 362 1692 409 dubium
1725 363 1860 411 verti.
1897 365 2000 411 Hoc
2030 365 2155 432 idem
2189 368 2328 415 etiam
2362 367 2536 429 legitur
2570 370 2617 416 in
2651 370 2772 418 alio,

479 450 566 481 nec
599 436 751 483 minus
784 447 995 492 vetusto,
1029 455 1112 486 nec
1145 441 1299 485 minus
1330 439 1539 500 elegante
1574 440 1732 487 codice
1762 442 1903 488 1446.
1941 441 2033 488 Alii
2066 459 2114 490 se
2147 446 2255 491 satis
2288 444 2513 508 probasse
2546 454 2741 508 putant,

481 528 534 559 ac
557 514 812 560 vindicasse
836 516 1204 577 Thaumat'urgo,
1227 516 1489 561 testimonio
1516 516 1699 570 Rufini,
1725 519 2025 579 Hieronymi,
2046 520 2233 575 Suidae,
2256 522 2336 582 qui
2361 521 2569 568 scribunt
2587 522 2745 569 'Thau-

477 599 745 652 maturgum
770 592 819 636 in
843 592 1159 638 Ecclesiastem
1184 592 1514 653 metaphrasim
1537 593 1753 640 edidisse.
1792 596 1852 640 At
1884 610 2024 656 quam
2048 597 2104 642 sit
2129 613 2325 659 parvum
2358 613 2625 660 vanumque
2647 598 2741 644 hoc

479 677 803 730 argumentum
821 704 832 722 ,
861 671 968 716 satis
1003 678 1202 723 norunt,
1231 671 1311 731 qui
1346 670 1554 717 diversos
1589 686 1640 718 ac
1673 674 1828 719 varios
1852 674 2102 735 scriptores
2125 675 2183 721 de
2207 675 2368 721 eadem
2403 692 2454 722 re
2489 676 2656 722 codem
2681 677 2743 721 ti-

478 745 586 791 tulo.
613 745 879 792 lucubrasse
905 746 1137 792 videntur.
1177 747 1367 808 Scripsit
1400 748 1449 793 in
1482 748 1803 795 Ecclesiastem
1826 750 2157 812 metaphrasim
2179 752 2571 813 Thaumaturgus;
2600 767 2743 817 nemo

475 823 525 868 id
560 832 717 884 negat:
755 839 866 884 ergo
901 823 1014 868 haec
1046 823 1353 884 metaphrasis
1382 825 1430 869 in
1458 825 1807 880 Ecclesiastem‚
1838 826 2166 889 Thaumaturgi
2202 836 2296 882 est;
2330 829 2449 874 illud
2481 843 2595 874 vero
2627 843 2746 890 pro—-

474 897 682 945 bandum
702 907 785 945 ‚est
809 900 960 961 prius,
989 899 1174 945 nullum
1199 900 1342 946 alium
1368 902 1700 964 metaphrasim
1732 905 1781 949 in
1808 903 2126 950 Ecclesiastem
2153 906 2404 967 scripsisse.
2439 904 2526 952 Sed
2561 904 2665 966 quis
2690 903 2741 950 id

474 975 693 1038 probabit
726 977 962 1037 unquam?
997 978 1052 1021 Et
1077 985 1231 1022 tamen
1259 977 1436 1039 aliquid
1464 979 1511 1024 in
1537 979 1624 1026 hac
1646 995 1698 1026 re
1722 988 1813 1034 est,
1844 981 2094 1042 scriptores
2126 981 2311 1028 tradere
2339 982 2735 1042 Thaumaturgum

473 1053 800 1114 metaphrasim
825 1053 872 1097 in
900 1053 1215 1099 Ecclesiastem
1241 1055 1497 1116 scripsisse,
1527 1071 1634 1102 cum
1652 1056 1819 1102 ,nullus
1844 1057 1904 1103 de
1928 1058 2243 1110 Nazianzeno,
2270 1058 2401 1104 cuius
2436 1058 2604 1119 scripta
2637 1070 2744 1102 om-

472 1132 602 1176 nium
628 1130 723 1176 fere
747 1131 943 1175 examini
971 1129 1159 1176 subacta
1182 1140 1313 1185 sunt,
1341 1133 1389 1177 id
1416 1142 1602 1180 asserat.
1631 1135 1745 1180 Sunt
1771 1127 1927 1196 itaque
1952 1143 2140 1196 praeter
2165 1133 2352 1180 Bil'lium
2368 1169 2379 1188 ,
2407 1143 2452 1180 et
2477 1134 2554 1179 alii
2579 1134 2753 1180 recen-'

472 1207 637 1259 tiores,
667 1208 745 1267 qui
781 1206 952 1251 dictam
986 1207 1316 1269 metaphrasim
1352 1210 1531 1270 parenti
1567 1212 1762 1272 proprio
1794 1210 2022 1264 redd-unt,
2057 1212 2211 1257 Sixtus
2245 1211 2450 1257 senensis
2480 1211 2529 1255 in
2562 1208 2744 1255 biblio-

472 1285 628 1338 theca,
661 1284 890 1337 Antonius
922 1285 1194 1331 Possevinus
1225 1286 1274 1331 in
1298 1295 1524 1348 apparatu
1549 1288 1598 1332 in
1619 1288 1844 1348 Gregorio
1872 1288 2174 1341 nazianzeno,
2202 1296 2247 1334 et
2276 1287 2507 1348 Gregorio
2527 1285 2738 1331 thauma-

471 1369 634 1421 turgo,
671 1368 716 1405 et
750 1361 810 1405 in⁴
832 1359 1052 1406 biblioth.
1087 1360 1255 1408 selecta
1288 1362 1373 1414 lib.
1408 1364 1466 1409 ΙΙ.
1497 1379 1598 1425 cap.
1639 1364 1719 1417 15,
1756 1364 1933 1410 Fronto
1966 1365 2179 1411 Ducaeus
2211 1364 2260 1409 in
2294 1364 2416 1409 notis
2449 1361 2508 1408 ad
2542 1360 2737 1407 eandem

468 1436 796 1498 metaphrasim
814 1472 824 1491 ‚
857 1438 1163 1484 Bellarminus
1196 1439 1255 1486 de
1283 1440 1588 1502 scriptoribus
1623 1440 1964 1492 ecclesiasticis,
1991 1448 2038 1485 et
2070 1441 2282 1486 omnium
2306 1447 2570 1502 postremus
2599 1438 2740 1484 Dani-

469 1514 544 1560 hel
570 1515 786 1560 Heinsius
808 1515 855 1559 in
881 1515 1150 1562 Aristarcho
1184 1532 1317 1563 sacro
1342 1533 1444 1579 cap.
1481 1519 1556 1564 11.
1599 1515 1871 1562 Venerabile
1894 1515 2227 1578 antiquitatis,
2257 1517 2434 1577 inquit,
2462 1530 2742 1561 monumen-

469 1604 569 1637 tum
608 1591 828 1655 Gregorii
861 1592 1266 1662 neocaesariensis
1293 1594 1343 1639 in
1365 1594 1699 1641 Ecclesiastem
1726 1606 1865 1640 extat
1886 1593 2229 1658 paraphrasis,
2260 1608 2406 1656 qnam
2435 1609 2563 1638 nane
2585 1603 2742 1637 meta-

460 1667 680 1732 phrasim
725 1668 1005 1715 i..nscrzbunt
1044 1670 1202 1716 Malta
1240 1671 1311 1716 i'bt
1346 1683 1464 1717 terse
1505 1688 1564 1716 ae
1595 1671 1748 1735 polite
1788 1671 2126 1755 explicantur,
2164 1687 2312 1733 neque
2348 1669 2488 1716 allud
2525 1680 2628 1715 tam
2663 1667 2741 1717 zllt'

438 1803 442 1816 Ι
468 1761 611 1791 carae
632 1745 766 1808 suit,
798 1762 944 1808 quam
971 1746 1099 1833 qapd
1125 1747 1377 1813 propriam
1407 1760 1476 1793 est
1495 1748 1880 1811 paraphrastae,
1912 1760 1965 1794 ut
1993 1748 2042 1793 in
2067 1747 2243 1816 scripto
2266 1747 2596 1794 obscurissimo
2624 1762 2738 1792 con-

466 1822 744 1873 nexionem
780 1840 861 1869 sea
894 1837 977 1871 την
1014 1814 1385 1883 ἀλληλουχίαν
1421 1824 1792 1880 demonstraret,
1825 1826 1954 1889 quod
1980 1837 2024 1871 et
2046 1825 2266 1888 feli'eiter
2296 1825 2575 1888 plerumque
2602 1837 2733 1868 asse-

467 1913 603 1946 cacas
625 1913 709 1946 est.
748 1902 921 1963 Itaque
947 1901 1174 1963 inoffenso
1198 1902 1318 1965 pede
1346 1918 1434 1964 per
1460 1901 1822 1948 hellenistaram
1850 1918 2086 1954 remoras,
2115 1902 2244 1965 qaod
2269 1913 2429 1947 nostro
2454 1901 2526 1947 vel
2554 1916 2603 1945 ln
2627 1899 2735 1963 pri-

466 1978 557 2024 mis
594 1978 743 2030 deest,
783 1990 828 2023 et
863 1978 1198 2042 significanter
1228 1995 1399 2043 graece
1438 1996 1616 2043 aequor
1649 1979 1737 2026 lzoe
1770 1979 2006 2026 decurrit:
2039 1980 2111 2026 ita
2144 1991 2197 2024 ut
2233 1978 2469 2024 labentius
2501 1976 2734 2023 nonnulla

462 2056 850 2119 praetermittat,·
887 2045 1052 2120 ῥήσεις
1086 2056 1237 2108 enim,
1268 2057 1397 2119 qaod
1421 2074 1516 2102 nen
1541 2057 1713 2121 probo,
1744 2055 1962 2120 integrae
1990 2056 2349 2106 desiderantur,
2382 2071 2529 2118 qaam
2558 2067 2611 2100 ut
2637 2071 2733 2104 non

466 2145 728 2179 connectat.
769 2135 882 2179 Cam
911 2146 1070 2180 tamen
1104 2132 1228 2179 alibi
1255 2133 1501 2184 nonnihil,
1531 2134 1749 2196 quamvis
1779 2149 2013 2196 nusquam
2047 2145 2192 2179 extra
2226 2134 2351 2196 leges
2376 2132 2734 2197 paraphraseos

465 2209 672 2256 insistat.
712 2213 879 2256 Veram
915 2210 1191 2257 brevitatem
1217 2210 1364 2262 enim,
1396 2223 1449 2256 ut
1475 2210 1575 2256 iam
1603 2210 1738 2263 dixi,
1775 2210 1823 2256 in
1857 2210 1944 2257 hoe
1977 2223 2147 2274 genere
2170 2210 2411 2273 amabant·
2435 2221 2605 2256 veteres
2638 2219 2729 2258 etc.

465 2288 613 2333 Huius
638 2288 944 2349 metaphrasis
973 2297 1064 2334 tres
1091 2288 1306 2349 vulgatae
1333 2297 1440 2334 sunt
1468 2288 1636 2334 latinae
1664 2288 1907 2335 editiones.
1936 2290 2087 2334 Prima
2110 2287 2328 2334 Iohannis
2356 2287 2729 2349 Oecolampadii,

466 2375 567 2412 tum
595 2366 810 2411 monachi
844 2365 1106 2426 brigittam,
1137 2367 1258 2411 inter
1286 2366 1735 2428 'orthodoxographa
1768 2359 1972 2412 Basileae
2005 2381 2128 2411 anno
2158 2366 2297 2411 1555.
2330 2364 2538 2410 Secunda
2570 2364 2730 2413 Wolf-

465 2443 600 2502 gangi
633 2442 827 2487 Musculi
853 2429 958 2487 cum
993 2441 1283 2488 orationibus
1314 2444 1585 2489 Nazianzeni
1622 2459 1647 2489 a
1675 2442 1908 2488 Bilibaldo
1941 2439 2255 2503 Pyrkeymero
2288 2442 2450 2486 versis.
2486 2442 2637 2487 Tertia
2661 2442 2730 2487 Ia-

465 2518 588 2566 cobii
618 2520 764 2573 Billii,
798 2521 940 2566 sancti
971 2520 1205 2566 Michaelis
1236 2522 1282 2566 in
1316 2525 1473 2567 eremo
1507 2519 1713 2574 abbatis,
1744 2536 1863 2581 quae
1894 2521 2102 2566 Lutetiae
2137 2519 2312 2581 prodiit
2344 2533 2467 2564 anno
2502 2518 2651 2572 1583,
2671 2526 2732 2564 ¹et

464 2613 608 2659 quae,
637 2604 800 2658 utpote
835 2596 1021 2643 fidelior
1054 2605 1098 2643 et
1134 2597 1417 2659 elegantior,
1448 2614 1473 2643 a
1505 2598 1713 2644 Gerardo
1742 2599 1904 2644 Vossio
1940 2597 2137 2644 antelata
2174 2596 2364 2657 reliquis
2398 2604 2483 2642 est.

593 2676 861 2720 Orationem
889 2676 1071 2720 tertiam
1096 2677 1145 2720 in·
1169 2676 1588 2721 Annunciationem
1605 2710 1615 2727 ,
1644 2690 1763 2737 quae
1789 2675 1977 2736 incipit,
2014 2663 2171 2718 πάλιν
2206 2665 2375 2738 χαρᾶς
2414 2661 2698 2734 εὔαγΓέλια
2716 2704 2729 2724 ,

412 2758 420 2761 “
463 2749 551 2797 sub
586 2752 794 2813 Gregorii
828 2745 1146 2813 thaumaturgi
1174 2740 1390 2807 nomine,
1417 2753 1478 2798 ait
1505 2754 1715 2805 Vossius,
1743 2767 1792 2798 se
1823 2752 2052 2797 invenisse
2078 2759 2181 2812 post
2214 2750 2327 2796 alias
2354 2749 2469 2794 duas
2495 2748 2731 2795 orationes

463 2829 673 2876 eiusdem
698 2831 900 2876 auctoris
924 2829 982 2875 de
1004 2830 1169 2884 ‚eadem
1194 2830 1564 2875 Annunciatione
1588 2828 1751 2875 beatae
1771 2830 1941 2875 Mariae
1963 2829 2163 2890 Virginis
2188 2829 2236 2874 in
2256 2827 2576 2888 antiquissimo
2599 2840 2729 2887 grae-

455 2916 519 2955 'co
551 2908 791 2954 volumine
822 2922 908 2953 ms.
939 2906 1384 2969 Cryptoferratensis
1417 2905 1755 2965 bibliothecae3
1788 2907 2102 2968 affirmatque,
2136 2906 2173 2951 si
2203 2913 2417 2951 contenta
2451 2904 2526 2949 hic
2555 2903 2739 2949 exami-⁴

463 2994 654 3039 nentur,
690 2985 885 3031 eandem
919 3001 1024 3030 cum
1063 2984 1450 3046 praecedentibus
1483 2983 1773 3030 orationibus
1809 2983 2069 3029 doctrinam
2113 2981 2314 3034 referre,
2350 2981 2556 3042 phrasim
2590 2987 2729 3040 atque

464 3064 764 3115 sententiam,
806 3062 956 3123 elogia
996 3062 1133 3124 plane
1167 3061 1363 3115 similia,
1398 3069 1442 3107 et
1474 3077 1547 3108 res
1581 3061 1784 3107 easdem.
1824 3062 1944 3109 Hinc
1979 3075 2027 3105 se
2058 3060 2216 3105 mirari
2249 3059 2379 3104 illam
2412 3055 2498 3103 sub
2537 3055 2726 3102 nomine

459 3140 680 3185 'Iohannis
716 3139 1024 3200 chrysostomi
1059 3137 1345 3199 abAloysio
1379 3139 1637 3200 Lipomano
1670 3140 1718 3184 in
1745 3139 1849 3183 vitis
1883 3145 2149 3183 sanctorum
2184 3136 2445 3196 evulgatam
2480 3132 2643 3186 fuisse',
2673 3128 2726 3178 ac

464 3219 734 3278 praesertim
770 3232 874 3262 cum
909 3217 1147 3261 interiecta
1174 3216 1253 3261 illa
1277 3216 1610 3276 Chrysostomo
1639 3215 1829 3276 indigna
1860 3215 2132 3266 assertione,
2159 3228 2248 3274 qua
2278 3211 2462 3273 Iosephi
2487 3210 2726 3270 virginitas

463 3295 762 3354 impugnatur
799 3302 844 3339 et
874 3293 1073 3339 tollitur.
1113 3293 1351 3353 Quidquid
1384 3294 1442 3338 sit
1474 3292 1532 3338 de
1571 3293 1782 3338 doctrina
1814 3306 1932 3352 quae
1965 3290 2192 3336 catholica
2225 3297 2319 3341 est,
2347 3296 2392 3333 et
2427 3287 2526 3332 aliis
2557 3286 2726 3332 sanctis

463 3369 675 3416 Patribus
708 3371 847 3431 plane
881 3370 1165 3427 communis3
1191 3378 1236 3415 et
1272 3370 1331 3415 de
1357 3371 1608 3415 assertione
1639 3369 1742 3422 illa,
1770 3383 1911 3430 quam
1942 3367 2129 3414 Vossius
2154 3364 2392 3426 indignam
2425 3363 2552 3409 ducit
2575 3362 2724 3423 Chry-

438 3455 697 3499 ·sostomo‚
727 3457 771 3493 et
802 3464 940 3508 quam
967 3462 1069 3493 nos>
1088 3447 1199 3493 alias
1231 3448 1280 3492 in
1310 3456 1472 3492 nostro
1501 3438 1743 3492 vEustathio
1780 3444 2055 3492 antiocheno
2080 3443 2477 3505 impugnavimus‚
2505 3439 2722 3501 equidem

464 3523 593 3584 quod
630 3524 688 3568 de
722 3526 907 3585 phrasi,
945 3525 1107 3585 elogiis
1146 3533 1190 3571 et
1226 3526 1462 3570 sententiis
1498 3524 1664 3569 iisdem
1696 3523 1865 3576 tradit,
1902 3537 2057 3568 merae
2095 3528 2243 3581 nugae
2281 3527 2404 3565 sunt.
2440 3517 2619 3563 Rudior
2653 3525 2723 3563 est

463 3601 790 3660 Thaumaturgi
820 3602 866 3645 in
896 3602 1094 3648 dicendo
1126 3617 1347 3648 numerus
1380 3610 1518 3663 atque
1543 3602 1791 3655 austerior,
1822 3609 1868 3646 et
1895 3598 2170 3660 compositio
2200 3594 2510 3657 circumplexa
2542 3609 2594 3640 ac
2625 3594 2723 3640 fere

464 3676 639 3728 soluta,
670 3676 950 3736 metaphoris
974 3679 1256 3739 reliquisque
1280 3678 1441 3740 figuris
1468 3678 1683 3724 oratoriis
1709 3677 1861 3729 nuda,
1887 3675 2136 3722 sententiae
2162 3673 2438 3729 severioreS,
2467 3670 2723 3717 modestio-
2768 3726 2775 3732 ⁴

465 3770 562 3806 res,
594 3754 930 3799 meditatiores:
963 3763 1007 3800 at
1041 3757 1087 3799 in
1121 3756 1207 3801 hac
1242 3757 1473 3810 oratione,
1509 3755 1908 3817 quemadmodum
1940 3760 1984 3798 et
2017 3754 2064 3797 in
2100 3751 2288 3811 reliquis
2321 3747 2530 3799 duabus,
2558 3754 2720 3793 auctor
2748 3751 2752 3756 '

464 3831 606 3877 veluti
646 3830 801 3892 pullus
835 3830 1098 3878 subsultans
1134 3833 1293 3879 laxatis
1327 3833 1545 3888 habenis,
1573 3834 1800 3879 adscititio
1823 3838 1991 3878 ornatu
2023 3828 2218 3884 nobilis,
2245 3827 2450 3887 undique
2477 3840 2560 3888 per
2593 3838 2721 3870 cam-
