3132 4452
262 1174 338 1212 Cod.
358 1174 419 1204 vat.
439 1177 519 1204 2137.

562 281 656 331 585.

567 382 763 447 κότΘ-ι,
791 379 928 451 εὐχὴν
960 383 1310 455 συγχωρήσεως
1343 386 1451 449 θεῷ
1481 382 1662 437 ἀποδό-

568 481 634 510 τω
671 454 743 523 ’[9Ῡό
777 458 1103 528 ἔπταισμένων
1135 481 1219 529 μοι
1252 457 1410 512 ἕνεκα·
1437 459 1599 512 ’ἔπειτα
1630 461 1659 535 ὃ

566 535 650 587 καὶ
686 535 1005 611 εὔχαρις-ίαν,
1037 540 1157 589 ἀνθ’
1190 533 1248 588 ὧν
1285 537 1476 590 ἄνωθεν
1512 537 1661 591 sim-&e

567 609 780 685 φωτίζειν
810 609 918 664 ἀπὸ
952 612 1089 686 ὁρέων
1120 611 1343 677 αἰωνίων,
1376 613 1473 672 cfr&
1505 617 1661 687 νοερῶς

568 685 868 761 ἀξιωθέντας
902 689 1030 764 ὂρᾷν·
1064 691 1132 742 ὅτι
1170 688 1304 755 αὐτῷ
1341 689 1519 761 πρέπει
1552 698 1661 744 πᾶ-

569 787 635 818 σα
670 765 823 838 δόξα,
857 765 1002 836 τιμὴ,
1032 768 1074 836 19
1110 765 1426 837 προσκύνησις
1462 766 1530 835 τῷ
1564 790 1663 820 πα-

569 842 643 916 τρὶ
674 843 755 895 καὶ
787 843 855 911 τῷ
888 846 969 911 υἱῷ
1004 844 1089 895 καὶ
1117 844 1188 910 τῷ
1220 842 1347 912 ἁγίῳ
1382 844 1662 913 πνεύματι,

572 925 647 974 νῦν
676 918 758 972 καὶ
796 919 868 973 ἀεὶ
901 943 942 992 ’a
979 922 1036 977 εἷς
1072 918 1170 975 cg&
1204 921 1375 979 αἰῶνας
1410 921 1443 975 51⁶·
1475 919 1657 975 αἰώνων.

572 997 737 1067 ’Abarim
775 1032 777 1035 -

1119 297 1343 330 Tnssonom
1377 299 1633 331 ANDIDENSJS
1670 301 1990 334 commi-:riuulo
2024 304 2274 337 Lirenates.

1736 403 1824 450 pro
1849 389 1982 435 venia
2009 389 2299 451 impetranda
2317 393 2420 439 Deo
2441 393 2631 449 offerat,
2654 405 2836 444 errato·

1734 481 1840 511 rum
1867 480 2080 514 meorum
2107 482 2260 514 causa.
2291 469 2467 516 Deinde
2492 473 2633 518 etiam·
2661 474 2833 535 gratia-

1735 558 1841 588 rum
1867 544 2123 597 actionem,
2152 554 2403 608 propterea
2437 549 2581 608 quod
2600 550 2680 596 ille
2710 550 2830 597 solet

1734 634 1816 666 eos
1849 621 2116 667 illuminare
2150 637 2175 668 a
2212 621 2452 668 montibus
2488 628 2709 680 aeternis,
2746 628 2829 689 qui

1733 697 1862 759 digni
1904 696 2049 744 habiti
2091 698 2274 745 fuerint*
2293 698 2679 748 ‘intellectualiter
2713 719 2828 750 con-

1735 774 1969 836 templari.
1998 770 2114 838 Quia
2141 776 2293 837 ipsum
2321 775 2451 822 decet
2471 779 2624 824 omnis
2648 779 2826 840 gloria,

1734 851 1912 906 honor,
1933 861 1979 899 et
1997 852 2209 899 adoratio
2224 888 2238 906 ,
2258 855 2441 900 Patrem
2466 855 2639 901 scilicet
2654 890 2665 908 ‚
2688 866 2734 903 et
2751 858 2827 903 Fi-

1734 931 1849 977 lium
1866 966 1877 983 ,
1906 939 1951 977 et
1978 938 2191 976 sanctum
2214 931 2434 993 Spiritum
2449 966 2460 984 ‚
2486 948 2611 978 nunc
2635 941 2681 979 et
2705 948 2829 979 sem·

1731 1024 1818 1072 per
1851 1017 1896 1056 et
1931 1024 2017 1072 per
2049 1008 2232 1055 saecula
2266 1009 2575 1055 saeculorum.
2614 1011 2782 1056 Amen.

613 1168 701 1201 ΤΟΥ
726 1168 785 1201 EN
810 1168 966 1202 ΑΓΙΟΙΣ
994 1168 1173 1202 ΠΑΤΡΟΣ
1199 1168 1345 1203 ΗΜΩΝ
1362 1167 1606 1203 ΒΑΣΙΛΕΙΟΥ

795 1252 900 1301 λόγος
927 1253 1000 1301 περὶ
1028 1252 1273 1295 καταστάσεως
1301 1254 1419 1302 ιἐρέων.

630 1353 788 1402 Πρόσεχε
818 1352 975 1396 σεαυτόν,
997 1350 1021 1388 ὦ
1048 1351 1152 1401 ἱερεῦ,
1172 1353 1233 1389 καί
1259 1352 1365 1397 βλέπε
1393 1355 1452 1394 τήν
1473 1353 1658 1397 διακονίαν,

554 1411 594 1455 *riv
617 1413 833 1464 παρέλαβες,
855 1411 911 1449 im
931 1412 1180 1463 οἱναπληρῶσῃς
1201 1414 1305 1455 αῦτήν
1325 1415 1417 1464 μετ-α’
1436 1415 1544 1464 φόβου
1567 1414 1658 1452 θεοῦ·

555 1476 663 1517 βλέπε
679 1474 808 1512 λοιπόν·
826 1475 862 1511 οὖ
882 1475 949 1524 γάρ
964 1475 1112 1524 ἐπίγειον
1129 1476 1294 1513 διακονίαν
1312 1475 1548 1527 ε’νεχειρίσθης
1566 1477 1661 1514 ἄλλα

556 1538 724 1588 ου’ροίνιον,
745 1537 806 1574 οῦκ
831 1537 1036 1587 ἀνθρωπίνην
1062 1537 1140 1575 ἀλλ’
1167 1538 1365 1588 ἅγγελικτῖν·
1390 1540 1581 1577 σπούδασον
1605 1554 1661 1576 σε·
1691 1576 1695 1581 ,

556 1601 657 1636 αυτόν
678 1604 900 1647 παραστῆσαι
923 1600 1068 1649 ε’ργοίτην
1094 1600 1385 1650 ἀνεπαίσχυντον,
1405 1601 1661 1652 ὀρθοτομοῦντα

555 1663 611 1698 τὸν
635 1661 739 1710 λόγον
763 1664 824 1704 τῆς
849 1660 1030 1704 ἀληθείας·
1055 1662 1238 1711 πρόσεξον,
1260 1663 1310 1708 μή
1338 1666 1423 1712 στῇς
1449 1663 1499 1706 εἷς
1525 1663 1660 1708 σόναξιν

554 1723 640 1771 ἔχων
666 1722 796 1771 ἔχθραν
816 1723 906 1772 μετοί
930 1737 1035 1767 τινος,
1063 1722 1119 1759 ἵνα
1140 1724 1190 1772 μή
1218 1725 1436 1774 φυγαδευόῃς
1467 1727 1522 1762 το“ν
1551 1725 1662 1774 παροί-

554 1790 686 1824 κλητον·
711 1785 824 1835 ἡμέρα
849 1786 1015 1830 συνάξεως
1042 1787 1091 1834 μή
1119 1786 1275 1833 δικάζου,
1300 1788 1388 1835 μηδὲ
1415 1786 1594 1837 φιλονείκει
1622 1788 1659 1823 τὸ

554 1846 727 1892 καθόλου,
750 1849 844 1884 ἄλλα
874 1847 1099 1897 κρυπτόμενος
1134 1848 1263 1898 εὔχου,
1290 1849 1521 1897 ἀναγινώσκων
1553 1850 1659 1898 μέχρι

554 1913 616 1952 τῆς
647 1910 774 1953 ταύτης
805 1909 901 1960 ὥρας·
929 1911 987 1946 καὶ
1015 1909 1118 1952 οὕτως
1144 1911 1309 1961 παράστα
1340 1910 1374 1948 ἔν
1402 1911 1582 1956 κατανόξει
1617 1915 1661 1958 τῷ

553 1971 637 2019 ἁγίῳ
664 1971 907 2022 θυσιαστηρίῳ·
930 1973 1018 2021 μηδὲ
1046 1972 1331 2022 περιβλεπόμενος
1354 1971 1414 2009 ὦδε
1440 1973 1590 2019 κᾴκεῖσε·
1610 1974 1661 2022 μη“

554 2035 586 2070 ἐν
614 2037 747 2083 σπουδῇ
771 2034 833 2076 τοὶς
867 2034 976 2083 εὐχάς
1010 2035 1215 2082 συντέμνοις·
1242 2035 1335 2071 οἷλλοὶ
1366 2038 1586 2084 παρακαλῶν,
1611 2039 1662 2085 μή

553 2095 710 2145 λα’μβανε
731 2090 905 2145 πρόσωπον
932 2098 1037 2140 τινός,
1058 2097 1138 2133 ἀλλ’
1161 2098 1226 2148 ὅρα
1245 2098 1301 2134 τάν
1322 2098 1538 2148 προκείμενον
1560 2098 1661 2143 βασι-

554 2157 635 2202 λέα,
652 2159 709 2194 καὶ
731 2159 793 2200 τοὶς
814 2159 1040 2208 παρεστώσας
1059 2159 1214 2207 δυνάμεις
1232 2159 1412 2196 κόκλωθεν·
1429 2161 1489 2197 καὶ
1510 2161 1560 2210 μή
1580 2161 1661 2198 ὑπο-

555 2220 682 2269 κρίνου,
703 2221 794 2269 μηδὲ
816 2221 1001 2271 μεταδίδῃς
1027 2222 1065 2258 τό
1093 2221 1186 2259 θεῖον
1210 2225 1310 2271 σῶμα
1335 2222 1419 2259 ὅπου
1441 2224 1479 2259 οὐ
1501 2223 1583 2273 χρή·
1605 2238 1662 2260 σε-

554 2283 656 2318 αυτὸν
683 2282 778 2326 ἄξιον
804 2281 946 2322 ποίησον
973 2285 1033 2319 τῶν
1060 2283 1152 2333 ἱερῶν
1179 2286 1337 2327 κανόνων,
1363 2285 1422 2320 καί
1448 2285 1662 2333 συλλειτοόρ-

554 2358 606 2391 γει
629 2344 670 2385 ὥς
690 2345 724 2379 οἱ
745 2344 878 2386 κανόνες
902 2343 1191 2398 οἱπόθενταιᾈὸρα
1212 2342 1269 2380 οὖν
1291 2348 1360 2386 πῶς
1382 2346 1596 2394 ποίριστασαι
1619 2349 1663 2395 τῇ

553 2403 641 2452 οἱγιά
667 2404 841 2454 τραπέζῃ,
863 2406 920 2441 καὶ
943 2409 1011 2447 πῶς
1035 2406 1240 2454 ἱερουργεῒς,
1260 2407 1318 2442 καὶ
1345 2404 1432 2448 τίνος
1457 2407 1660 2456 μεταδίδῃς,

554 2468 611 2502 και1
639 2469 707 2508 πῶς
734 2467 992 2508 καταστέλλεις·
1013 2467 1075 2515 ὅρα
1095 2466 1169 2511 οὖν,
1189 2468 1238 2515 μή
1259 2466 1433 2516 ε’πιλοίθῃς
1454 2468 1516 2509 τοὶς
1539 2471 1660 2505 δεσπο-

555 2530 650 2571 τικας
677 2528 834 2573 ε’ντολοὶς,
856 2531 914 2565 καί
939 2532 999 2566 τῶν
1020 2530 1122 2578 ἁγίων
1144 2530 1252 2566 αὐτοῦ
1275 2529 1441 2579 μαθητῶν
1464 2531 1526 2572 τοὶς
1551 2544 1662 2580 παρα-

556 2592 676 2633 δόσεις·
702 2592 791 2639 φησί
815 2592 892 2641 γάρ·
917 2593 966 2640 μή
994 2593 1069 2627 δότε
1095 2594 1140 2627 τοὶ
1164 2592 1250 2640 ἅγια
1276 2595 1348 2634 τοῖς
1378 2593 1476 2637 κυσὶ,
1501 2594 1590 2640 μηδὲ
1614 2593 1662 2642 ῥί-

555 2668 657 2690 πτετε
683 2654 762 2695 τούς
787 2653 1005 2703 μαργαρίτας
1032 2668 1098 2703 μου
1133 2653 1328 2702 ἔμπροσθεν
1355 2644 1415 2691 των
1440 2654 1574 2704 χοίρων·
1599 2654 1660 2705 ὅρα

556 2715 612 2753 οὖν
639 2717 697 2752 καί
725 2717 788 2760 συ“,
809 2718 859 2765 μή
887 2716 979 2766 φόβῳ
1005 2716 1171 2766 ὖπαχθῇς
1192 2716 1400 2767 οἷνθρωπίνῳ,
1422 2719 1479 2754 καὶ
1506 2718 1662 2768 παραδοί-

555 2794 619 2828 σῃς
645 2780 798 2816 τὸν-υἴόν
825 2782 884 2815 τοῦ
908 2779 991 2815 θεοῦ
1017 2779 1066 2822 εἷς
1087 2783 1214 2830 χεῖρας
1240 2779 1391 2824 ἀναξίων·
1417 2781 1511 2816 ἄλλα
1534 2782 1583 2828 μή
1611 2780 1661 2816 ε’ν-

554 2845 684 2890 τράπῇς
710 2843 786 2878 τινοὶ
806 2845 866 2877 τῶν
887 2841 1021 2887 ἐνδόξων
1047 2845 1107 2884 τῆς
1133 2845 1218 2891 γῆς,
1239 2842 1334 2878 ἀλλὰ
1358 2844 1445 2891 μηδὲ
1468 2843 1577 2879 αὐτῶν
1598 2845 1660 2879 τῶν

553 2905 593 2941 ro*
619 2904 770 2951 διάδημα
796 2905 976 2952 φορούντων
1002 2903 1159 2952 πτοηθῇς
1181 2904 1213 2940 ἐν
1236 2907 1278 2953 τῇ
1302 2903 1370 2952 ὥρα
1397 2904 1504 2953 ἐκείνῃ
1531 2904 1586 2941 ὅτε
1614 2906 1660 2941 ἱε-

554 2966 772 3015 ρουργήσαις·
790 2967 898 3011 βλέπε
921 2968 998 3008 τούς
1017 2966 1242 3014 βουλομένους
1260 2968 1304 3001 τοὶ
1324 2969 1412 3016 δῶρα
1431 2966 1660 3015 μεταλαμβά-

554 3044 616 3064 νειν
644 3029 676 3064 ἐν
703 3032 775 3071 τοῖς
799 3029 914 3071 οἴκοις·
937 3030 980 3065 σύ
1002 3028 1102 3075 ὄψει,
1123 3028 1175 3064 ὅτι
1201 3029 1260 3065 καί
1286 3029 1351 3065 ὑπὸ
1372 3031 1533 3076 γυναικῶν
1556 3029 1660 3079 χαρί-

554 3090 687 3139 ζονται,
707 3093 801 3128 ἀλλά
826 3093 883 3128 κοιιΙ
910 3090 1061 3135 ἀναξίων·
1087 3090 1149 3138 ὅρα
1173 3089 1246 3134 οὖν,
1268 3090 1310 3132 ὥς
1331 3090 1364 3126 οἱ
1390 3089 1479 3126 θεῖοι
1506 3091 1657 3134 κανόνες,

554 3154 611 3189 καὶ
645 3154 682 3189 αἱ
715 3154 844 3190 σύνοδοι
879 3156 938 3188 τῶν
973 3153 1074 3201 οἱγίων
1108 3152 1255 3200 πατέρων
1288 3151 1523 3202 ἔπεκιίρωσαν,
1556 3152 1658 3194 οὕτως

554 3217 700 3264 πρᾶττε,
721 3217 778 3252 καί
800 3217 849 3265 μη“
875 3215 1058 3265 μεταδίδῃς
1082 3215 1231 3260 ἀναξίοις
1252 3214 1275 3254 ἢ
1295 3217 1450 3258 λαΐκοῖς,
1471 3215 1566 3264 παροὶ
1587 3214 1659 3250 ἔπι-

556 3277 706 3326 στρέψαι
732 3278 856 3319 αῦτούς
884 3280 928 3327 τῇ
951 3277 1118 3327 ὄρθοδόξῃ
1145 3277 1266 3313 πίστει·
1290 3276 1365 3312 ουάὶ
1395 3278 1428 3312 δὲ
1456 3279 1528 3318 τοῖς
1553 3291 1660 3324 μετα-

555 3342 699 3375 διδοῦσιν
725 3339 854 3382 αὐτοῖς·
876 3339 939 3388 ὅρα
960 3338 1015 3375 οὖν
1040 3340 1088 3387 μή
1108 3339 1209 3388 μιίΐαι
1231 3338 1407 3387 ἐμπέσωσι
1429 3337 1479 3379 εἷς
1500 3338 1538 3374 ‘ro‘
1558 3337 1656 3385 οἷγιον

555 3401 728 3449 ποτήριον,
744 3400 767 3442 ἦ
789 3401 828 3446 ἐξ
847 3401 1012 3450 ἀμελείας
1035 3415 1096 3437 σου
1118 3399 1277 3446 νοτισθῇ,
1297 3398 1321 3439 ἢ
1341 3399 1542 3448 μοχλιάσῃ,
1558 3398 1581 3439 ἢ
1602 3412 1658 3434 κο-

555 3461 719 3511 νοπισθῇ,
743 3463 767 3503 ἢ
793 3462 999 3512 ἐγχειρισθῇ
1025 3464 1088 3499 tin-o*
1122 3463 1305 3511 αἱρετικῶν·
1331 3461 1424 3497 οἷλλοὶ
1453 3461 1559 3504 βλέπε
1589 3464 1657 3503 πῶς

556 3525 819 3570 καταστέλλεις,
838 3527 928 3573 μετ-οὶ
953 3527 1013 3566 τήν
1039 3526 1281 3574 συμπλήρωσιν
1303 3527 1363 3566 τῆς
1389 3523 1487 3566 θείας
1509 3529 1659 3573 λειτουρ-

554 3585 652 3633 γίας,
671 3587 720 3634 μή
744 3587 889 3623 σπεύδων
909 3586 1106 3636 μαργαρίτη
1127 3587 1309 3635 ἀποπέσῃ,
1326 3585 1349 3626 ἢ
1370 3585 1535 3634 οἶπομείνῃ
1558 3585 1591 3621 ἐν
1612 3590 1657 3631 τῷ

556 3648 711 3697 ποτηρίῳ·
733 3647 755 3687 ἢ
775 3648 855 3696 ἔχον
880 3652 972 3696 νοῖμα
993 3650 1032 3685 τό
1055 3648 1152 3697 ἅγιον
1174 3648 1350 3697 ποτήριον,
1371 3649 1431 3683 καί
1458 3645 1657 3696 κονοπισθῇ·

555 3709 649 3745 ἄλλα
671 3709 851 3758 ᾀμφότερα
876 3710 1125 3755 καταστείλας,
1150 3710 1292 3758 πόρευου
1320 3708 1352 3744 ἒν
1380 3709 1504 3758 εἶρνίνῃ·
1531 3708 1656 3748 ταώ-ην

557 3772 616 3811 τήν
649 3771 834 3820 παροίδοσιν
867 3770 924 3806 εὀὲν
958 3772 1132 3820 φυλάξῃς,
1157 3771 1180 3808 ὦ
1216 3772 1323 3820 ιἐρεῦ,
1350 3771 1466 3819 σώσῃς
1497 3771 1656 3814 σεαυτόν,

558 3826 616 3869 καὶ
644 3827 864 3882 οὖς’μέλλεις
893 3833 1069 3884 διδάσκειν·
1096 3834 1282 3883 εὐχόμενος
1308 3834 1365 3870 καὶ
1387 3833 1471 3881 ὑπὲρ
1493 3832 1579 3881 ἐμοῦ
1598 3836 1658 3868 τοῦ

558 3895 703 3937 ταλανος
739 3895 821 3942 πρὸς
858 3896 976 3942 κόριον·
1007 3892 1031 3930 ὦ
1061 3895 1179 3942 πρέπει
1216 3895 1298 3939 δόξα
1335 3893 1383 3936 εἷς
1416 3895 1494 3936 τούς-
1525 3892 1656 3935 αι’ὦνας.

558 3956 674 4004 Ἀμήν.

1812 1162 2016 1201 εΑΝοΤι
2054 1162 2260 1198 PATRIS
2291 1144 2503 1198 Nosrm
2537 1162 2748 1201 BAleu

1894 1267 2016 1295 sermo
2041 1256 2090 1294 cb
2114 1254 2346 1294 sacerdotum
2373 1255 2670 1294 instructionem.

1800 1339 1960 1378 Attende
1975 1340 2043 1377 tibi
2054 1368 2063 1385 ,
2078 1351 2101 1377 o
2117 1339 2288 1377 sacerdos
2299 1367 2309 1384 ‚
2323 1345 2360 1377 et
2372 1339 2454 1377 vido
2470 1340 2716 1378 ministerium
2733 1340 2834 1389 quod

1730 1401 1924 1449 accepisti,
1940 1406 1983 1438 ut
2000 1401 2119 1448 ipsum
2138 1411 2225 1437 cum
2242 1401 2308 1437 Dei
2325 1401 2458 1438 timore
2473 1412 2651 1438 exerceas.
2666 1400 2834 1447 Videsis,

1730 1472 1806 1498 non
1831 1461 1930 1498 enim
1957 1465 2129 1497 terrestre
2149 1460 2218 1497 tibi
2244 1460 2482 1497 commissum
2505 1466 2561 1498 est
2584 1460 2833 1498 ministerium

1730 1520 1796 1558 sed
1811 1521 1987 1564 caeleste,
2003 1531 2078 1557 non
2097 1520 2303 1557 humanum
2322 1519 2386 1557 sed
2404 1520 2626 1568 angelicum.
2647 1519 2761 1558 Stude
2778 1526 2832 1557 te-

1733 1587 1807 1618 met
1836 1580 2007 1617 exhibere
2036 1580 2244 1627 operarium
2278 1579 2665 1627 irreprehensibilem,
2694 1585 2833 1617 rectam

1729 1640 1892 1678 veritatis
1917 1639 2125 1677 doctrinam
2151 1637 2373 1676 tradentem.
2402 1640 2495 1676 Cave
2518 1651 2566 1676 ne
2591 1639 2638 1676 ad
2663 1641 2830 1688 synaxim

1731 1702 1931 1745 consistas,
1957 1698 2096 1736 habeus
2114 1709 2199 1736 cum
2226 1698 2352 1747 aliquo
2375 1696 2633 1745 inimicitiam,
2650 1710 2697 1737 ne
2720 1700 2833 1737 Para-

1731 1759 1840 1797 clitus
1859 1770 1880 1796 a
1898 1765 1934 1796 te
1959 1759 2090 1808 fugiat.
2118 1760 2188 1796 Die
2213 1769 2391 1808 synaxeos
2407 1770 2453 1796 ne
2471 1770 2696 1807 quemquam
2716 1759 2755 1796 in
2774 1760 2833 1796 iu·

1731 1818 1871 1856 dicium
1897 1829 2021 1863 voces,
2048 1829 2168 1866 neque
2192 1818 2346 1855 omnino
2373 1817 2594 1863 contendas,
2615 1817 2681 1855 sed
2703 1818 2745 1855 in
2769 1817 2833 1856 ab·

1731 1877 1809 1915 dito
1835 1889 1898 1916 ora
1912 1905 1922 1923 ,
1943 1877 2093 1914 lectioni
2120 1888 2253 1915 vacans
2273 1887 2390 1925 usque
2415 1875 2467 1919 ad,
2487 1877 2584 1914 hanc
2605 1877 2753 1922 horam3
2774 1882 2832 1914 at-

1731 1949 1803 1985 que
1828 1937 1879 1975 ita
1903 1942 2150 1985 compunctus
2175 1935 2222 1974 ad
2247 1941 2418 1974 sanctum
2444 1936 2559 1974 altare
2587 1936 2732 1974 accede.
2757 1938 2832 1974 Ne-

1731 2009 1802 2044 que
1821 1997 1890 2035 hac
1911 1997 1998 2035 illac
2017 1997 2298 2045 circumspectes
2311 2024 2321 2042 ,
2340 2007 2460 2045 neque
2478 2007 2604 2049 preces
2620 1995 2833 2034 festinando

1731 2056 1924 2102 decurtes3
1950 2067 2019 2094 nec
2042 2055 2133 2094 dum
2163 2067 2268 2101 oras,
2295 2055 2494 2093 cuiuslibet
2520 2056 2683 2093 hominis
2706 2067 2833 2104 respe-
2869 2079 2872 2082 -

1731 2122 1832 2154 ctum
1861 2116 2016 2162 habeas,
2042 2114 2108 2153 sed
2132 2120 2362 2163 praesentem
2386 2121 2508 2163 specta
2534 2125 2679 2163 regem,
2700 2120 2737 2152 et
2761 2115 2838 2153 ciri

1732 2181 1961 2214 cumstantes
1985 2175 2151 2223 angelos.
2178 2177 2253 2227 Nec
2281 2175 2479 2223 quicquam
2508 2174 2684 2219 simules;
2710 2185 2830 2222 neque

1731 2235 1899 2273 divinum
1924 2246 2081 2283 corpus,
2106 2246 2191 2272 eum
2217 2230 2294 2272 'non
2319 2240 2480 2283 oportet,
2502 2234 2716 2280 distribuas.
2741 2234 2832 2282 Dig-

1730 2307 1822 2333 num
1840 2300 1877 2332 te
1895 2295 1999 2333 effice
2018 2295 2133 2332 sacris
2155 2294 2382 2341 canonibus,
2400 2300 2436 2331 et
2454 2283 2638 2343 quomodo
2664 2294 2703 2331 hi
2728 2305 2830 2342 prae·

1731 2355 1897 2401 cipiunt,
1918 2355 1972 2391 sic
1989 2354 2178 2401 liturgiam
2196 2364 2332 2392 exerce.
2360 2353 2559 2391 Considera
2585 2353 2719 2400 igitur,
2739 2363 2830 2401 quo-

1731 2413 1842 2450 modo
1867 2413 1914 2451 ad
1930 2418 2095 2451 sanctam
2121 2423 2286 2450 mensam
2305 2413 2450 2458 venias,
2470 2412 2656 2460 quomodo
2676 2423 2755 2450 rem
2773 2422 2832 2449 sa-

1730 2483 1831 2509 cram
1857 2472 2039 2520 opereriS,
2058 2477 2095 2508 et
2118 2470 2211 2519 quid
2234 2470 2455 2516 distribuas,
2476 2476 2513 2509 et
2535 2470 2721 2523 quomodo
2745 2471 2831 2508 reti-

1730 2542 1832 2568 neas.
1860 2532 1954 2568 Cave
1977 2531 2122 2579 itaque,
2143 2541 2190 2567 ne
2214 2530 2400 2567 dominica
2423 2536 2613 2578 praecepta
2639 2528 2830 2568 oblivisca-

1731 2590 1801 2634 ris,
1817 2595 1853 2627 et
1870 2589 2139 2637 discipulorum
2158 2589 2242 2627 eius-
2255 2588 2488 2641 traditiones.
2507 2590 2608 2627 Dicit
2624 2590 2745 2627 enim:
2759 2600 2828 2626 no·-

1730 2650 1796 2687 lite
1827 2648 1916 2693 dare
1946 2654 2074 2686 sancta
2107 2648 2285 2694 canibus,
2317 2659 2386 2686 nec
2415 2649 2582 2697 proiicite
2613 2649 2830 2698 margaritas

1731 2721 1832 2747 meas
1845 2714 1933 2747 ante
1946 2720 2088 2758 porcos.
2102 2708 2248 2747 Videsis
2262 2720 2350 2756 ergo
2364 2715 2402 2747 et
2415 2715 2455 2747 tu
2465 2738 2475 2755 ‚
2490 2720 2537 2747 ne
2551 2710 2714 2755 humano
2728 2715 2828 2748 metu

1730 2768 1926 2807 abducaris
1937 2796 1949 2813 ,
1962 2775 2000 2807 et
2015 2769 2083 2806 Dei
2100 2768 2221 2806 filium
2239 2768 2479 2816 indignorum
2496 2769 2668 2808 manibus
2684 2769 2825 2807 tradas:

1729 2827 1795 2866 sed
1810 2829 2007 2866 >neminem
2033 2839 2075 2866 ex
2100 2834 2218 2866 terrae
2241 2828 2455 2876 proceribus
2479 2829 2694 2873 reverearis,
2720 2834 2758 2867 et
2781 2839 2829 2866 ne

1730 2885 1899 2924 diadema
1924 2883 2076 2935 quidem
2103 2891 2288 2933 gestantes
2311 2897 2525 2935 expavescas
2549 2887 2639 2925 hora
2664 2887 2729 2925 illa
2753 2898 2827 2936 qua

1728 2947 1919 2996 liturgiam
1939 2948 2095 2995 peragis.
2117 2947 2277 2985 Observa
2296 2958 2357 2985 eos
2373 2947 2437 2996 qui
2457 2947 2585 2985 volunt
2605 2944 2708 2986 saera
2729 2947 2828 2987 dona

1728 3007 1767 3044 in
1785 3008 1863 3045 suis
1881 3007 2034 3045 aedibus
2049 3007 2286 3055 participare:
2302 3013 2343 3044 tu
2357 3006 2496 3044 videbis
2513 3008 2700 3046 ministros
2715 3009 2827 3045 etiam

1729 3078 1748 3104 a
1774 3066 1923 3104 feminis
1951 3067 2160 3112 munerari,
2185 3073 2223 3104 et
2252 3066 2400 3115 quidem
2429 3068 2540 3104 etiam
2569 3066 2616 3104 ab
2646 3066 2824 3115 indignis.

1731 3125 1872 3163 Videsis
1890 3126 2016 3174 itaque
2033 3124 2219 3174 quomodo
2237 3126 2332 3162 sacri
2352 3136 2512 3164 canones
2529 3137 2570 3163 ac
2589 3125 2722 3175 synodi
2739 3118 2825 3163 sanss
2862 3141 2882 3153 .-

1729 3190 1874 3222 ctorum
1892 3190 2040 3233 patrum
2059 3183 2307 3230 decreverint,
2327 3189 2436 3232 atque
2455 3185 2506 3221 ita
2530 3190 2564 3222 te
2583 3180 2827 3233 geresneque

1728 3244 1930 3282 distribuas
1953 3243 2120 3291 indignis
2148 3244 2223 3280 sive
2247 3243 2353 3281 laicis
2377 3245 2452 3281 sive
2479 3243 2642 3289 clericiS,
2668 3243 2716 3281 ob
2740 3254 2828 3281 eum
2851 3286 2855 3290 .

1728 3304 1840 3341 finem
1865 3309 1907 3340 ut
1931 3302 1977 3339 ad
2002 3301 2243 3339 orthodoxam
2263 3301 2375 3340 fidem
2401 3302 2499 3350 ipsos
2521 3307 2724 3340 convertas.
2750 3303 2827 3339 Vae

1727 3363 1823 3409 illis,
1842 3362 1906 3411 qui
1929 3362 2062 3399 talibus
2079 3360 2252 3399 tradunt!
2273 3362 2367 3399 Cave
2384 3361 2536 3409 insuper
2555 3373 2602 3399 ne
2621 3371 2768 3399 muscae
2785 3360 2825 3397 in

1728 3428 1897 3460 sanctum
1924 3421 2076 3459 calicem
2101 3420 2293 3467 decidant,
2313 3426 2379 3458 aut
2402 3421 2463 3458 hic
2489 3421 2739 3466 humectetur,
2758 3423 2825 3456 aut

1727 3481 1793 3518 fiat
1816 3481 2011 3527 mucidus,
2031 3485 2096 3518 aut
2121 3479 2269 3528 pulvere
2293 3479 2523 3526 sordidetur,
2543 3486 2608 3517 aut
2625 3477 2823 3517 haeretieo-

1727 3551 1811 3577 rum
1826 3551 1937 3577 manu
1954 3544 2216 3577 contrectetur.
2232 3538 2325 3576 Vide
2342 3540 2453 3577 etiam
2469 3537 2655 3587 quomodo
2670 3547 2824 3584 reponas

1729 3604 1812 3646 post
1830 3598 2036 3637 absolutam
2054 3599 2244 3647 liturgiam
2256 3627 2266 3644 ,
2286 3609 2334 3636 ne
2352 3603 2387 3635 te
2410 3597 2607 3635 festinante
2626 3595 2823 3642 margarita

1728 3657 1895 3702 decidat,
1916 3663 1981 3695 aut
2003 3658 2044 3694 in
2069 3657 2185 3694 calice
2208 3661 2415 3702 remaneat,
2433 3656 2490 3693 vel
2515 3653 2652 3691 habens
2677 3653 2823 3691 laticem

1728 3722 1878 3755 sanctus
1903 3717 1997 3755 calix
2021 3717 2169 3765 pulvere
2187 3717 2418 3765 inquinetur.
2445 3714 2516 3752 Sed
2534 3719 2692 3762 utraque
2711 3724 2750 3751 re
2769 3723 2823 3750 re-

1729 3782 1785 3814 cte
1804 3777 2025 3825 composita,
2045 3777 2107 3815 abi
2130 3777 2171 3814 in
2196 3787 2296 3824 pace.
2324 3778 2430 3813 Hanc
2448 3773 2683 3811 traditionem
2702 3773 2733 3811 si
2755 3772 2822 3810 ob-

1728 3837 1948 3883 servaveris,
1974 3848 1997 3874 o
2020 3836 2190 3874 sacerdos
2205 3865 2215 3882 ,
2240 3833 2397 3873 salvabis
2421 3839 2456 3871 te
2484 3838 2594 3881 atque
2619 3833 2704 3870 illos
2729 3842 2823 3880 quos

1728 3895 1904 3933 docturus
1929 3906 1988 3941 es;
2008 3906 2117 3933 orans
2136 3896 2247 3933 etiam
2261 3906 2338 3943 (pro
2364 3903 2422 3930 me
2443 3893 2575 3931 misero
2594 3892 2820 3941 Dominum,

1729 3955 1789 3992 cui
1813 3954 1969 3992 debetur
1993 3954 2109 4002 gloria
2134 3965 2199 4002 per
2221 3952 2379 3991 saecula.
2406 3954 2539 3991 Amen.
