2970 4420
446 220 534 266 136
1399 234 1552 265 morus
1585 234 1763 265 ALLA‘ru

444 317 623 368 habent
653 316 955 364 Theodorum
986 328 1094 381 post
1126 317 1452 366 antiochenum
1481 318 1616 363 illum
1645 319 1848 380 lapsum.
1886 318 1975 365 Sed
2001 328 2100 367 esto
2125 320 2266 368 suerit
2293 322 2436 375 alius,
2466 323 2595 369 cuius
2625 338 2718 370 no·-

445 411 551 441 men
587 410 612 440 a
645 393 818 441 tabulis
851 395 945 442 illis
977 395 1291 442 ecclesiasticis
1325 394 1570 448 exciderit,
1597 395 1636 440 is
1670 410 1784 441 vero
1817 395 1956 441 etiam
1985 398 2063 442 vix
2094 399 2182 444 erit
2217 400 2371 445 statim
2403 415 2427 444 a
2461 399 2624 461 lapso,
2650 400 2712 446 ita

381 498 386 501 >
445 481 498 518 ut
535 472 658 517 inter
697 486 777 517 eos
818 472 977 518 nullus
1016 472 1328 518 intercesserit
1369 470 1486 516 alius
1526 470 1744 517 ecclesiae
1783 481 2136 534 mopsuestenae
2179 475 2398 537 praesul,
2436 485 2480 521 et
2522 475 2581 521 de
2622 475 2718 522 hoc

444 542 747 611 Theophanes
775 549 1027 610 intelligat;
1056 565 1113 594 ne
1139 550 1226 594 hac
1244 547 1445 609 'quidem
1476 548 1657 594 ratione
1692 547 1830 594 stabit
1862 548 1989 595 illius
2014 553 2256 599 sententia.
2294 555 2409 599 Nam
2440 546 2716 615 Chryso'sto-

447 641 550 672 mus
583 626 633 671 in
667 625 807 672 exilio
840 627 1041 672 moritur
1074 626 1212 670 etiam
1250 632 1349 670 tum
1385 625 1632 686 superstite
1667 624 1915 672 Theodoro
1951 627 2227 685 antiocheno
2259 629 2422 690 lapso,
2459 630 2540 691 qui
2575 629 2717 691 longe

447 711 554 765 post
586 702 673 748 sub
696 702 958 750 Theodosio
983 702 1191 755 iuniore,
1218 709 1378 747 exacto
1405 701 1622 747 ecclesiae
1654 702 1946 764 praesulatus
1976 713 2104 750 sexto
2137 713 2274 766 atque
2303 707 2541 768 trigesimo
2566 721 2713 758 anno,

449 796 585 826 suum
621 779 745 825 diem
785 779 931 831 obiit,
969 786 1021 823 ut
1050 779 1215 839 quinto
1249 773 1416 823 histor.
1451 777 1578 823 libro
1610 787 1820 825 extremo
1853 789 2014 840 narrat
2047 781 2381 836 Theodoretus.
2419 785 2570 841 Immo
2605 797 2719 828 vero

450 872 602 918 neque
636 856 749 902 haec
781 854 1001 917 epistola,
1039 855 1146 915 quia
1178 855 1498 916 Chrysostomi
1535 863 1631 909 est,
1663 864 1709 901 et
1747 855 1807 902 ad
1839 856 2139 904 Theodorum
2174 868 2552 921 mopsuestenum
2585 859 2716 911 data,

453 933 631 995 aliquid
666 932 907 994 suffragari
948 940 1101 994 potest
1135 931 1398 978 fautoribus
1436 932 1587 985 illius,
1624 932 1754 994 quod
1785 934 2065 980 Iustinianus
2104 928 2269 980 timent
2302 951 2355 982 ac
2393 935 2717 998 Theophanes.

453 1013 569 1058 Nam
595 1019 647 1058 ut
670 1019 846 1073 patres,
873 1011 955 1070 qui
983 1008 1046 1055 ob
1076 1024 1261 1055 causam
1284 1010 1427 1055 trium
1452 999 1766 1071 capitulorum
1795 1010 2198 1073 Constantinopoli
2222 1021 2557 1065 convenerant,
2584 1020 2723 1074 atque

455 1089 594 1140 alios,
621 1088 767 1134 latere
791 1087 944 1148 potuit
977 1087 1190 1148 impietas
1218 1086 1476 1141 Theodori,
1505 1088 1569 1132 sic
1594 1086 1848 1148 aliquando
1883 1088 2267 1150 Chrysostomum
2296 1088 2723 1136 honorificentiori-

454 1165 544 1212 bus
575 1163 732 1210 verbis
767 1163 826 1208 de
860 1162 944 1208 illo
978 1162 1275 1209 scribentem.
1314 1163 1446 1209 Certe
1480 1163 1618 1210 latuit
1647 1179 1855 1211 summos
1889 1165 1989 1211 eius
2024 1166 2309 1227 tempestatis
2341 1166 2387 1212 in
2421 1167 2602 1227 oriente
2636 1165 2725 1211 do-

457 1251 608 1288 ctores
642 1250 687 1287 et
710 1240 1008 1286 ecclesiarum
1030 1240 1276 1294 antistiteS‚
1306 1241 1572 1287 Nectarium
1596 1242 2182 1304 constantinopolitanum,
2210 1242 2516 1305 Theophilum
2541 1243 2727 1289 alexan-

458 1320 670 1371 drinum,
699 1318 971 1364 Flavianum
1007 1318 1361 1377 antiochenum,
1390 1319 1665 1381 Gregorium
1698 1335 1978 1381 nyssenum,
2005 1319 2387 1383 Amphilochium
2419 1321 2587 1373 Iconii,
2625 1317 2728 1366 Pal·-

457 1395 636 1441 ladium
660 1395 1018 1449 caesariensem,
1047 1403 1092 1440 et
1126 1394 1244 1441 alios
1267 1394 1547 1457 quibuscum
1569 1396 1843 1442 Theodorus
1878 1397 2114 1456 consedit,
2143 1413 2194 1443 ac
2228 1398 2502 1443 sententiam
2531 1397 2647 1443 dixit
2678 1397 2728 1442 in

461 1471 966 1542 constantinopolitano
1001 1470 1237 1518 celebrato
1271 1472 1633 1534 imperatoribus
1666 1473 1867 1520 Arcadio
1900 1475 2111 1530 tertium,
2150 1482 2198 1539 et*
2229 1475 2441 1521 Honorio
2475 1473 2729 1538 secundum

462 1548 767 1606 consulibus„
788 1548 961 1595 scilicet
995 1548 1139 1611 paulo
1164 1556 1270 1595 ante
1303 1564 1445 1611 quam
1478 1549 1705 1596 Iohannes
1730 1550 2079 1612 chrysostomus
2109 1551 2326 1598 ecclesiae
2350 1552 2732 1613 constantinopo-

460 1626 630 1672 litanae
665 1626 1115 1672 administrationem
1149 1635 1427 1687 capessere-t.
1815 1624 1817 1626 ’
2392 1617 2401 1628 ”

2194 1663 2206 1680 x

591 1700 934 1764 Subiungamus
966 1703 1058 1748 hoc
1091 1718 1297 1764 quoque.
1337 1702 1543 1749 Roberto
1577 1703 1793 1750 Balforeo
1826 1705 1876 1750 in
1915 1704 2296 1752 adnotationibus
2335 1705 2395 1752 ad
2432 1704 2740 1754 Theodorum»

465 1780 728 1826 raithenum
760 1779 947 1825 videtur
982 1780 1100 1825 alius
1134 1794 1235 1825 esse
1267 1779 1542 1826 Theodorus
1574 1789 1950 1843 mopsuestenus,
1979 1797 2119 1842 quem
2155 1783 2297 1844 pleno
2330 1797 2413 1828 ore
2443 1781 2735 1843 Nicephorus

467 1856 552 1902 lib.
581 1857 699 1902 XIV.
729 1855 895 1902 eccles.
924 1855 1091 1902 histor.
1122 1871 1224 1917 cap.
1256 1857 1342 1908 30,
1372 1865 1418 1902 et
1440 1857 1757 1904 Theodoretus
1783 1856 1868 1904 lib.
1896 1859 1951 1904 V.
1981 1843 2191 1904 estremo
2213 1858 2421 1904 laudant.
2455 1859 2556 1903 Hoc
2579 1867 2735 1903 tamen
2793 1879 2798 1891 ·

468 1950 525 1979 ex
549 1935 603 1979 iis
628 1948 748 1995 quae
773 1933 974 1979 diximus
998 1932 1168 1979 falsum
1192 1948 1289 1979 esse
1314 1933 1707 1995 deprehenditur,
1736 1943 1781 1980 et
1816 1936 2107 1997 potissimum
2134 1951 2239 1981 cum
2265 1935 2324 1980 ad
2358 1944 2572 1997 tempora
2588 1935 2737 1996 *quin-

469 2019 542 2056 tae
576 2009 802 2071 generalis
827 2010 996 2071 synodi
1022 2010 1179 2056 nullus
1214 2010 1330 2056 alius
1356 2009 1497 2057 fuerit
1524 2020 1877 2073 mopsuestenus
1899 2012 2171 2058 Theodorus
2206 2020 2388 2073 praeter
2422 2000 2570 2064 hunc,
2596 2011 2738 2072 idque

472 2086 659 2133 abunde
685 2085 935 2150 probatum
961 2088 1020 2132 sit
1046 2087 1093 2132 in
1120 2087 1301 2148 synodo
1323 2096 1676 2150 mopsuestena;
1703 2089 1752 2133 id
1777 2089 1906 2150 quod
1931 2090 2136 2151 episcopi
2161 2088 2390 2135 secundae
2415 2089 2609 2135 Cilicum
2630 2103 2740 2150 pro-

473 2166 677 2218 vinciae,
706 2172 750 2209 et
784 2163 942 2225 plures
972 2164 1049 2209 alii
1080 2179 1136 2209 ex
1171 2164 1789 2227 diptychismopsuestenae
1823 2166 2067 2220 ecclesiae,
2101 2175 2147 2211 et
2180 2165 2620 2227 probatissimorum
2652 2165 2742 2212 ho—

461 2237 653 2287 'minum
687 2241 961 2294 testimoniis
994 2239 1225 2302 probant,
1251 2241 1486 2287 Theodori
1516 2243 1707 2295 veteris,
1733 2242 1861 2288 illius
1891 2242 2065 2288 scilicet
2093 2242 2152 2287 de
2181 2258 2277 2304 quo
2312 2258 2437 2289 nunc
2466 2236 2738 2295 scribimus,

476 2318 652 2365 nullam
679 2333 776 2364 esse
798 2318 1107 2369 mentionem;
1136 2326 1182 2363 et
1204 2318 1348 2364 alium
1377 2318 1704 2372 Theodorum,
1731 2319 1812 2379 qui
1834 2319 1882 2364 in
1910 2318 2002 2364 fine
2029 2319 2362 2380 diptychorum
2387 2305 2588 2380 scriptus
2617 2327 2739 2370 erat,

475 2413 531 2442 ex
555 2396 730 2442 Galatia
753 2393 1007 2441 oriundum
1024 2429 1035 2447 ‚
1066 2403 1171 2440 ante
1197 2403 1288 2444 tres
1317 2408 1463 2441 annos
1487 2404 1727 2441 mortuum
1751 2395 1906 2441 fuisse.
1936 2397 2058 2457 Ergo
2083 2396 2142 2442 de
2166 2396 2258 2442 hoc
2288 2396 2494 2442 secundo
2517 2411 2614 2441 non
2638 2404 2745 2442 sunt

475 2472 620 2521 verba
652 2472 949 2518 Theodoreti.
987 2472 1076 2526 Qui
1102 2474 1224 2516 enim
1251 2480 1322 2518 tot
1355 2480 1461 2518 ante
1496 2487 1643 2518 annos
1673 2472 1942 2525 defunctuS‚
1970 2472 2108 2518 huius
2134 2471 2222 2518 sub
2259 2473 2514 2518 Iustiniano
2547 2473 2745 2518 vivent-is

476 2550 739 2596 meminisse
765 2549 945 2610 potuit?
970 2549 1027 2593 Et
1051 2564 1157 2594 cum
1182 2564 1326 2609 usque
1347 2549 1405 2594 ad
1427 2549 1568 2595 huius
1588 2550 1856 2596 recentioris
1879 2557 2092 2615 tempora
2115 2549 2273 2595 nullu’s
2299 2549 2414 2595 alius
2432 2549 2595 2603 fuerit,
2621 2557 2746 2596 certa

479 2635 587 2672 sunt
613 2626 893 2672 Theodoreti
926 2624 1070 2671 verba
1100 2626 1160 2671 de
1192 2634 1349 2672 vetere
1379 2626 1626 2672 Theodoro
1660 2635 2009 2687 mopsuesteno.
2047 2624 2340 2688 Nicephorus
2367 2625 2511 2672 verba
2535 2626 2748 2672 Theodo-

479 2704 567 2750 reti
601 2711 646 2748 et
671 2703 946 2748 sententiam
980 2701 1222 2756 exscribit,
1249 2718 1400 2764 neque
1435 2703 1494 2748 de
1528 2703 1619 2749 alio
1655 2718 1921 2749 sermonem
1954 2702 2120 2755 habet,
2147 2718 2288 2764 quam
2315 2703 2373 2749 de
2406 2719 2502 2764 quo
2533 2703 2751 2750 Theodo-

480 2789 606 2827 retus
633 2782 731 2842 ipse
763 2779 946 2826 locutus
971 2780 1139 2827 fuerat.
1177 2782 1387 2827 Facessat
1411 2782 1553 2842 igitur
1588 2781 1705 2828 alius
1734 2780 2106 2827 hic-Theodorus
2138 2781 2368 2827 recentior
2403 2795 2430 2826 a
2459 2780 2676 2826 Balforeo
2704 2789 2751 2839 et

482 2857 582 2903 aliis
618 2858 927 2918 excogitatus,
954 2866 1002 2903 et
1034 2865 1278 2919 tantopere
1309 2872 1334 2903 a
1363 2858 1659 2904 Theodoreto
1693 2857 1924 2903 laudatuS.

611 2935 759 2980 Huius
796 2943 1033 2996 praeterea
1064 2923 1297 2981 Theodori
1334 2934 1348 2997 (
1365 2949 1475 2991 nam
1507 2936 1595 2980 erit
1628 2950 1798 2997 operae
1829 2935 2031 2997 pretium
2065 2935 2158 2981 hoc
2187 2925 2435 2988 adnotare,
2464 2936 2559 2981 sive
2583 2933 2648 2981 ob
2672 2951 2751 2981 ne-

484 3011 737 3057 storianam
769 3012 1022 3066 haeresim,
1051 3012 1147 3057 sive
1179 3011 1243 3057 ob
1277 3012 1413 3058 aliam
1447 3012 1658 3075 causam)
1683 3013 1807 3075 apud
1843 3014 1984 3074 Syros
2006 3021 2132 3059 tanta
2159 3012 2246 3073 fuit
2281 3013 2554 3064 auctoritas,
2583 3020 2628 3057 et
2652 3012 2753 3057 cul-

487 3096 583 3140 tus,
616 3096 668 3133 ut
704 3104 846 3149 quam
881 3088 1085 3150 plurima
1117 3088 1244 3134 illius
1277 3089 1326 3134 in
1361 3089 1602 3152 propriam
1637 3089 1846 3151 linguam
1878 3090 2215 3135 transtulerint.
2254 3090 2492 3144 Quaenam
2525 3103 2639 3134 vero
2670 3088 2753 3134 illa

487 3163 682 3218 fuerint,
715 3164 978 3211 Hebediesu
1011 3166 1255 3227 episcopus
1289 3164 1437 3212 Sobae
1471 3174 1516 3211 et
1550 3166 1796 3212 Armeniae
1829 3167 1878 3211 in
1912 3166 2123 3227 catalogo
2156 3164 2389 3211 librorum
2423 3165 2754 3227 ecclesiastico-

489 3256 621 3293 rum,
659 3256 800 3302 quem
834 3242 913 3287 ille
948 3243 1129 3304 scripsit
1162 3242 1321 3304 lingua
1355 3243 1531 3304 syriaca
1552 3278 1563 3296 ‚
1600 3244 1649 3288 in
1681 3243 1809 3289 hunc
1840 3243 2034 3289 modum
2069 3243 2310 3304 expressit.
2348 3240 2499 3303 Verba
2533 3242 2658 3288 illius
2691 3242 2755 3287 ita

490 3316 696 3363 reddidit
729 3317 995 3379 linguarum
1029 3319 1326 3365 orientalium
1361 3321 1663 3381 peritissimus
1696 3319 1989 3366 Abrahamus
2021 3318 2332 3364 Ecchellensis
2367 3318 2449 3380 (1).
2489 3316 2754 3368 Theodorus

492 3383 834 3443 commentator
867 3395 1130 3459 composuit
1164 3395 1579 3459 quadragz'nta*et
1612 3413 1761 3442 unum
1785 3408 1991 3447 tomum,
2021 3396 2106 3458 qui
2137 3400 2247 3441 sunt
2274 3394 2535 3458 prophetae
2568 3406 2775 3453 centum!

493 3479 538 3512 et
563 3469 917 3533 quinquaginta
946 3472 1006 3535 (2)
1022 3508 1033 3528 ‚
1061 3490 1263 3535 quorum
1287 3474 1471 3537 singuli
1496 3486 1715 3520 constant
1741 3473 1949 3537 triginta
1973 3472 2227 3538 capitibus.
2264 3474 2386 3518 Ite‘m
2412 3471 2757 3535 expositionem

581 3610 629 3652 (1)
654 3609 812 3645 Recudit
838 3617 963 3657 postea
989 3613 1277 3651 emendatiorem
1303 3615 1404 3652 hunc
1433 3616 1666 3663 catalogum,
1692 3608 1864 3663 notisque
1891 3614 2060 3663 plurimis
2086 3614 2283 3651 illustravit
2310 3614 2382 3650 Ios.
2409 3613 2500 3650 Sim.
2527 3615 2758 3652 Assemanus

498 3668 538 3702 i‘n
563 3677 631 3702 sua
659 3666 882 3705 bibliotheca
909 3671 1081 3708 orientali
1105 3675 1148 3709 T.
1177 3675 1254 3718 111,
1281 3685 1301 3711 a
1328 3685 1402 3721 quo
1428 3675 1580 3712 meliora
1611 3675 1753 3722 aliquot
1777 3675 1957 3712 sumenda
1982 3673 2153 3711 iudicavi.
2180 3675 2225 3709 A.
2253 3674 2304 3709 M.

584 3729 632 3769 (2)
660 3725 703 3762 Id
726 3733 781 3792 est
806 3731 892 3770 (ceu
915 3730 1071 3776 explicat
1096 3735 1342 3779 Assemanus)
1369 3746 1527 3782 quorum
1553 3736 1666 3772 moles
1688 3741 1792 3773 tanta
1815 3742 1889 3781 est,
1910 3741 1952 3772 ut
1973 3735 2111 3772 centies
2134 3739 2170 3770 et
2191 3733 2436 3781 quinquagies
2460 3733 2574 3771 libros
2598 3734 2758 3782 prophe·
2802 3787 2804 3789 Ι

500 3791 624 3822 tarum
651 3796 819 3822 omnium
850 3793 1009 3834 superet.
1037 3791 1080 3825 A.
1109 3792 1160 3828 M.
