2970 4420
287 692 307 720 s.
327 696 371 721 47.
394 691 427 720 b.

281 1501 300 1529 s.
318 1504 365 1530 48.
386 1507 413 1530 a.

270 2305 295 2334 f.
315 2310 358 2335 48.
379 2305 409 2335 b.

476 295 569 340 426
1169 315 1227 346 nr:
1260 314 1488 346 onsmromz
1521 303 2066 349 cous-rm‘rnvorouum'

469 391 565 417 σατο·
590 381 667 418 ἀλλ’
695 382 751 419 ὅτε
775 385 835 424 τήν
860 384 919 421 ἐπί
943 384 1081 436 Πέρσας
1106 391 1166 424 τοῦ
1190 388 1359 431 βασιλέως
1384 387 1495 436 ἔμαθε
1519 388 1570 425 κί-

467 456 580 487 νησιν,
603 443 659 479 ὅτε
686 444 741 480 τόν
769 445 945 495 εὐεργέτην
971 449 1029 485 καὶ
1056 449 1188 496 πατέρα
1211 449 1254 490 ὦς
1279 448 1394 496 ἔλεγεν
1421 448 1569 496 ε’κδημῆ·

467 517 576 539 σαντα
602 503 684 552 ἔγνω
710 508 772 549 τῆς
796 508 942 553 πόλεως,
963 508 1064 551 εῠθύς
1092 510 1287 557 συναγωγαὶ
1312 508 1487 558 βαρβαρων
1508 509 1568 547 ε’θ-

468 568 541 611 νῶν,
559 567 673 616 θηρίων
696 570 730 604 δὲ
753 569 861 605 εἰπεῖν
884 570 1095 618 οἷκειότερον,
1112 571 1325 606 κατασκευαὶ
1345 569 1487 607 ἐνόπλων
1508 572 1568 608 καὶ

466 627 667 674 ἕλεπόλεων,
693 631 752 667 καί
786 634 846 667 τῶν
881 633 934 668 διοὶ
968 631 1153 674 θαλάσσης
1186 632 1430 681 ὑπηρετούντων
1463 634 1566 678 ξύλων

465 692 549 739 πρὸς
575 693 630 727 τόν
658 693 833 730 διέκπλουν
855 699 927 736 τοῖς
949 694 1063 730 ἔθνεσι
1089 696 1296 744 συγκομιδαί
1323 697 1406 744 πρὸς
1431 691 1568 731 θοίλασ-

467 766 548 797 σαν,
576 755 634 790 καὶ
661 758 728 797 πᾶς
754 755 921 791 ἐπενοεῖτο
948 756 1071 804 τρόπος
1096 757 1153 792 καὶ
1179 757 1338 805 μηχαναί
1364 757 1567 793 ε’τεκταίνον-

464 829 518 858 το,
540 815 626 851 ὥστε
652 818 710 857 τήν
737 819 834 853 πόλιν
861 821 921 854 τοῦ
946 817 1046 862 θεοῦ,
1068 815 1104 857 ἢν
1131 818 1154 858 η’
1177 818 1346 868 παρθένος
1372 820 1565 868 τετείχηκεν

462 876 625 923 γενέσθαι
647 881 690 924 τῷ
712 878 793 927 θηρί
816 879 1030 928 δορύαλωτον.
1055 880 1122 915 Καὶ
1146 882 1255 915 ταῦτα
1274 881 1334 929 μὲν
1355 880 1481 923 ἐκεῖνος
1502 884 1566 917 διε-

461 940 582 983 νοεῖτο,
604 941 664 975 καί
689 940 851 988 ἔπραττε,
873 942 931 976 καὶ
958 943 1022 977 πᾶν
1049 943 1174 989 συνῆγε
1196 943 1234 977 τό
1255 942 1312 978 ὑπ’
1332 943 1421 988 αὐτῷ
1445 943 1565 979 ταττό-

456 1014 553 1047 μενον
582 1000 775 1050 βοίρβαρον,
801 1005 864 1049 γῆν
897 1016 932 1037 τε
967 1003 1114 1052 ἐπλήρου
1149 1003 1207 1038 καί
1242 1002 1428 1039 θάλασσαν
1462 1003 1563 1040 ε’θνῶν

457 1060 597 1109 ἀγρίων,
623 1061 662 1098 ὦν
690 1062 764 1105 βίος
791 1063 809 1098 ἆ
834 1063 993 1111 πόλεμος.

532 1123 573 1168 ς’.
599 1126 717 1158 Ταῦτα
737 1124 772 1159 δέ
790 1123 955 1167 βασιλεύς
973 1124 1124 1167 ἀκηκοώς
1145 1126 1163 1161 ὅ
1184 1126 1409 1171 πιστότατος,
1426 1128 1562 1176 γράφων

456 1186 517 1232 μέν
544 1185 765 1232 ἐστρατήγει,
790 1187 873 1234 πρὸς
899 1186 1022 1228 πόνους
1057 1190 1230 1223 διανιστῶν
1261 1189 1427 1237 δημοσίων
1453 1204 1563 1239 πραγ-

455 1247 566 1292 μάτων
588 1248 642 1281 τὸν
664 1247 809 1294 φύλακα·
831 1251 935 1289 Βῶνος
958 1250 992 1283 δὲ
1014 1247 1054 1289 ἦν
1075 1247 1194 1293 οὗτος,
1215 1251 1232 1286 o‘
1253 1252 1349 1299 παρα
1369 1254 1455 1287 πᾶσι
1478 1251 1562 1295 βοώ-

454 1322 570 1353 μενος,
594 1309 652 1342 καί
678 1308 806 1344 πάντων
833 1312 963 1344 ποιεῖτο
991 1313 1029 1345 δι’
1057 1309 1162 1346 ada-06
1187 1312 1245 1351 τήν
1272 1312 1416 1348 δέουσαν
1443 1313 1563 1361 ἐπιμέ-

454 1372 557 1403 λειαν·
584 1370 646 1410 τοὶς
673 1370 709 1404 δέ
730 1373 856 1419 χεῖρας
883 1370 1030 1420 οένίσχων
1053 1372 1102 1414 εἷς
1123 1374 1260 1422 οὐρανὸν
1287 1374 1372 1418 ἐβόα
1398 1376 1480 1423 πρὸς
1505 1375 1562 1410 κύ-

455 1441 530 1478 ΕΜὶν.
559 1433 579 1448 ‘6

605 1432 648 1467 συ“
674 1432 828 1468 δέσποτα
856 1434 1081 1470 παντεπόπτα
1105 1437 1166 1471 καί
1190 1439 1310 1484 γῶστα
1336 1438 1463 1472 παντων
1490 1437 1562 1473 ἐπί-

453 1520 472 1535 ,,
499 1507 647 1546 στασαι,
664 1495 706 1535 ὥς
729 1496 786 1530 σοι’
807 1496 865 1531 καί
888 1498 932 1544 τῇ
950 1496 1106 1546 οἷσπόρως
1127 1499 1272 1546 τεκούσῃ
1290 1502 1333 1534 ’σε
1355 1499 1455 1535 τέκνα
1476 1514 1562 1548 παρ·

454 1583 471 1598 ,,
499 1554 625 1603 εθέμην
653 1558 709 1591 καί
738 1558 834 1592 πόλιν
862 1560 920 1594 καί
948 1560 1004 1594 τὸν
1032 1560 1115 1595 λαόν
1143 1574 1203 1596 σου
1230 1562 1287 1596 τόν
1313 1562 1442 1603 ταύτης
1469 1562 1561 1601 οἰκή-

453 1646 471 1661 ,,
497 1628 590 1667 τορα·
616 1618 719 1663 ἔδοξα
744 1622 778 1655 δὲ
805 1622 863 1657 καί
890 1623 928 1657 τὸ
964 1622 1137 1671 βάρβαρον
1170 1623 1288 1672 θηρίον
1320 1625 1375 1660 τόν
1403 1624 1559 1672 Χαγοίνον

450 1708 469 1723 ,,
495 1681 827 1729 μεταχειρίζεσθαι,
859 1685 918 1719 καί
950 1687 994 1730 τῷ
1027 1688 1133 1721 δοκεῖν
1164 1685 1255 1732 αὐτῷ
1285 1685 1484 1735 παρεθέμην
1516 1689 1561 1722 ταὶ

450 1771 468 1786 ,,
495 1743 694 1791 πράγματα·
717 1743 778 1788 κοῖν
801 1745 902 1787 οὕτως
930 1745 1096 1795 ἐντρέπειν
1124 1747 1304 1789 ὑπολαβών
1326 1750 1381 1783 τὸν
1410 1748 1560 1784 οἳλοίστο-

449 1833 467 1847 „
494 1815 546 1852 ρα·
567 1806 625 1841 καὶ
647 1806 722 1842 οὐδὲ
744 1806 846 1849 οὕτως
872 1808 1044 1856 ὦφελῆσαι
1067 1811 1266 1858 δεδύνημαι,
1289 1810 1367 1846 οὐδέ
1388 1813 1425 1846 τὸ
1447 1810 1560 1850 ἄπλη-

452 1895 470 1909 „
495 1881 574 1902 στον
597 1868 702 1903 αῠτοῠ
721 1872 853 1909 νικῆσαι
877 1873 937 1912 τῆς
957 1871 1183 1920 προαιρέσεως
1207 1870 1357 1920 ι”σχυσα“
1376 1871 1455 1906 ἀλλ’
1478 1873 1558 1921 ὁρᾷς

448 1956 465 1971 ,,
494 1928 561 1964 ὅσα
586 1931 644 1966 καί
669 1930 727 1967 οἷα
753 1933 843 1967 κατ-οὶ
866 1936 954 1968 λαοῦ
978 1935 1179 1977 διανοεῖται,
1207 1935 1251 1979 τῷ
1283 1937 1330 1980 σῷ
1355 1933 1557 1976 πεπειθότος

448 2017 468 2032 ,,
494 1990 644 2039 ὀνόματι·
672 1994 714 2028 συ“
741 1991 795 2029 οὖν
822 1993 976 2030 δέσποτα
997 1997 1055 2029 τῶν
1081 1994 1252 2039 ἁπάντων,
1274 1993 1298 2041 ᾧ
1319 1999 1376 2031 καί
1405 1995 1463 2034 τήν
1490 1995 1559 2041 ψυ-

451 2081 468 2095 ,.
492 2054 561 2100 χη’ν
588 2053 758 2102 ἀνεθέμην
785 2057 842 2091 καί
871 2057 930 2095 τήν
957 2055 1060 2103 ζωήν,
1082 2057 1183 2092 τέκνα
1208 2058 1245 2092 τὲ
1273 2057 1357 2105 οἵπερ
1381 2072 1439 2105 μοι
1464 2057 1558 2093 δέδω-

449 2143 468 2158 ,,
494 2130 574 2158 κας,
601 2117 663 2152 καί
687 2117 784 2152 πόλιν
811 2117 849 2156 ἥν
873 2130 931 2164 μοι
959 2118 1199 2160 πεπίστευκας·
1227 2121 1286 2158 τήν
1314 2120 1376 2158 στὶν
1402 2134 1557 2167 παρακα-

448 2204 468 2220 ,,
494 2175 602 2217 θήκην
633 2179 780 2226 φύλαξον
807 2178 964 2226 ἄτρωτον·
993 2181 1035 2215 σύ
1063 2181 1133 2229 γοὶρ
1162 2181 1218 2216 το“ν
1247 2181 1324 2228 περὶ
1353 2179 1556 2228 παρακαθη-

448 2266 467 2282 ,,
493 2240 555 2274 κῶν
576 2238 726 2281 τέθηκας
749 2240 847 2288 νόμον
869 2242 924 2275 διοὲ
945 2242 1091 2283 Μωσέως
1113 2244 1173 2277 τοῦ
1194 2241 1312 2277 δούλου
1335 2256 1417 2285 σου,
1438 2241 1555 2277 ἄσυλα

448 2328 466 2343 ,,
492 2301 550 2335 καί
582 2299 850 2344 ἀνεπιβούλευτα
879 2303 924 2336 ‘ra'
956 2302 1264 2351 παρακατιθέμενα
1296 2304 1464 2344 κελεύσας
1493 2312 1554 2351 φυ-

446 2390 465 2405 „
490 2361 693 2397 λάττεσθαι·
716 2362 760 2398 συ’
782 2377 840 2411 μοι
862 2362 969 2400 τοίνυν
995 2365 1085 2400 κατοὶ
1110 2365 1165 2400 τᾶν
1193 2365 1251 2400 σόν
1278 2366 1378 2413 νόμον
1406 2366 1552 2413 φύλαξον

445 2452 471 2468 ,,
492 2423 615 2463 ἀπαθῆ
638 2424 696 2459 καί
718 2423 882 2461 ἀνάλωτον
905 2426 965 2464 τήν
987 2426 1084 2461 πόλιν
1104 2424 1143 2466 ἢν
1165 2425 1363 2476 παρεθέμην
1385 2429 1429 2475 τῇ
1450 2426 1554 2475 ι’σχόῖ

444 2513 464 2528 ,,
492 2488 550 2521 τοῦ
576 2485 718 2534 κροίτους
741 2499 802 2521 σου
829 2488 887 2522 καί
913 2490 956 2536 τῇ
983 2486 1129 2534 θεοτόκῳ
1155 2489 1260 2536 μητριΙ
1287 2491 1348 2529 τῆς
1375 2491 1438 2530 σῆς
1462 2488 1552 2536 027oe-

416 2584 431 2598 l
448 2574 466 2591 „
492 2545 648 2589 θότητος.
674 2576 693 2591 ,,

519 2607 557 2654 ζ’.
583 2609 650 2644 Καὶ
679 2608 842 2652 βασιλεύς
868 2611 929 2658 μὲν
957 2611 974 2646 ὁ
999 2610 1112 2658 μέγας
1134 2613 1245 2645 ταῦτα
1266 2613 1311 2656 τῷ
1331 2609 1398 2656 θεῷ
1419 2609 1552 2658 ἐνετύγ-

440 2683 565 2717 χανεν,
586 2670 765 2718 ἑλκόμενός
787 2685 822 2705 τε
845 2673 902 2707 καὶ
927 2670 1193 2719 ἀνθελκόμενος,
1215 2672 1272 2707 καί
1299 2674 1376 2713 ταῖς
1402 2671 1549 2719 φροντίσι

395 2767 397 2769 ,
444 2732 505 2767 καί
529 2734 607 2774 ταῖς
633 2732 777 2776 βουλαῖς
801 2732 1038 2782 μεριζόμενος,
1066 2735 1125 2769 και1
1147 2734 1205 2769 δυό
1227 2732 1344 2769 παθῶν
1373 2733 1406 2768 ἐν
1431 2748 1551 2780 μεται-

271 3176 292 3204 ί.
313 3180 356 3205 49.
375 3183 405 3206 ἃ.

442 2792 535 2840 χμίῳ
561 2793 744 2842 γινόμενος.
769 2796 822 2830 Τοὶ
846 2794 1013 2838 βασιλέως
1044 2797 1079 2830 δέ
1105 2795 1206 2830 τέκνα
1232 2795 1264 2830 ἐν
1292 2796 1336 2840 τῷ
1364 2795 1454 2830 κατοὶ
1485 2794 1548 2838 βα-

444 2853 557 2891 σίλεια
584 2855 744 2906 εὖκτηρίῳ
769 2859 830 2898 τῆς
856 2856 1084 2906 θεομήτορος,
1111 2858 1171 2896 τήν
1204 2856 1359 2896 παιδικήν
1386 2856 1547 2900 ἀκακίαν,

443 2919 501 2953 καὶ
536 2919 595 2958 τη“ν
621 2919 742 2969 ψυχήν
774 2919 866 2967 ἅμα,
893 2922 953 2957 καί
987 2924 1046 2956 τῶν
1082 2920 1241 2969 σωμοίτων
1275 2919 1457 2970 παρθενίαν
1489 2922 1548 2956 καί

443 2980 661 3030 καθαρότητα
682 2980 757 3018 οἷν-θ’
776 2983 946 3031 ἱκετηρίας
965 2985 1024 3019 καί
1046 2982 1266 3032 θυμιάματος
1288 2983 1428 3025 εὗαίδους
1450 2983 1549 3030 προῦ-

444 3042 614 3085 βαλλοντο
641 3043 771 3087 βοῶντα
797 3046 856 3081 σὺν
884 3045 1032 3094 δάκρυσι·
1060 3047 1077 3062 ‘'
1107 3047 1258 3081 δέσποτα
1292 3045 1547 3092 παντοδύναμε,

444 3133 463 3147 ,,
490 3106 546 3140 σοι’
568 3106 625 3141 καί
647 3097 742 3146 πόλιν
765 3108 823 3145 τήν
846 3108 925 3150 σήν,
943 3108 1004 3142 καί
1027 3109 1103 3148 τους
1127 3108 1206 3148 σούς
1230 3106 1365 3148 οἷκέτας
1383 3107 1474 3154 ἡμᾶς
1493 3121 1546 3144 νη-

443 3195 463 3210 „
489 3167 585 3209 πιόυς
606 3168 648 3209 ὥς
669 3169 768 3217 ὁρᾷς,
785 3168 954 3216 παναγία,
974 3169 1190 3218 ὑπάρχοντας
1208 3169 1322 3216 πατήρ
1343 3169 1360 3203 ὁ
1381 3168 1545 3216 ἡμέτερος

445 3256 463 3271 ,,
490 3227 669 3265 ἐπίστευσε
696 3230 753 3265 καί
781 3229 969 3278 παρέθετο,
991 3231 1048 3266 καί
1078 3230 1132 3265 το“ν
1160 3231 1305 3279 σταυρόν
1332 3229 1438 3264 αὐτοῦ
1458 3230 1544 3277 α”ρας

444 3317 463 3331 ,.
489 3292 578 3326 κατοὶ
592 3293 651 3326 τῶν
673 3293 776 3327 λύκων
796 3291 987 3341 ἐξώρμησε,
1006 3295 1064 3327 τῶν
1088 3293 1296 3328 διασπώντων
1315 3295 1374 3333 τῆς
1392 3294 1452 3327 τοῦ
1472 3292 1547 3327 υἱοῦ

444 3377 462 3391 ,,
490 3364 550 3386 σου
573 3352 714 3400 ποίμνης
738 3355 782 3389 τοὶ
801 3354 968 3401 πρόβατα·
988 3356 1087 3403 ῥῦσαι
1109 3353 1213 3389 τοίνυν
1233 3354 1325 3401 ἡμᾶς
1347 3355 1383 3389 τέ
1405 3355 1462 3388 καὶ
1485 3354 1545 3389 πό-

444 3439 461 3454 „
488 3416 538 3447 λιν
564 3416 621 3449 καί
648 3417 725 3456 τούς
757 3415 947 3465 οἶκῆτορας·
973 3416 1070 3464 ῥόσαι
1104 3415 1139 3451 ἐκ
1173 3415 1232 3451 τοῦ
1261 3414 1543 3464 προσερπίζοντος

443 3501 462 3516 ,,
487 3474 566 3520 ἡμῖν
591 3475 703 3523 ὄφεως·
726 3505 746 3520 ,,
763 3479 878 3513 Ἀλλοὶ
901 3479 958 3514 καί
980 3479 1001 3517 η’
1022 3478 1121 3518 πόλις
1147 3476 1179 3512 ἐν
1205 3480 1318 3518 λιταῖς
1341 3478 1398 3512 καὶ
1426 3475 1544 3512 παννυ-

439 3549 519 3582 χοις
541 3536 675 3575 δεήσεσι
703 3539 903 3575 διδάσκαλον
926 3538 1020 3587 εἶχον
1048 3538 1150 3581 οὕτως
1173 3542 1377 3588 στρατηγεῖν
1403 3538 1544 3574 ε’πιστοί-

443 3611 557 3642 μενον,
582 3599 640 3633 καί
667 3599 767 3641 οὕτως
794 3601 978 3648 ὂπλίζοντα
1006 3603 1060 3637 τὸν
1087 3600 1166 3636 καθ’
1192 3602 1285 3647 ’ἡμᾶς
1305 3600 1455 3637 Ἠσαίαν
1485 3602 1541 3636 τὸν

445 3658 603 3706 ἷερσίξχην
628 3661 683 3695 τὸν
704 3660 820 3707 τίμιον·
842 3664 899 3697 καί
927 3666 1023 3698 τοῦτο
1047 3662 1086 3702 ἦν
1109 3662 1211 3699 ὅπλον
1233 3663 1292 3698 καί
1310 3661 1464 3710 ῥομφαία
1484 3662 1541 3697 καί

444 3717 562 3765 θυρεός
589 3722 660 3760 τοῖς
688 3723 746 3761 τῆς
772 3721 897 3763 πόλεως
919 3724 1034 3765 πείσης
1057 3724 1245 3772 οἰκήτορσι,
1268 3725 1305 3759 τὸ
1331 3724 1436 3771 αἴρειν
1460 3724 1541 3770 πρός

402 3814 406 3816 .
444 3779 520 3815 θεὸν
548 3780 609 3821 τοὶς
631 3782 772 3828 χεῖρας,
799 3783 855 3816 καί
884 3785 942 3822 τήν
968 3784 1133 3833 παρθένον
1159 3785 1304 3829 ἐξαιτεῖν
1330 3785 1379 3826 εἷς
1414 3783 1540 3827 βοηθόν

267 3908 288 3936 t'.
310 3913 352 3938 49.
373 3910 402 3939 h.

443 3842 500 3876 καὶ
523 3842 730 3890 ὑπέρμαχον·
751 3841 842 3877 δίπαν
863 3844 929 3891 γάρ
951 3844 1028 3879 ὅσον
1050 3845 1082 3880 ἐν
1106 3847 1228 3892 ἱερεῦσι
1252 3848 1361 3888 τελεῖ,
1384 3846 1441 3880 καὶ
1462 3844 1540 3880 ὅσον

444 3902 475 3937 ἐν
503 3903 610 3952 κλήρῳ
638 3905 695 3939 καῖ
720 3907 884 3951 μοναδικῲ
914 3904 971 3949 βίῳ
998 3907 1054 3940 καὶ
1081 3909 1151 3951 λαῷ
1184 3906 1455 3949 κατατέτακται,
1478 3908 1542 3942 ποῖ-

1639 388 1844 427 imminuit.
1870 390 1942 429 Sed
1961 391 2028 429 ubi
2044 392 2085 430 in
2103 394 2232 433 Persas
2250 394 2484 443 imperatoris
2505 400 2649 434 motum
2671 407 2739 434 au·

1639 448 1749 494 divit,
1767 449 1831 487 ubi
1850 449 2121 489 benefactorem
2139 463 2187 493 ae
2205 459 2344 502 patrem
2355 483 2366 501 ,
2381 460 2427 492 ut
2448 455 2590 493 solebat
2613 457 2739 505 appel-

1638 508 1733 562 lare,
1752 509 1846 546 urbe
1869 509 2075 557 digressum
2100 514 2290 561 cognovit3
2309 516 2435 552 statim
2459 515 2736 555 barbaricarum

1639 568 1817 605 coitiones
1841 569 2028 615 gentium,
2054 570 2109 607 vel
2128 570 2251 618 potius
2267 572 2485 620 beluarum3
2508 581 2736 614 armatorum

1638 632 1836 676 apparatus
1854 633 1892 664 et
1909 628 2190 676 machinarum3
2207 641 2276 668 nec
2291 642 2367 670 non
2385 634 2639 672 navicularum
2661 646 2737 672 ma-

1637 686 1732 723 rinis
1765 686 1895 724 usibus
1928 687 2234 736 inservientium,
2261 690 2310 728 ob
2341 692 2575 732 traiiciendas
2608 699 2737 742 gentes

1638 746 1881 794 comportatio
1902 747 1942 784 in
1966 759 2084 785 mare:
2111 759 2264 796 prorsus
2284 760 2395 789 omne
2416 753 2614 790 artificium
2637 764 2737 790 eom-

1637 806 1852 843 movebatur
1875 812 1912 844 et
1937 807 2132 845 machinae
2155 809 2413 856 struebantur,
2434 817 2478 848 ut
2495 813 2564 850 Dei
2586 813 2735 858 civitas,

1636 875 1747 911 quam
1770 865 1882 913 Virgo
1905 865 2282 913 circummuniverat‚.
2301 868 2341 905 in
2367 869 2499 908 beluae
2524 883 2659 910 manus
2679 873 2736 909 in-

1636 923 1786 961 cideret.
1814 926 1861 960 Et
1885 925 1975 963 haec
2001 926 2154 973 quidem
2180 926 2242 964 ille
2267 928 2490 967 moliebatur
2514 936 2625 979 atque
2648 940 2736 980 age-

1634 983 1718 1030 bat,
1745 991 1992 1033 cunctamque
2016 985 2088 1023 sibi
2112 987 2318 1024 subiectam
2345 987 2553 1027 barbariem
2579 1002 2736 1040 congre-

1635 1044 1769 1090 gabat,
1795 1050 2006 1093 terramque
2032 1051 2069 1083 et
2100 1057 2200 1084 mare
2227 1042 2455 1086 immanibus
2479 1050 2651 1096 gentibus
2674 1062 2734 1088 re-

1634 1103 1778 1150 plebat,
1803 1115 1961 1151 quarum
1991 1105 2064 1142 vita
2086 1105 2227 1143 bellum
2253 1112 2320 1144 est.

1704 1167 1739 1200 6.
1770 1165 1869 1200 Haec
1898 1162 2054 1201 audiens
2078 1175 2140 1202 rex
2169 1164 2429 1209 fidelissimus,
2456 1167 2593 1215 scripto
2619 1169 2735 1206 etiam

1633 1222 1774 1260 bellum
1803 1222 1955 1268 direxit,
1984 1223 2032 1261 ad
2058 1225 2315 1262 strenuitatem
2346 1225 2507 1264 excitans
2535 1228 2589 1265 rei
2614 1228 2736 1275 publi-

1634 1293 1698 1320 cae
1722 1282 1927 1321 custodem.
1953 1285 2043 1321 Erat
2064 1284 2125 1321 hic
2146 1286 2293 1328 Bonus,
2315 1285 2522 1323 celebratus
2547 1287 2594 1324 ab
2617 1288 2736 1326 omni·

1632 1342 1704 1379 bus
1731 1343 1804 1387 vir3
1832 1353 1897 1390 per
1927 1353 2036 1390 quem
2065 1342 2227 1380 debitam
2259 1354 2384 1381 rerum
2411 1346 2579 1382 omnium
2604 1356 2732 1384 euram

1633 1402 1797 1448 gerebat.
1825 1403 1979 1439 Interim
1998 1402 2219 1450 imperator,
2239 1403 2412 1441 manibus
2429 1404 2469 1441 in
2489 1405 2632 1442 caelum
2649 1405 2734 1443 sub-

1634 1462 1742 1506 latis,
1769 1461 1953 1498 clamabat
1975 1461 2022 1498 ad
2047 1462 2263 1499 Dominum.
2287 1478 2303 1494 «
2323 1465 2398 1507 Tu,
2425 1464 2584 1502 Domine
2607 1458 2732 1503 omnia

1636 1538 1651 1554 ‚‚
1680 1521 1828 1567 videns,
1855 1521 1980 1559 omnia
2000 1532 2246 1569 cognoscens,
2265 1523 2338 1560 scis
2358 1533 2417 1560 me
2437 1523 2507 1560 tibi
2526 1523 2736 1574 ,virginique

1636 1598 1651 1612 »
1681 1581 1790 1618 matri
1817 1580 2096 1618 commendasse
2114 1581 2250 1618 liberos
2274 1587 2311 1619 et
2325 1582 2456 1620 urbem
2483 1583 2735 1633 populumque

1635 1657 1651 1673 »
1679 1647 1786 1678 tuum
1813 1640 1913 1677 illius
1937 1640 2111 1678 incolam.
2138 1641 2320 1678 Putabam
2344 1652 2432 1679 sane
2455 1641 2649 1680 barbaram
2668 1643 2734 1682 be·

1634 1717 1651 1733 υ
1682 1701 1782 1738 luam
1809 1700 2025 1747 Chaganum
2056 1700 2097 1737 in
2124 1700 2217 1738 meis
2245 1700 2359 1738 veluti
2384 1701 2551 1749 partibus
2579 1702 2732 1749 habere,

1635 1776 1650 1791 »
1679 1770 1764 1796 cum
1794 1760 1827 1795 ei
1847 1752 1928 1795 ‘rem
1956 1758 2142 1805 publicam
2168 1759 2268 1796 visus
2291 1770 2376 1797 sum
2401 1761 2653 1807 committere3
2678 1763 2733 1800 sie

1612 1828 1615 1831 ·
1635 1833 1652 1850 »ι
1680 1815 1780 1854 enim
1804 1816 1942 1864 pudore
1965 1811 2123 1854 adficere
2146 1816 2246 1854 hunc
2264 1817 2461 1855 scelestum
2480 1820 2634 1867 speravi.
2660 1820 2733 1858 Sed

1634 1894 1650 1911 ,ι
1678 1889 1726 1915 ne
1756 1877 1794 1914 id
1823 1877 1973 1925 quidem
2009 1877 2102 1914 mihi
2139 1877 2301 1925 profuit,
2327 1889 2448 1927 neque
2481 1880 2729 1919 insatiabilem

1633 1953 1649 1969 υ
1678 1937 1757 1975 eius
1774 1936 2012 1984 cupiditatem
2032 1937 2178 1974 vincere
2197 1937 2310 1975 valui.
2330 1939 2424 1981 Nam
2445 1938 2545 1976 vides
2563 1950 2659 1988 quae
2672 1940 2731 1978 vel

1633 2012 1649 2028 »
1677 1996 1800 2044 qualia
1826 1996 2000 2033 adversus
2019 1996 2198 2044 populum
2225 1997 2380 2034 molitur
2399 2003 2463 2035 tuo
2481 1999 2625 2037 nomini
2644 2010 2732 2037 con-

1632 2072 1648 2088 »
1677 2055 1866 2093 fidentem.
1895 2057 1952 2092 Tu
1975 2066 2082 2103 ergo,
2106 2055 2275 2093 omnium
2299 2056 2478 2101 Domine,
2505 2057 2566 2094 cui
2591 2063 2628 2095 et
2648 2059 2730 2096 ani-

1631 2133 1648 2149 »
1676 2127 1776 2152 mam
1802 2121 1839 2152 et
1859 2116 1971 2152 vitam
1997 2115 2274 2161 commendavi,
2295 2121 2332 2153 et
2355 2127 2448 2164 quos
2479 2117 2570 2154 milii
2592 2117 2729 2156 dedisti

1631 2192 1647 2207 »
1675 2175 1832 2219 liberos,
1860 2186 1929 2212 nec
1953 2185 2029 2212 non
2054 2174 2184 2212 urbem
2216 2185 2237 2212 a
2268 2179 2305 2212 te
2333 2175 2424 2212 mihi
2453 2176 2728 2222 concreditam

1592 2240 1594 2248 '
1629 2250 1646 2266 »ι
1674 2240 1716 2272 tu
1736 2234 1891 2282 inquam
1909 2232 2117 2281 depositum
2134 2238 2241 2271 tuum
2261 2233 2481 2271 inviolatum
2501 2234 2665 2286 custodi:
2687 2241 2729 2273 tu

1627 2309 1645 2325 s»
1674 2293 1771 2331 enim
1792 2292 2044 2340 depositorum
2062 2292 2182 2339 legem
2201 2291 2322 2329 tulisti
2338 2302 2404 2340 per
2418 2291 2601 2330 famulum
2617 2299 2727 2331 tuum

1628 2368 1645 2384 ἰ
1672 2354 1858 2401 Moysem‚
1881 2351 2039 2389 intactas
2059 2356 2234 2402 tutasque
2257 2361 2316 2389 res
2341 2351 2525 2399 depositas
2550 2353 2727 2390 custodiri

1628 2429 1644 2444 ν
1674 2412 1915 2460 praecipiens.
1944 2413 2000 2448 Tu
2020 2412 2156 2458 igitur,
2176 2421 2218 2447 ex
2238 2410 2332 2458 legis
2348 2416 2434 2448 tuae
2454 2421 2606 2458 norma,
2625 2423 2727 2450 serva

1627 2489 1644 2504 υ
1672 2472 1898 2509 incolumem
1916 2482 1959 2508 ac
1978 2471 2130 2508 liberam
2151 2470 2354 2517 civitatem,
2373 2481 2484 2518 quam
2504 2468 2643 2509 viribus
2664 2482 2726 2519 po-

1627 2548 1643 2563 »
1671 2532 1810 2568 tentiae
1827 2535 1933 2573 tuae,
1952 2535 1988 2567 et
2004 2529 2183 2567 bonitatis
2206 2535 2290 2567 tuae
2311 2530 2420 2567 matri
2444 2528 2614 2578 deiparae
2629 2524 2728 2568 com-

1628 2607 1645 2623 »
1676 2591 1858 2628 mendavi.
1891 2606 1905 2621 υ

1628 2684 1632 2688 .
1693 2655 1727 2686 7.
1757 2652 1833 2696 lias
1858 2648 2026 2686 videlicet
2050 2648 2098 2685 ad
2123 2650 2242 2685 Deum
2270 2658 2395 2696 preces
2425 2648 2580 2696 magnus
2607 2649 2725 2696 impe-

1622 2715 1722 2747 rator
1746 2709 1943 2752 fundebat,
1971 2709 2176 2745 alternante
2201 2707 2318 2745 animi
2342 2713 2467 2753 motu,
2494 2709 2668 2757 curisque
2688 2714 2726 2746 et

1622 2769 1862 2806 consiliorum
1886 2768 2062 2805 varietate
2086 2766 2303 2812 distractus,
2327 2777 2371 2804 ac
2392 2766 2434 2803 in
2454 2766 2614 2804 duorum
2637 2767 2729 2805 affe-¹

1621 2834 1749 2864 ctuum
1780 2827 1901 2864 medio
1929 2826 2167 2864 constitutus.
2197 2826 2431 2873 Imperatoris
2458 2831 2583 2863 autem
2614 2826 2724 2864 liberi

1620 2887 1660 2923 in
1688 2886 1816 2934 palatii
1841 2886 2003 2923 oratorio
2030 2886 2211 2932 Deiparae
2238 2882 2427 2931 dedicato,
2455 2885 2636 2932 puerilem
2660 2885 2729 2945 inq

1619 2946 1853 2990 nocentiam,
1880 2945 2118 2992 animamque
2142 2944 2275 2989 simul,
2293 2949 2330 2981 et
2353 2954 2550 2992 corporum
2575 2945 2724 2996 castita-

1620 3011 1694 3042 tem
1722 3015 1765 3042 ac
1793 3004 2011 3052 puritatem,
2039 3014 2189 3051 precum
2215 3003 2296 3040 loco
2320 3008 2358 3040 et
2386 3002 2529 3040 odorati
2558 3003 2719 3053 thymia·

1619 3065 1729 3100 matis
1748 3063 1971 3106 offerebant,
1993 3062 2196 3099 clamantes
2211 3072 2297 3099 cum
2316 3062 2502 3110 lacrymis.
2522 3077 2541 3094 u
2561 3063 2723 3115 Domine

1621 3141 1637 3156 ι»
1665 3124 1920 3171 omnipotens,
1937 3123 2004 3159 tibi
2030 3122 2160 3160 urbem
2186 3128 2310 3167 tuam,
2339 3128 2495 3170 tuosque
2520 3123 2720 3160 familiares

1621 3199 1637 3215 »
1665 3194 1732 3219 nos
1758 3176 1890 3229 pueros
1908 3187 1950 3218 ut
1969 3181 2089 3225 vides,
2107 3192 2129 3218 ο
2148 3180 2405 3225 sanctissima,
2423 3180 2547 3218 adhuc
2564 3181 2720 3218 existen-

1620 3258 1636 3274 »
1665 3248 1718 3279 tes
1730 3271 1739 3286 ,
1756 3247 1858 3289 pater
1880 3246 2004 3278 noster
2023 3239 2252 3278 concredidit
2271 3246 2307 3278 et
2328 3239 2619 3283 commendavit;
2637 3245 2719 3278 tua·

1620 3318 1635 3333 »
1664 3312 1733 3349 que
1755 3306 1902 3346 sumpta
1928 3311 2039 3337 cruce
2057 3305 2183 3336 contra
2202 3299 2309 3347 lupos
2331 3298 2516 3346 profectus
2539 3304 2594 3335 est
2611 3292 2717 3336 ovilis

1619 3376 1635 3391 »
1664 3360 1730 3396 filii
1755 3360 1809 3396 tui
1826 3370 1911 3396 oves
1937 3364 2131 3396 vastantes.
2159 3357 2268 3406 Eripe
2285 3367 2372 3405 ergo
2387 3367 2455 3394 nos
2476 3362 2513 3394 et
2529 3357 2661 3394 urbem
2682 3363 2719 3395 et

1619 3436 1634 3451 »
1663 3420 1822 3456 incolas:
1851 3420 1950 3465 eripe
1975 3429 2016 3455 ex
2041 3417 2242 3455 insidiante
2263 3416 2370 3454 nobis
2389 3421 2570 3463 serpente.
2599 3432 2616 3448 ν»
2645 3417 2717 3454 Sed

1615 3484 1652 3514 et
1675 3478 1800 3514 civitas
1824 3478 1867 3513 in
1885 3466 2031 3513 'litaniis
2057 3481 2094 3513 et
2116 3475 2288 3523 vigilibus
2312 3474 2481 3522 precibus
2505 3485 2715 3522 persevera·

1614 3536 1696 3579 bat,
1725 3535 1947 3583 magistrum
1978 3535 2119 3572 habens
2144 3534 2209 3582 qui
2234 3533 2289 3570 sic
2315 3533 2488 3581 proeliari
2512 3533 2654 3571 sciehat
2676 3539 2735 3570 et

1614 3596 1667 3632 sic
1684 3605 1785 3632 arma
1801 3600 1980 3639 tractare,
1999 3594 2144 3631 Esaiam
2164 3593 2315 3639 inquam
2333 3597 2521 3639 nostrum,
2541 3603 2715 3630 veneran-

1614 3653 1703 3691 dum
1724 3653 1949 3701 pontificem.
1969 3651 2192 3690 Huiusmodi
2209 3656 2288 3687 erat
2302 3657 2488 3688 armatura
2508 3657 2545 3689 et
2567 3651 2714 3698 gladius

1613 3718 1650 3749 et
1671 3719 1818 3749 scutum
1847 3713 1962 3749 totius
1986 3710 2088 3748 urbis
2113 3721 2156 3747 ac
2186 3710 2319 3746 civium
2334 3738 2344 3754 ,
2369 3710 2550 3746 nimirum
2580 3720 2712 3746 manus

1613 3771 1659 3808 ad
1678 3773 1798 3808 Deum
1815 3770 2000 3814 attollere,
2020 3775 2057 3806 et
2080 3768 2270 3816 Virginem
2299 3768 2370 3806 sibi
2396 3769 2536 3817 precari
2562 3769 2712 3806 auxilia·

1612 3831 1741 3867 tricem
1761 3836 1798 3867 et
1821 3829 2087 3877 protectricem.
2115 3828 2304 3875 Quotquot
2321 3828 2420 3865 enim
2443 3829 2483 3865 in
2506 3827 2633 3865 ordine
2651 3837 2712 3864 sa-

1612 3889 1788 3926 cerdotali
1819 3893 1942 3932 erant,
1969 3892 2004 3924 et
2032 3887 2072 3923 in
2102 3886 2222 3932 clero,
2249 3892 2285 3925 et
2312 3887 2352 3924 in
2384 3887 2586 3925 monastica
2614 3887 2709 3932 vita,

2964 1296 2970 1332 Ξ

2964 1333 2970 1354 ι,

2964 1359 2970 1388 1
