2970 4380
519 245 611 292 592
779 284 783 290 f
1166 259 1294 290 MissA
1328 256 1453 290 meu
1487 258 1642 290 unane.
1680 260 1733 297 11(
1757 245 1855 291 con}
1894 256 2123 293 nmaosoi..

506 337 658 388 fratres
694 335 782 374 boni
819 347 864 374 ac
889 334 1054 386 fideleS,
1092 335 1129 374 si
1163 336 1251 399 quis
1290 339 1461 375 vestrum
1498 335 1616 375 habet
1654 336 1810 388 aliquid
1849 337 2037 377 adversus
2068 349 2320 402 quemquam,
2357 347 2428 383 aut
2461 345 2584 385 uoeori
2609 358 2768 398 operam

514 408 625 447 dedit
654 407 828 447 hesterno
854 407 1036 458 sabbato,
1067 410 1137 446 aut
1167 407 1389 448 illusionem
1416 407 1698 458 phantasticam
1723 419 1865 459 passus
1890 412 1963 459 est,
1991 409 2025 447 is
2055 421 2131 448 non
2158 413 2215 449 est
2235 410 2376 462 diqnus
2404 417 2651 458 immaculato
2677 431 2769 460 cor-

509 491 610 530 pore-
641 478 789 518 domini
819 480 941 518 nostri
961 478 1051 517 Iesu
1084 478 1248 518 Christi.
1285 479 1338 517 Et
1365 490 1454 517 cum
1476 478 1582 518 dixit
1601 478 1803 518 sacerdos:
1827 483 1960 519 sancta
1989 481 2153 536 sa-nctis;
2177 478 2268 520 tunc
2288 483 2372 522 vidi
2396 487 2527 527 vultus
2551 489 2642 528 illos
2667 494 2770 530 tam-

516 563 635 601 quam
665 550 842 589 victimas
867 551 989 600 fieri;
1022 554 1059 588 et
1095 550 1253 601 anqelos
1285 552 1472 600 correptis
1507 550 1655 600 qladiis
1687 562 1861 602 puerum
1895 551 2012 592 illum
2051 555 2241 603 mactare,
2274 548 2574 610 sanquinemque
2610 564 2691 601 eius
2723 563 2767 602 in

515 632 670 660 sacrum
695 621 855 660 calicem
877 619 1069 670 sundere,
1107 624 1145 660 et
1170 622 1362 660 concisum
1380 618 1588 670 frustatim
1614 632 1755 672 corpus
1782 633 1905 672 supra
1928 634 2074 673 panem
2099 624 2320 674 imponere:
2343 623 2548 677 factusque
2570 634 2627 669 'est
2646 635 2764 682 panis

517 689 674 748 corpus,
705 695 742 730 et
767 693 900 730 vinum
929 694 1090 742 sanquis
1122 691 1269 731 domini
1297 693 1419 730 nostri
1447 691 1538 730 Iesu
1568 691 1730 731 Christi.
1764 693 1818 731 Et
1847 693 2112 733 convenientes
2139 697 2266 733 cuncti
2295 697 2364 746 qui
2387 695 2570 753 aderant„
2593 702 2761 752 partici-

515 761 680 811 pabant.
717 762 795 811 Qui
822 774 914 801 vero
944 752 1057 802 amen
1079 775 1156 802 non
1186 763 1385 812 dicebant,
1411 762 1454 801 lii
1483 763 1604 802 alieni
1636 767 1749 803 erant
1776 776 1801 803 a
1822 765 1916 815 filio
1941 765 2032 805 Dei.
2066 764 2171 807 Rem
2195 764 2404 818 explicant
2432 766 2545 820 apud
2566 767 2762 817 Gom-ium

516 842 562 884 p.
603 831 698 872 119.
733 843 787 872 ss.
823 831 1071 873 Ambrosius
1100 835 1142 872 81
1171 832 1257 873 Leo
1289 832 1372 873 PP.
1406 830 1481 872 ubi
1511 830 1656 881 dicunt
1686 832 1858 874 solitum
1891 833 2141 888 responderi
2171 847 2283 875 amen
2313 835 2367 877 ab
2397 836 2448 877 iis
2480 836 2553 890 qui
2582 836 2764 885 oblatam

518 901 808 944 eucharistiam
839 915 935 944 cum
965 902 1048 944 fide
1080 902 1380 957 suscipiebant.
1415 904 1489 954 (Et
1520 903 1578 944 sic
1608 904 1732 945 etiam
1753 905 2002 948 Ben-Assali
2031 918 2076 960 p.
2103 903 2206 962 80.)
2239 906 2482 949 Ambrosius
2513 907 2682 962 quidem
2711 911 2762 955 de

519 985 628 1015 sacr.
653 973 728 1014 lib.
755 973 830 1015 IV.
858 975 901 1014 5.
932 991 948 1008 «
975 974 1086 1015 Dicit
1116 973 1195 1015 tibi
1223 973 1442 1016 sacerdos:
1478 986 1633 1028 corpus
1654 975 1834 1028 Christi;
1860 981 1903 1018 et
1931 980 1980 1018 tu
2009 976 2135 1019 dicis:
2160 989 2305 1031 amen,
2329 978 2413 1020 hoc
2440 983 2524 1031 est,
2548 991 2710 1020 verum.
2743 997 2759 1015 »ι

517 1044 602 1085 Leo
632 1049 771 1085 autem
792 1044 858 1086 ed.
886 1044 1035 1086 Baller.
1063 1057 1192 1086 serm.
1218 1045 1326 1087 XCI.
1358 1064 1374 1080 «
1404 1046 1497 1087 Hoc
1529 1057 1602 1087 ore
1633 1046 1836 1098 sumitur,
1864 1046 1981 1101 quod
2012 1047 2094 1089 fide
2125 1048 2333 1090 creditur:
2356 1054 2402 1091 et
2424 1049 2575 1091 frustra
2603 1049 2655 1092 ab
2685 1050 2772 1092 illis
2821 1061 2831 1100 γ·

525 1134 539 1149 »
575 1128 688 1170 amen
718 1114 1018 1169 respondetur,
1042 1128 1065 1157 a
1096 1114 1251 1170 quibus
1282 1120 1428 1157 contra
1459 1115 1504 1157 id
1535 1116 1653 1170 quod
1684 1117 1892 1172 accipitur
1922 1117 2174 1172 disputatur.
2208 1138 2224 1154 »
2252 1118 2369 1173 Siqui
2397 1132 2499 1162 vero
2530 1134 2641 1162 amen
2671 1120 2766 1162 nul-

516 1188 680 1229 latenus
708 1186 1043 1240 respondebant,
1076 1187 1104 1228 ii
1135 1187 1260 1241 plane
1290 1187 1531 1248 incredulos
1562 1190 1693 1229 semet
1723 1187 2017 1231 ostendebant.
2050 1189 2201 1232 Eadem
2234 1189 2379 1232 dieunt
2408 1190 2461 1232 de
2489 1202 2767 1234 sensu-voca-

516 1257 607 1299 buli
636 1271 748 1298 amen
777 1257 821 1298 in
852 1257 935 1298 hoc
965 1257 1236 1312 percipiendo
1267 1262 1528 1300 sacramento
1561 1260 1646 1315 syri
1676 1259 1937 1314 expositores
1972 1259 2087 1314 apud
2114 1260 2375 1302 Zanolinium
2406 1261 2458 1303 de
2490 1262 2621 1304 Euch.
2653 1255 2762 1305 saer.
2797 1304 2801 1310 ,

518 1342 563 1384 p.
589 1329 660 1369 44.
686 1332 728 1369 et
751 1340 840 1382 seq.
875 1329 911 1369 N
916 1341 995 1370 unc
1019 1328 1133 1383 apud
1155 1341 1231 1370 nos
1252 1328 1470 1384 sacerdos,
1495 1330 1570 1384 qui
1593 1329 1749 1383 tradit,
1775 1330 2000 1372 dictionem
2021 1343 2139 1372 suam
2161 1331 2378 1373 concludit
2399 1332 2606 1374 vocabulo
2625 1347 2757 1386 amen,

518 1400 635 1455 quod
659 1404 749 1441 erat
771 1412 794 1441 a
817 1400 1070 1454 suscipiente
1094 1400 1451 1455 respondendum.
1485 1401 1566 1443 Sed
1597 1401 1792 1449 hodierni
1815 1415 1987 1458 quoque
2009 1403 2155 1483 Graeci
2185 1416 2263 1479 1103
2291 1404 2446 1446 imitari
2467 1403 2684 1458 videntur,
2707 1405 2764 1447 ob

516 1470 727 1514 vitandam
757 1483 908 1513 vocum
939 1471 1268 1514 multitudinem
1302 1472 1473 1515 Catech.
1509 1485 1575 1528 gr.
1609 1486 1653 1529 p.
1687 1475 1759 1516 60.

1497 1545 1673 1588 IMAGO
1703 1545 1779 1587 IX.

633 1615 900 1670 Eulogiarum
931 1628 1003 1657 seu
1036 1615 1155 1669 panis
1186 1628 1236 1657 ex
1267 1614 1420 1659 oblatis
1448 1615 1708 1672 distributio.
1744 1601 1866 1654 Mer&
1890 1623 1959 1655 την
1985 1602 2106 1668 εὐχήν
2131 1601 2372 1670 ἐξέρχεταιζ
2355 1628 2373 1653 o
2401 1602 2548 1671 ἶερευς,
2574 1603 2640 1654 καὶ
2665 1604 2768 1662 στὰς

517 1676 555 1722 ἐν
588 1678 643 1738 τῷ
673 1673 831 1726 συνήθει
867 1696 971 1736 τοπῳ
1004 1672 1139 1723 δι’ὃωσι
1173 1696 1216 1723 το
1250 1671 1481 1740 ὀντιόωρεντ
1510 1692 1603 1742 post
1631 1690 1843 1728 orationem
1872 1688 2077 1740 eqreditur
2105 1690 2304 1741 sacerdos,
2334 1694 2374 1730 et
2403 1694 2579 1731 consueto
2608 1694 2650 1732 in
2680 1691 2765 1732 loco

519 1761 663 1809 (extra
692 1758 870 1800 bematis
891 1771 963 1799 seu
987 1757 1240 1812 presbyterii
1262 1759 1458 1812 portam)
1489 1762 1695 1800 consistens
1725 1759 1795 1799 dat
1823 1759 2062 1800 antidorum.
2097 1759 2270 1812 Coram,
2297 1759 2382 1801 duo
2407 1764 2507 1802 sunt
2533 1772 2583 1802 ex
2609 1761 2661 1803 iis
2688 1762 2766 1815 ’(1111

514 1831 558 1878 111
589 1829 863 1885 praecedente
892 1829 1073 1883 imagine
1099 1828 1393 1871 eucharistiam
1425 1829 1669 1871 sumebant:
1704 1829 1748 1871 in
1779 1829 1946 1871 sinistro
1978 1829 2108 1872 latere
2138 1830 2369 1872 monachus
2398 1825 2493 1874 cum
2524 1831 2764 1886 hegumeno

513 1900 673 1956 pedum
700 1905 884 1942 tenente.
920 1900 1055 1955 Media
1076 1900 1118 1941 in
1142 1901 1312 1954 pictura
1334 1900 1607 1955 conspicuum
1631 1899 1770 1942 adhuc
1797 1900 1926 1942 altare
1946 1900 2056 1942 iutra
2077 1900 2253 1943 bematis
2282 1906 2464 1956 portam.
2499 1902 2549 1944 In
2576 1901 2764 1944 eiusdem

514 1972 694 2014 bematis
715 1971 905 2013 tabulato
937 1971 1039 2026 picti
1062 1970 1184 2012 beata
1206 1971 1360 2024 Maria,
1388 1975 1430 2011 et
1460 1971 1630 2025 quidam
1654 1975 1820 2013 sanetus
1840 1971 2064 2025 episcopus
2084 1970 2239 2013 librum
2262 1975 2405 2014 tenens
2425 1984 2474 2014 ac
2493 1972 2758 2015 benedicens.

513 2042 708 2087 Sublimis
743 2044 786 2084 in
818 2045 912 2084 aere
943 2055 1049 2096 puer
1078 2043 1194 2091 Iesus
1230 2043 1349 2095 quasi
1378 2042 1423 2083 in
1454 2041 1614 2083 eaelum
1635 2041 1958 2095 conscendens,
1991 2043 2057 2084 vel
2094 2047 2142 2084 ut
2176 2042 2321 2084 Graeci
2356 2047 2495 2096 patres
2528 2042 2764 2097 loquuntur

513 2109 895 2175 assumptu'sfficum
921 2126 1007 2168 quo
1032 2113 1167 2167 angeli
1186 2112 1372 2154 fructum
1394 2111 1584 2154 sacrificii
1609 2125 1839 2167 precesque
1858 2112 2043 2154 fidelium
2065 2112 2117 2154 ad
2137 2113 2275 2154 Deum
2295 2111 2488 2153 ferentes.
2515 2113 2764 2170 Andidensia

513 2190 657 2228 noster
678 2199 720 2227 n.
750 2187 822 2227 38.
847 2189 990 2226 narrat
1012 2185 1055 2225 in
1080 2185 1227 2226 missae
1247 2183 1331 2225 fine
1354 2183 1444 2225 fieri
1467 2184 1834 2239 consumptionem
1856 2196 1931 2226 seu
1950 2184 2228 2226 sublationem
2250 2195 2466 2225 sacrorum
2493 2194 2599 2236 quae
2618 2177 2761 2226 relicta

513 2262 611 2299 sunt
640 2257 999 2311 fragmentorum,
1025 2267 1111 2308 quo
1143 2258 1238 2295 actu
1262 2254 1451 2295 ascensio
1472 2255 1625 2295 Christi
1648 2254 1809 2296 domini
1838 2254 2112 2307 significatur.
2147 2256 2198 2295 Et
2227 2254 2286 2294 sic
2313 2253 2486 2294 omuino
2513 2253 2636 2293 etiam
2659 2252 2765 2300 Ger-

513 2310 661 2369 manus
681 2328 726 2368 in
747 2326 1044 2379 liturgicorum
1063 2329 1285 2366 'auctorum
1311 2336 1377 2378 gr.
1403 2309 1585 2366 editione
1609 2323 1824 2378 parisiensi
1845 2335 1888 2377 p.
1924 2324 2019 2365 179.
2048 2321 2254 2364 Videlicet
2280 2334 2376 2363 cum
2396 2322 2438 2362 in
2459 2333 2572 2362 sacra
2593 2321 2761 2376 liturgia

513 2399 704 2440 universa
727 2397 881 2438 Christi
903 2393 993 2436 vita*
1010 2399 1367 2449 repraesentetur,
1392 2394 1509 2449 quod
1531 2394 1612 2435 sibi
1633 2386 2006 2436 demonstrandum
2029 2393 2252 2447 proposuit
2272 2392 2520 2434 Andidensis
2543 2405 2587 2433 n.
2611 2393 2660 2446 3,
2684 2404 2763 2433 nec

512 2483 599 2512 non
631 2469 838 2511 Cabasilas
868 2480 962 2521 cap.
999 2468 1050 2519 6,
1085 2471 1127 2508 et
1158 2466 1338 2520 denique
1369 2466 1597 2508 catechesis
1627 2478 1669 2521 p.
1713 2466 1817 2519 183,
1853 2466 1955 2506 haec
1985 2465 2139 2506 Christi
2169 2464 2329 2505 domini
2360 2463 2546 2504 ascensio
2583 2475 2690 2516 quae
2718 2463 2763 2505 in

512 2546 658 2585 nostra
679 2553 793 2582 nona
813 2539 968 2581 tabella
990 2541 1352 2594 repraesentatur,
1377 2535 1624 2579 coronidem
1653 2538 1834 2591 imponit
1864 2536 1998 2591 operi.
2032 2537 2168 2578 Porro
2199 2534 2348 2577 missae
2370 2533 2553 2578 clausula
2578 2536 2665 2586 est,
2689 2544 2766 2587 pa·

512 2613 578 2655 nis
607 2611 843 2657 benedicti.
869 2610 955 2652 sive
987 2608 1143 2663 oblati,
1169 2608 1222 2650 ad
1253 2607 1459 2663 populum
1481 2607 1695 2660 diribitio,
1722 2608 1796 2662 qui
1824 2608 1868 2649 in
1897 2607 2016 2650 lance
2037 2619 2198 2661 puero,
2220 2605 2427 2660 populum
2457 2604 2576 2659 quasi
2595 2607 2764 2658 rep'rae-

514 2683 718 2735 sentanti,
743 2681 938 2723 traditur.
973 2680 1137 2722 Etenim
1167 2684 1216 2721 111
1245 2679 1673 2721 scribit'Ben-Assali
1702 2679 1736 2721 f.
1762 2681 1834 2722 80.
1868 2678 1970 2722 1111111
2003 2678 2243 2720 conservari
2273 2676 2476 2718 debet-ex
2506 2674 2661 2717 oblatis
2690 2685 2765 2729 pa-

515 2755 661 2806 nibus,
685 2753 758 2795 sed
791 2752 932 2794 omnia
962 2755 1060 2806 post
1089 2753 1258 2793 missam
1291 2750 1502 2792 distribui.
1537 2749 1613 2792 Illa
1643 2762 1816 2805 quoque
1838 2750 1881 2791 in
1903 2761 2078 2804 graecae
2100 2749 2248 2790 missae
2276 2747 2359 2790 fine
2384 2746 2438 2788 ’111
2459 2745 2671 2788 interdum
2699 2745 2765 2788 di-

514 2826 744 2878 stributio,
778 2837 885 2879 quae
918 2823 1073 2866 dieitur
1103 2822 1357 2878 colyborum
1389 2822 1440 2873 (i.
1473 2834 1513 2863 e.
1541 2822 1851 2876 placentarum)
1883 2833 2017 2876 eaque
2048 2821 2206 2876 pariter
2235 2832 2354 2862 sacro
2383 2819 2467 2860 ritu
2494 2830 2517 2860 a
2547 2816 2762 2861 sacerdote

514 2899 754 2953 peragitur
782 2897 832 2938 de
864 2909 948 2950 qua
979 2894 1231 2949 peculiarem
1252 2893 1597 2948 scriptiunculam
1620 2892 1751 2935 edidit
1772 2892 1972 2935 Gabrihel
2001 2890 2386 2947 philadelphiensis.
2420 2890 2612 2944 Denique
2633 2889 2766 2943 ipsius

517 2969 786 3011 eucharistiae
816 2967 1011 3021 reliquias
1045 2964 1504 3019 constantinopolitana
1539 2963 1611 3005 diu
1644 2963 1817 3005 ecclesia
1845 2963 2020 3005 indulsit
2057 2963 2196 3017 pueris
2221 2960 2557 3013 001131111181111113,
2589 2950 2767 3002 testibus

516 3041 696 3094 Evagrio
727 3038 802 3080 lib
831 3039 905 3079 IV.
932 3037 1011 3097 36,
1044 3041 1087 3078 et
1115 3035 1354 3090 Nicephoro
1387 3034 1556 3077 Callisto
1587 3034 1687 3075 hist.
1712 3033 1788 3075 lib
1815 3035 1949 3077 XVII.
1977 3034 2049 3074 25
2082 3032 2161 3075 Sed
2191 3036 2238 3074 ut
2268 3031 2323 3074 ad
2351 3030 2544 3074 tabellam
2576 3033 2764 3071 nostram

515 3110 756 3162 redeamus,
780 3114 878 3163 post
909 3120 1000 3149 eam
1029 3107 1150 3161 panis
1181 3106 1467 3147 diribitionem
1489 3105 1538 3147 fit
1568 3090 1778 3149 ἀπὲλυσις,
1811 3103 1856 3145 id
1881 3108 1943 3146 est
1970 3103 2173 3146 dimissiO.
2203 3103 2308 3145 Nam
2330 3102 2438 3144 310111
2460 3101 2597 3143 Latini
2619 3100 2764 3142 dicunt

517 3185 589 3233 ite,
618 3185 734 3222 missa
759 3176 838 3232 est3
866 3180 923 3220 310
955 3178 1129 3219 Graeci:
1158 3163 1399 3218 discedamus
1429 3191 1473 3218 tn
1493 3190 1610 3230 pace.
1644 3176 1817 3218 Adiecta
1839 3179 1980 3217 autem
2009 3174 2181 3228 imagini
2209 3173 2439 3229 epigraphe
2469 3174 2528 3214 sic
2556 3172 2759 3239 loquitur.

518 3249 646 3298 Ι(αι”
627 3273 692 3300 οτε
725 3245 831 3300 εἶπεν
857 3250 873 3297 ὃ
902 3248 1061 3307 &tuffam-a,
1090 3251 1127 3296 ἐν
1161 3245 1284 3314 εἰρήνῃ
1318 3245 1595 3312 πρεὲὶὲωμεν,
1630 3242 1731 3295 saiw
1764 3245 1836 3300 τὰς
1868 3244 1991 3300 ..ἲ-εἴας
2025 3242 2207 3309 δυνάμεις
2239 3246 2475 3300 δεξαζουσας
2509 3265 2553 3292 το
2584 3231 2755 3295 παιδίον..

517 3344 583 3368 και
619 3325 656 3369 ἓν
691 3324 746 3385 τῷ
775 3324 920 3386 ευρανῷ
949 3319 1020 3382 υψε
1023 3338 1185 3382 υμενας·
1212 3342 1278 3366 και
1312 3340 1382 3372 τας
1408 3321 1481 3373 τῆς
1515 3315 1719 3372 ἓκκλησιας
1751 3314 1941 3383 ἀπαρχας
1974 3338 2044 3366 συν
2070 3320 2125 3379 τῷ
2146 3337 2259 3380 κυριῳ
2291 3316 2346 3369 εἷς
2380 3336 2449 3364 τον
2469 3332 2626 3378 ουρανον
2649 3314 2759 3374 ἆνερ-

518 3414 566 3454 χε
570 3408 704 3453 μενας·
730 3415 795 3440 και
820 3395 948 3440 ταῦτα
973 3388 1211 3443 ἀκιυσαντες
1238 3413 1270 3437 ει
1295 3390 1381 3453 o'c'ytc
1365 3412 1395 3436 ι
1422 3386 1613 3453 πατέρες,
1639 3411 1706 3436 και
1739 3384 1984 3451 καῗανυγὲντ
1990 3409 2052 3444 ες,
2081 3385 2228 3434 ἔδωκαν
2254 3382 2371 3440 δόξαν
2404 3407 2460 3448 τῳ
2481 3384 2562 3445 5εῷ
2589 3401 2643 3434 εις
2669 3400 2758 3433 τους

519 3464 678 3516 αἰῶνας
714 3460 833 3524 ἀμήν.
867 3475 902 3513 F
905 3478 921 3513 t
948 3486 1034 3513 cum
1064 3473 1170 3512 dioeit
1199 3472 1405 3512 diaconus:
1437 3472 1679 3511 discedamus
1710 3474 1752 3511 in
1782 3468 1908 3523 pace3
1941 3471 2025 3509 vidi
2054 3475 2146 3510 tunc
2181 3469 2334 3509 diiinas
2358 3469 2565 3520 potestates
2586 3473 2761 3515 puerum

516 3546 706 3599 (lesum)
736 3547 867 3597 ylaris
855 3550 1015 3596 cantes
1044 3548 1083 3583 et
1109 3546 1150 3590 in
1180 3545 1332 3583 caelum
1361 3544 1511 3583 elatas:
1544 3546 1583 3582 et
1611 3543 1791 3582 ecclesiae
1821 3542 2033 3582 oblationes
2055 3542 2216 3592 pariter
2245 3552 2331 3580 cum
2355 3539 2518 3578 Domino
2543 3547 2586 3574 tn
2609 3534 2759 3578 caelum

517 3618 706 3658 sublatas.
731 3618 855 3667 Atque
883 3617 976 3656 leaeo
995 3618 1117 3655 sancti
1134 3618 1231 3667 patr
1232 3627 1271 3655 es
1291 3615 1492 3655 audientes
1514 3619 1552 3655 et
1571 3616 1809 3665 compuncti,
1834 3614 2003 3667 qloriam
2025 3613 2107 3652 Deo
2127 3612 2318 3652 dederunt
2331 3621 2409 3662 per
2427 3606 2594 3648 saecula
2619 3605 2757 3644 Amen.
