2970 4420
281 550 300 579 t.
321 553 364 579 43.
385 556 414 580 a.

277 1414 298 1443 f.
318 1417 361 1443 43.
382 1413 413 1443 h.

284 2275 305 2304 i,
325 2279 370 2304 44.
391 2282 418 2304 a.

285 3082 306 3110 s.
326 3086 370 3110 44.
390 3082 422 3112 b.

292 3878 313 3906 Ι.
333 3881 377 3914 45.
400 3885 427 3913 a.

461 266 556 312 εει

526 354 565 398 β’.
590 355 657 390 Καὶ
674 354 764 391 ,κύων
789 355 895 397 ἄλλος
929 353 1102 407 βάρβαρος
1134 357 1310 397 λυσσώδης
1343 356 1400 392 καὶ
1433 370 1547 404 μεμη-

451 418 527 460 νώς,
553 416 654 452 ἐθνῶν
677 417 799 465 οἰγρίων
824 418 1036 466 η’γούμενος,
1061 418 1127 454 ὅσα
1151 419 1188 452 τὲ
1213 418 1303 452 κατοὶ
1326 415 1463 466 ἄρκτον,
1485 418 1543 453 καὶ

451 479 518 514 ὅσα
543 479 643 528 μέρος
671 480 800 516 οἷκοῢσι
823 483 882 522 τῆς
905 481 1028 522 δύσεως
1049 480 1107 515 ου’κ
1132 479 1332 527 ε’λοὶχιστον,
1353 477 1435 518 ἔθνη
1456 479 1544 527 ἄγων

450 533 648 588 ἀλλόφυλα,
675 538 716 576 ὦν
749 541 766 577 o‘
798 540 944 590 οἷριθμὸς
977 544 1021 590 τῇ
1052 539 1234 585 θαλασσίᾳ
1264 539 1397 588 ψάμμῳ
1428 542 1549 590 μικροῦ

450 604 515 637 δεῖν
542 601 763 650 οἶπεικοέζετο,
788 603 974 652 ἐφρύαξαν,
999 602 1228 650 ἐμελέτησαν,
1253 601 1379 646 ἦλθον,
1399 602 1549 643 ἐπέστη-

450 678 531 708 σαν,
556 665 746 701 ἐκύκλωσαν
771 669 834 713 «γῆν
861 681 895 700 τε
924 667 980 700 και1
1009 664 1210 707 θάλασσαν,
1236 665 1278 706 ὥς
1304 666 1341 702 τὸ
1369 666 1480 713 κηρίον
1506 661 1545 702 αἶ

448 727 624 774 μέλισσαι.
649 729 717 763 Καὶ
744 727 907 771 βασιλεὺς
933 727 997 774 μέν
1022 726 1134 774 μέγας
1161 727 1267 770 οἷπῆν,
1292 727 1452 776 ἐπολέμει
1479 729 1546 777 ’γὰρ

450 786 500 828 εἷς
521 787 635 835 χώραν
659 788 791 836 μακροὶν
817 790 890 843 τοῖς
915 787 1053 821 ἅπασαν
1082 788 1140 826 τήν
1165 787 1235 823 όπᾶ
1259 788 1442 836 Ῥωμαίους
1468 790 1548 824 οἰνα-

447 849 549 888 τολνὶν
574 848 775 897 ἐκδηώσασι·
796 847 964 896 χίμαιραν
990 847 1068 895 ὁρῶν
1089 847 1128 883 ου’
1137 848 1350 898 -τρικέφαλον
1376 847 1469 885 ἀλλοὶ
1487 864 1549 886 πο-

448 910 653 957 λυκέφαλον,
681 909 985 957 Ναβουχοδονόσορ
1020 910 1075 944 τόν
1109 913 1161 944 νῦν
1196 909 1400 953 βαβυλώνιον
1434 911 1549 960 τύραν-

449 985 521 1015 νον,
542 971 696 1020 Χοσρόην
722 971 809 1019 φημὶ
837 972 892 1006 τόν
920 972 1124 1019 δυσώνυμον,
1145 969 1170 1018 ᾧ
1194 973 1251 1007 καὶ
1279 973 1316 1008 τὸ
1344 971 1411 1020 ζῇν
1429 974 1486 1009 καὶ
1510 976 1548 1010 'ro'

449 1035 582 1080 Περσῶν
613 1031 804 1075 βασιλεύειν
834 1034 1032 1080 χριστιανός
1062 1032 1226 1076 βασιλεύς
1255 1034 1458 1083 ἐχαρίσατο.
1481 1037 1550 1070 Βα-

451 1096 564 1136 σιλεύς
599 1094 705 1130 τοίνυν
735 1094 753 1130 ὁ
785 1093 897 1141 μέγας
930 1095 1043 1138 οἷπῆν,
1077 1096 1136 1141 υἱῷ
1169 1094 1310 1139 βασιλεῖ
1341 1096 1399 1135 τήν
1432 1111 1550 1146 πατρι-

452 1158 511 1195 κήν
539 1155 696 1203 ζηλοῦντι
723 1155 902 1204 πρᾳότητα
927 1156 1203 1200 καὶ’“εὗσε’βειαν,
1224 1157 1280 1192 τόν
1307 1156 1422 1206 θρόνον
1447 1157 1549 1193 λιπών

454 1218 509 1252 τόν
537 1216 719 1260 βασίλειον·
747 1220 862 1252 τοῦτον
890 1218 923 1252 δὲ
952 1216 1018 1263 θεῷ
1042 1219 1102 1253 και“
1126 1223 1169 1267 τῇ
1193 1218 1366 1267 παρθένῳ,
1393 1219 1452 1254 σύν
1477 1221 1550 1260 τοῖς
1593 1229 1600 1234 ·

450 1279 610 1326 οἷδελφοῖς
633 1279 690 1313 καὶ
712 1281 755 1327 τῇ
775 1279 870 1314 πόλει
893 1279 1081 1321 πιστεύσας
1102 1280 1160 1315 καὶ
1183 1279 1429 1328 παραθέμενος.
1454 1282 1548 1315 Ἀλλ’

452 1342 468 1376 ὁ
498 1342 560 1388 μέν
591 1342 721 1389 πέρσης
756 1342 773 1376 ὁ
807 1341 1012 1390 Σαρβεέραζ,
1045 1341 1127 1378 οὕτω
1161 1343 1229 1391 *γαρ
1262 1343 1317 1378 τόν
1346 1343 1550 1390 Ὁλοφέρνην

451 1406 565 1438 τοῦτον
598 1405 757 1438 καλοῦσιν
785 1403 815 1438 οἱ
843 1403 1068 1447 Βαβυλώνιοι,
1095 1402 1185 1439 ἅπαν
1206 1393 1253 1439 Υτὸ
1286 1405 1379 1451 παρὰ
1409 1404 1551 1452 πέρσαις

451 1465 670 1512 στρατιώταις
696 1465 782 1513 ἔχων
809 1465 999 1510 ἐπίλεκτον,
1021 1465 1138 1508 ἵπποις
1159 1465 1236 1514 ἅμα
1256 1467 1314 1502 καὶ
1340 1466 1489 1515 ἅρμασι,
1510 1470 1552 1515 τῇ

449 1526 570 1574 γείτονι
593 1527 783 1566 Χαλκηδόνι
810 1527 1041 1576 περιεκάθετο·
1062 1528 1198 1577 ε’πείπερ
1224 1528 1314 1574 αὐτῷ
1340 1527 1419 1570 θεὸς
1442 1529 1553 1564 εὐκαι-

450 1587 506 1636 ρίᾳ
539 1590 599 1629 τῆς
635 1587 762 1629 θέσεως
796 1587 943 1624 ἐκώλυσε
978 1589 1037 1628 τήν
1070 1582 1246 1633 διάβασιν,
1273 1590 1328 1625 τὸν
1355 1588 1434 1625 καθ’
1460 1589 1553 1637 ἡμᾶς

449 1650 617 1699 Ἰορδάνην
645 1649 786 1698 θέμενος
813 1652 876 1698 πρὸ
904 1652 1083 1700 προσώπου
1116 1653 1176 1692 τῆς
1207 1650 1350 1694 πόλεως,
1376 1650 1461 1687 ὥστε
1494 1666 1554 1687 κω-
1606 1658 1609 1662 ’

450 1713 538 1748 λύειν
561 1716 632 1755 τοῖς
655 1712 896 1762 οἷπεριτμήτοις
919 1713 1040 1762 καρδία
1062 1714 1119 1752 τήν
1141 1713 1280 1748 εἴσοδον·
1299 1714 1384 1752 πλην
1402 1713 1460 1749 οὐκ
1477 1713 1555 1748 ε’πέ-

451 1789 518 1823 σχε
546 1777 603 1814 τήν
630 1775 752 1811 κακίαν
779 1777 840 1810 τοῦ
863 1775 1027 1822 ἄφρονος,
1045 1768 1143 1810 ἄλλα
1169 1776 1227 1810 καί
1253 1775 1370 1823 λόγοις
1396 1776 1453 1811 καὶ
1477 1775 1555 1818 βου-

450 1839 530 1877 λαῖς
551 1837 608 1871 καὶ
632 1839 782 1885 στρατοῦ
803 1835 1000 1885 ἀποστολῇ,
1022 1836 1212 1884 σύμμαχος
1231 1835 1307 1884 ἅμα
1328 1836 1388 1871 καιΙ
1408 1850 1556 1886 συστρα-

452 1897 571 1940 τιώτης
599 1901 658 1934 τοῦ
684 1898 720 1933 ἐκ
749 1898 871 1941 δύσεως
905 1899 1003 1942 συός,
1030 1899 1121 1933 κατοὶ
1155 1900 1250 1940 τῆςδε
1285 1897 1382 1946 ὤφθη
1410 1901 1470 1940 τῆς
1496 1899 1556 1934 πό-

451 1964 549 2003 λεως,
571 1959 682 1996 πάντα
696 1962 764 2008 κμέν
786 1959 960 2009 ε’μπιπρῶν
983 1959 1066 1996 θεῖα
1086 1962 1207 2008 τεμένη
1231 1961 1290 1995 καιΙ
1309 1949 1557 2003 βασιλικοὶικα-

452 2023 606 2070 ταγῶγια
633 2023 691 2058 καί
718 2022 808 2059 ἅπαν
838 2023 997 2059 ἷδιωτικὸν
1030 2025 1147 2070 κτῆμα
1173 2023 1230 2058 καὶ
1263 2022 1402 2070 οἴκημα·
1428 2021 1557 2057 ἀκατα-

455 2086 567 2134 σχέτῳ
594 2087 627 2120 δὲ
654 2088 696 2132 τῷ
724 2084 821 2133 θυμῷ
854 2085 910 2120 καὶ
938 2084 1063 2132 ζεούσῃ
1091 2087 1134 2132 τῇ
1158 2084 1242 2132 ὀργῇ
1275 2083 1380 2123 αὐτὴν
1408 2085 1467 2123 τήν
1494 2083 1557 2127 βα-

455 2146 568 2182 σιλίδα
591 2147 688 2182 πόλιν
715 2146 886 2195 ε’μπιπρᾷν
912 2144 1143 2194 λογιζόμενος.

531 2207 571 2255 γ’.
593 2208 634 2244 ‘O
657 2209 691 2243 δέ
715 2209 847 2249 δυτικός
868 2206 1017 2256 ε’χθρός,
1040 2207 1078 2241 τὸ
1105 2205 1365 2255 βαρβαρώτατον
1386 2207 1557 2255 ἕκτρωμα,

455 2267 668 2318 ὃνΧαῧγανον
695 2269 878 2317 ἐπιχωρίως
901 2268 1124 2317 ὀνομάζουσιν
1154 2267 1338 2317 βάρβαροι,
1359 2269 1475 2311 αὐτοῖς
1498 2272 1557 2311 τῆς

455 2332 581 2373 πόλεως
608 2331 677 2367 ἐπὶ,
695 2331 824 2378 συχνοὶς
851 2330 981 2379 ’ἡμέρας
1016 2330 1143 2368 ἐπέστη
1178 2333 1251 2371 τοῖς
1280 2329 1448 2379 τοίχεσιν,
1474 2330 1556 2370 ἔθνη

457 2394 545 2441 ἄγων
566 2393 689 2442 μυριά,
710 2396 772 2441 ’γῆν
795 2393 850 2428 καὶ
875 2391 1059 2428 θάλασσαν
1083 2394 1152 2433 τοῖς
1176 2391 1294 2433 ὅπλοις
1322 2393 1557 2440 πληρώσαντα·

456 2460 517 2492 τοῦ
542 2458 607 2504 ’γαρ
635 2456 828 2504 ἁρχεκοὶκου
852 2454 1008 2503 δαίμονος
1032 2455 1191 2503 ὑπάρχων
1213 2453 1364 2502 ὀλέθριον
1390 2456 1558 2503 γέννημα,

456 2518 494 2553 ου’
520 2519 648 2565 φύσεως
674 2518 806 2565 οἷνοίγκη
833 2517 927 2552 οἶλλοὶ
952 2517 1144 2565 προαιρέσει
1172 2516 1282 2551 τέκνον
1309 2516 1470 2560 διαβόλου
1497 2520 1560 2552 δει-

454 2579 578 2628 χθείς,
599 2580 655 2615 καὶ
684 2580 799 2621 ποίσης
822 2582 882 2621 τῆς
904 2579 1030 2614 ἐκείνου
1057 2578 1176 2618 κακίας
1204 2581 1338 2626 δοχεῒον
1363 2578 1559 2630 γενόμενος,

458 2641 569 2690 ὥσπέρ
596 2657 645 2683 τις
671 2640 842 2684 οἶντίθεος,
864 2643 929 2688 γῆς
954 2641 1013 2676 καὶ
1039 2639 1226 2681 θαλάσσης
1252 2639 1345 2688 ἔχειν
1372 2639 1412 2675 τό
1437 2640 1559 2688 κράτος
1606 2658 1609 2662 ·

458 2703 624 2752 οἷόμενος,
646 2702 744 2738 ἔθετο
767 2703 816 2744 εἷς
836 2703 971 2751 οὐρανόν
992 2703 1029 2738 τὸ
1052 2701 1183 2750 στόμα,
1205 2702 1262 2737 και1
1285 2705 1431 2749 ’γλῶσσα
1456 2700 1561 2737 azia-013

459 2766 593 2806 διῆλθεν
615 2765 672 2801 ε’πί
693 2768 752 2806 τῆς
773 2767 854 2812 «γῆς,
875 2765 916 2806 ὦς
938 2763 988 2800 οἷοὶ
1007 2763 1303 2812 καταλελειμμένα
1324 2765 1378 2800 τόν
1400 2766 1460 2800 τοῦ
1480 2762 1562 2799 θεοῦ

457 2828 539 2863 λαὸν
560 2826 638 2877 ἆραι
662 2827 902 2874 διανοούμενος·
924 2825 1002 2862 ὅθεν
1025 2825 1094 2861 οἶπό
1117 2825 1264 2874 περάτων
1286 2828 1351 2873 γῆς
1371 2825 1474 2874 μέχρι
1497 2825 1561 2861 θα-

459 2891 595 2932 λοίσσης
626 2892 687 2931 τοὶς
716 2894 840 2939 χεῖρας
867 2889 974 2924 αὐτοῦ
1005 2890 1066 2930 τοὶς
1097 2888 1294 2937 μιαιφόνους
1322 2888 1473 2933 ἐξέτεινε·
1503 2890 1560 2924 καί

462 2953 521 2991 τήν
547 2953 608 2999 μὲν
634 2951 818 2988 θάλασσαν
843 2954 1040 3000 λῃστρικοῖς
1065 2951 1238 2999 ἐχέρσωσε
1267 2952 1421 2994 σκεύεσι,
1441 2951 1499 2991 τήν
1527 2952 1560 2987 δὲ

460 3017 522 3062 γῆν
549 3014 739 3063 ἐπλήρωσεν
767 3014 891 3051 ἱππέων
913 3015 948 3049 τὲ
971 3014 1028 3049 καί
1049 3012 1169 3060 πεζῶν,
1191 3013 1316 3051 ταύτην
1342 3012 1560 3061 πανταχόθεν

459 3076 518 3115 τήν
541 3076 771 3125 Ἰερουσαλήμ
791 3074 964 3124 πορθῆσαι
988 3074 1203 3122 βουλόμενος.
1227 3073 1268 3108 Τί
1292 3075 1326 3109 δὲ
1353 3072 1421 3123 οἷρα
1445 3077 1561 3109 τοῦτον

462 3137 626 3181 ἐξέκαυσε
654 3137 740 3185 πρός,
764 3137 933 3175 τοσαύτην
959 3136 1138 3179 ἀπόνοιαν,
1163 3136 1220 3171 καὶ
1249 3135 1298 3177 τίς
1329 3135 1418 3181 αὐτῷ
1448 3138 1562 3171 τοῦτον

461 3198 517 3233 το“ν
539 3200 753 3246 παλαμναῖον
773 3197 939 3246 λογισμόν
967 3196 1200 3243 εἶσηγήσατο;
1221 3197 1257 3232 τό
1278 3197 1338 3244 μὲν
1357 3199 1499 3244 πρῶτον,
1521 3197 1561 3238 ὥς

460 3262 585 3307 πρῶτον
602 3260 678 3308 ἐρῶ,
696 3260 755 3295 καὶ
773 3259 875 3301 οὕτως
894 3260 949 3294 ἐπὶ
966 3261 1003 3295 ‘ro'
1022 3259 1171 3308 δεύτερον
1189 3260 1245 3294 καὶ
1264 3261 1455 3294 τελευταῖον
1470 3258 1564 3295 ε’λεύ-

463 3329 578 3366 σομαι·
607 3323 731 3370 πρῶτον
762 3322 794 3356 δὲ
815 3321 912 3368 λέγω
942 3322 998 3356 καὶ
1032 3323 1157 3368 πρῶτον
1189 3320 1271 3368 ἐρῶ,
1301 3322 1364 3355 τῶν
1395 3321 1561 3368 ἡμετέρων

462 3381 713 3430 ἁμαρτημάτων
736 3384 773 3418 τὸ
795 3384 982 3430 πολυμερὲς
1009 3382 1066 3418 καὶ
1093 3382 1301 3431 πολύτροπον
1329 3383 1386 3418 καὶ
1407 3381 1456 3417 ὅτι
1483 3381 1563 3417 οἰνα-

464 3442 539 3485 ξίως
561 3446 619 3478 τῶν
641 3444 779 3480 ε’ντολῶν
801 3444 883 3480 θεοῦ
909 3447 971 3480 τοιΐ
997 3445 1167 3486 σώσαντος
1186 3445 1278 3492 ἡμᾶς
1305 3444 1337 3478 ἐν
1358 3446 1443 3480 πᾶσι
1467 3449 1562 3480 πολι-

463 3504 652 3550 τευόμεθα,
675 3506 845 3548 δάκνοντες
866 3507 1039 3548 ἀλλήλους
1060 3508 1118 3542 καί
1141 3505 1396 3549 κατεσθίοντες,
1417 3509 1475 3542 καί
1497 3508 1562 3542 ποῖν

464 3563 553 3605 εἶδος
572 3566 692 3607 κακίας
710 3569 865 3614 προίττειν
883 3568 1143 3610 ἐπιτηδεύοντες·
1163 3569 1310 3617 δεύτερον
1333 3568 1366 3603 δὲ
1383 3568 1420 3603 τὸ
1437 3566 1562 3603 ἐκείνου

465 3628 525 3660 τοῦ
551 3625 655 3673 θηρὸς
683 3627 859 3667 ἄπληστον
882 3646 916 3665 τε
939 3633 996 3666 καὶ
1018 3630 1293 3680 φιλοχρήματον,
1316 3631 1375 3666 καί
1397 3631 1434 3666 τὸ
1459 3630 1563 3677 μηδὲν

467 3684 550 3721 εἶναι
569 3688 702 3734 κορέσαι
726 3690 783 3728 τήν
801 3690 944 3735 βδέλλαν
962 3692 1087 3731 ταύτην
1103 3691 1242 3731 δυνηθὲν
1262 3691 1285 3731 ἢ
1303 3691 1487 3739 δυνάμενον·
1505 3701 1565 3739 φυ-

467 3749 534 3795 Ὺοίς
556 3750 623 3797 γοὶρ
645 3749 664 3783 ὁ
684 3752 797 3784 τοῦτον
820 3753 908 3785 κατα
929 3752 1040 3800 σοι’ρκα
1060 3753 1126 3798 (ὦς
1149 3752 1221 3789 ε’ίθε
1242 3754 1317 3800 μή)
1341 3753 1505 3800 ’γεννήσας
1527 3751 1563 3787 ἐκ

468 3812 533 3857 7⁷31,-
555 3810 731 3858 ’γενόμενος
749 3810 928 3859 πόρ’ῥωθεν,
946 3815 1002 3848 καί
1023 3814 1133 3863 ὥσπέρ
1153 3830 1203 3857 τις
1218 3815 1310 3862 λύμη
1330 3813 1515 3857 θεήλατος,
1530 3813 1563 3848 ἐν

468 3871 492 3920 ᾗ
514 3874 718 3908 κατοικεῖται
740 3874 791 3908 νῦν
810 3873 922 3921 χώρα,
941 3875 976 3909 τό
999 3874 1095 3916 ἔθνος
1117 3876 1331 3923 ἐπισκήψαν,
1350 3879 1420 3918 τοῖς
1441 3876 1566 3924 ἔμπρο-

1152 282 1205 312 DE
1239 279 1464 312 OBSmIONE
1497 279 2007 314 CONSTANTINOPOLITANA

1684 347 1719 390 2.
1746 354 1850 391 Alter
1876 354 1964 392 item
1987 356 2096 404 ,canis
2120 355 2319 403 barbarus,
2340 355 2519 402 rabidus,
2536 365 2715 400 vesanus,

1615 423 1804 451 saevarum
1833 415 2000 460 gentium
2030 417 2221 464 princeps,
2238 428 2332 455 *eum
2362 417 2448 454 aliis
2478 417 2545 464 qui'
2565 421 2716 463 septen-

1616 473 1774 511 trionem
1799 479 1836 511 et
1851 473 2055 511 occidentis
2073 475 2244 514 habitant
2265 482 2404 524 partem
2426 487 2502 513 non
2522 476 2716 523 exigua-m,

1618 533 1772 580 populos
1795 532 1982 571 adducens
2006 534 2139 572 diversi
2159 537 2324 583 generis,
2351 547 2511 584 quorum
2538 543 2715 572 numerus

1619 592 1732 628 maris
1755 602 1905 628 arenam
1933 592 2047 629 ferme
2077 594 2322 641 exaequabat3
2349 595 2411 639 hi,
2437 595 2588 642 inquam
2605 622 2615 639 ,
2641 593 2715 630 fre-

1619 656 1814 696 muerunt,
1835 650 2001 689 meditati
2027 657 2134 696 sunt,
2157 659 2354 698 venerunt,
2374 658 2622 701 occuparunt,
2641 653 2713 689 cir-

1619 709 1889 747 cumdederunt
1918 716 2053 748 terram
2085 722 2128 748 ac
2157 721 2283 755 mare,
2314 717 2364 748 ut·
2382 712 2505 749 favum
2535 709 2634 759 apes.
2671 712 2717 747 Et
2751 758 2754 761 Ι

1619 780 1777 816 magnus
1792 769 1942 817 quidem
1958 771 2159 817 imperator
2175 770 2322 816 aberat,
2339 771 2560 819 belligerans
2577 772 2617 807 in
2635 770 2716 807 lon-

1619 828 1756 877 ginqua
1781 830 1930 881 regione
1954 841 2039 867 eum
2062 830 2106 867 iis
2127 830 2192 877 qui
2213 830 2391 867 orientem
2415 842 2564 868 omnem
2584 832 2718 867 Roma-

1619 888 1677 925 nis
1702 887 1893 925 subditum
1919 889 2211 936 populabantur3
2239 889 2463 926 chimaeram
2488 889 2615 927 videns
2640 899 2716 925 non

1619 947 1818 995 tricipitem
1846 947 1910 984 sed
1937 949 2144 985 multorum
2167 949 2351 995 capitum,
2380 948 2489 985 illum
2521 948 2587 996 qui
2614 958 2718 984 nunc

1619 1012 1675 1043 est
1692 1006 2033 1044 Nabuchodonosor
2048 1007 2291 1056 babylonicus
2310 1013 2511 1055 tyrannus,
2531 1006 2639 1043 invisi
2655 1017 2719 1043 no-

1621 1066 1734 1102 minis
1759 1065 1842 1103 dico
1867 1066 2059 1112 Cosroem,
2086 1067 2147 1103 cui
2173 1066 2284 1111 etiam
2308 1072 2352 1102 ut
2376 1066 2509 1102 viveret
2533 1070 2571 1102 et
2596 1067 2720 1102 Persa-

1620 1136 1704 1162 rum
1730 1136 1791 1162 rex
1813 1131 1925 1170 esset,
1947 1126 2170 1163 christianus
2193 1126 2393 1173 imperator
2409 1124 2566 1171 largitus
2584 1123 2716 1161 fuerat.

1620 1186 1779 1231 Magnus
1797 1186 1919 1233 itaque
1939 1186 2138 1232 imperator
2154 1185 2303 1229 aberat,
2320 1184 2456 1220 throno
2477 1183 2577 1230 regio
2594 1182 2721 1220 relicto

1622 1243 1831 1290 imperatori
1848 1245 1945 1290 filio,
1966 1245 2106 1291 patriae
2126 1242 2422 1282 mansuetudinis
2439 1253 2481 1279 ae
2500 1241 2647 1289 pietatis
2663 1251 2721 1278 ae-

1622 1303 1748 1349 mulo,
1775 1315 1884 1351 quem
1918 1306 1995 1341 Deo
2026 1310 2063 1341 et
2092 1303 2256 1351 Virgini,
2289 1313 2374 1341 cum
2408 1300 2584 1350 fratribus
2612 1305 2723 1348 atque
2773 1349 2775 1351 ι

1622 1362 1714 1400 urbe
1731 1362 1955 1400 concredens
1975 1362 2306 1400 commendaverat.
2333 1359 2404 1397 Sed
2426 1370 2529 1407 persa
2550 1357 2721 1396 Sarbara-

1622 1433 1707 1467 zus,
1735 1423 1788 1459 sie
1815 1423 1915 1460 enim
1942 1423 2043 1459 hunc
2069 1422 2346 1469 Holophernem
2374 1419 2568 1469 Babylonii
2595 1418 2721 1466 appel-

1623 1482 1722 1527 lant,
1749 1493 1833 1519 cum
1859 1483 1993 1519 selecta
2019 1483 2121 1518 omni
2148 1483 2343 1519 Persarum
2373 1479 2527 1524 militia,-
2553 1477 2658 1526 equis
2687 1482 2724 1514 et

1625 1542 1817 1587 curribus,
1838 1542 1935 1579 circa
1959 1541 2116 1579 vicinam
2141 1539 2411 1578 Chalcedonem
2435 1536 2618 1576 consedit:
2636 1536 2724 1584 quia

1623 1602 1726 1638 Deus
1751 1601 1824 1638 loci
1848 1603 2123 1649 opportunitate
2146 1599 2345 1637 transitum
2372 1597 2581 1645 impedivit,
2601 1595 2725 1633 Iorda-

1624 1671 1710 1698 nem
1739 1667 1906 1699 nostrum
1933 1661 2120 1698 collocans
2145 1667 2230 1697 ante
2247 1659 2350 1696 urbis
2375 1658 2528 1704 faciem,
2546 1662 2588 1694 ut
2615 1655 2725 1693 incir-

1626 1722 1809 1760 cumcisos
1834 1720 1943 1759 corde
1969 1721 2073 1758 aditu
2103 1712 2328 1768 prohiberet.
2354 1717 2424 1755 Sed
2450 1713 2575 1754 tamen
2600 1716 2725 1753 vesani

1626 1780 1731 1818 illius
1756 1782 1958 1829 nequitiam
1981 1792 2056 1818 non
2085 1779 2328 1827 compescuit,
2355 1777 2419 1826 qui
2444 1777 2581 1820 verbis,
2607 1775 2740 1826 consi-⁴

1627 1839 1709 1885 liis,
1729 1841 1908 1878 exereitus
1934 1840 2128 1884 missione,
2148 1837 2334 1881 auxiliaris
2356 1836 2470 1874 simul
2493 1841 2603 1882 atque
2627 1844 2729 1876 comt

1629 1899 1750 1936 milito
1775 1899 2015 1937 occidentalis
2041 1899 2140 1947 apri,
2167 1903 2294 1935 contra
2321 1897 2416 1933 hano
2440 1895 2570 1932 urbem
2598 1904 2636 1930 se
2663 1893 2728 1930 sti·

1628 1958 1691 2003 tit,
1718 1964 1850 1996 cuncta
1878 1959 2117 1996 inflammans
2142 1967 2243 1995 sacra
2271 1955 2429 2003 templa,
2451 1960 2488 1991 et
2508 1952 2725 2002 regaliam-

1627 2017 1784 2054 versoria
1796 2045 1806 2063 ‚
1825 2023 1861 2054 et
1878 2018 2054 2065 privatam
2074 2016 2280 2064 quamlibet
2296 2026 2361 2052 seu
2379 2014 2645 2062 possessionem
2661 2022 2728 2049 seu

1628 2074 1802 2121 domum,
1829 2076 2057 2124 immanique
2083 2066 2230 2120 furore,
2257 2080 2294 2111 et
2321 2073 2473 2127 ardente
2502 2072 2554 2110 ira
2585 2072 2726 2120 regiam

1628 2135 1748 2183 ipsam
1773 2135 1901 2173 urbem
1928 2136 2160 2172 inflammare
2187 2134 2380 2172 meditans.

1700 2200 1733 2230 3.
1761 2198 1811 2231 At
1833 2195 1949 2232 hostis
1971 2194 2228 2239 occidentalis,
2247 2193 2533 2231 barbarissimus
2554 2192 2727 2233 abortus,

1629 2264 1739 2301 quem
1765 2255 1982 2302 Chaganum
2004 2255 2122 2301 patrio
2145 2262 2314 2291 sermone
2338 2252 2487 2289 barbari
2509 2251 2726 2294 nominant,

1630 2319 1716 2354 ante
1733 2314 1811 2361 ipsa
1833 2314 1936 2351 urbis
1963 2314 2090 2350 multis
2112 2313 2243 2350 diebus
2269 2313 2415 2350 moenia
2436 2312 2623 2354 constitit,
2642 2321 2729 2357 gen·

1629 2378 1685 2409 tes
1718 2373 1932 2409 innumeras
1964 2384 2099 2420 agens,
2128 2384 2222 2420 quae
2252 2378 2460 2412 terramae
2488 2381 2587 2408 mare
2616 2369 2730 2406 armis

1631 2432 1849 2479 implebant.
1877 2434 1969 2469 Nam
1992 2444 2078 2482 eum
2099 2432 2256 2469 malefici
2272 2431 2462 2469 daemonis
2482 2430 2727 2478 perniciosum

1631 2502 1783 2536 germen
1812 2498 1925 2538 esset,
1953 2491 2236 2541 haudfnaturae
2264 2490 2483 2527 necessitate
2510 2488 2574 2526 sed
2601 2493 2731 2535 sponte

1631 2561 1699 2587 sua
1717 2551 1867 2588 diaboli
1892 2552 1992 2588 tilius
2018 2538 2196 2596 existens,
2223 2551 2411 2597 totiusque
2437 2549 2539 2587 illius
2567 2548 2730 2585 malitiae

1630 2609 1750 2648 factus
1775 2612 2047 2659 receptaculum
2060 2640 2070 2656 ‚
2088 2616 2278 2658 tamquam
2298 2610 2367 2647 Dei
2390 2609 2534 2653 rivalis,
2552 2613 2668 2645 terrae
2687 2617 2730 2644 ac

1632 2670 1743 2707 maris
1761 2677 1976 2718 potestatem
1999 2677 2123 2708 tenere
2145 2681 2183 2707 se
2208 2676 2363 2717 putans,
2382 2668 2504 2716 posuit
2521 2678 2562 2705 os
2583 2668 2624 2704 in
2647 2677 2730 2704 cae-

1632 2729 1731 2775 lum,
1760 2736 1796 2767 et
1823 2731 1950 2777 lingua
1977 2731 2057 2768 eius
2089 2726 2300 2777 pertransiit
2325 2729 2365 2765 in
2394 2735 2515 2773 terra,
2539 2733 2729 2775 tamquam

1631 2800 1696 2827 ova
1716 2791 1845 2828 relicta
1870 2791 1938 2827 Dei
1960 2791 2136 2838 populum
2157 2801 2195 2827 se
2214 2795 2411 2836 eapturum
2437 2789 2617 2835 cogitans.
2644 2787 2731 2824 Pro-

1633 2855 1755 2895 pterea
1781 2860 1802 2886 a
1826 2849 1965 2886 finibus
1993 2855 2110 2887 terrae
2135 2859 2254 2896 usque
2282 2847 2331 2885 ad
2358 2858 2456 2884 mare
2485 2857 2618 2884 manus
2644 2856 2731 2883 suas

1632 2914 1803 2946 cruentas
1827 2908 2002 2946 extendit.
2030 2910 2078 2944 Et
2104 2914 2239 2945 terram
2265 2906 2415 2955 quidem
2441 2907 2604 2954 piraticis
2626 2905 2730 2943 deso-

1632 2968 1734 3005 labat
1764 2969 1942 3013 navibus;
1972 2974 2117 3005 terram.
2139 2978 2223 3005 vero
2255 2966 2440 3014 equitibus
2473 2965 2731 3013 pediti-husque

1632 3028 1828 3073 onerabat,
1846 3028 1942 3064 hane
1964 3037 2237 3075 quaquaversus
2264 3025 2497 3062 Hierusalem·
2522 3020 2731 3061 exscindere
2762 3041 2766 3053 κ

1632 3089 1769 3125 volenS.
1798 3089 1990 3135 Quaenam
2021 3098 2128 3134 porro
2157 3086 2396 3123 hunecausa
2422 3084 2470 3121 ad
2495 3089 2638 3121 tantam
2666 3093 2730 3119 ac-

1634 3147 1758 3184 cendit
1773 3148 1981 3184 vesaniam?
2001 3147 2093 3194 Quis
2109 3147 2143 3183 ei
2162 3151 2236 3183 tam
2256 3145 2448 3182 'seelestam
2467 3142 2730 3189 cogitationem

1633 3206 1788 3243 iniecit?
1823 3205 2003 3253 Equidem
2042 3206 2199 3252 primam
2237 3215 2411 3248 causam,
2444 3213 2510 3239 ceu
2547 3211 2627 3238 vere
2659 3200 2732 3247 pri·-

1634 3276 1747 3310 mam,
1760 3264 1895 3310 dicam3
1909 3275 1993 3302 mox
2008 3264 2056 3302 ad
2069 3265 2222 3302 alteram
2238 3269 2531 3311 postremamque
2545 3259 2728 3297 accedam.

1633 3326 1797 3362 Primam
1822 3325 1945 3371 itaque
1971 3335 2119 3361 causam
2146 3323 2289 3366 dicam,
2309 3321 2590 3359 multitudinem
2615 3320 2730 3356 varie-

1633 3388 1822 3431 tatemque
1857 3389 2090 3431 peecatorum
2128 3389 2365 3424 nostrorum,
2401 3386 2437 3417 et
2468 3379 2569 3429 quod
2602 3384 2729 3416 eontra

1633 3453 1803 3480 normam
1830 3443 2090 3480 mandatorum
2115 3442 2182 3479 Dei
2207 3440 2398 3478 servatoris
2426 3439 2563 3481 nostri,
2586 3437 2625 3474 in
2650 3448 2729 3473 om-

1633 3503 1746 3540 nibus
1772 3503 1884 3539 vitam
1911 3502 2098 3549 degimus,
2123 3499 2333 3538 mordentes
2354 3499 2509 3537 invicem
2537 3508 2579 3533 ae
2602 3508 2732 3533 voran-
2762 3543 2768 3544 ἶ

1635 3568 1711 3608 tes,
1731 3568 1767 3600 et
1785 3573 1895 3600 omne
1920 3573 2037 3608 genus
2061 3562 2247 3609 nequitiae
2272 3565 2417 3607 patrare
2437 3557 2640 3595 studentes.
2668 3557 2732 3594 Al-

1634 3627 1752 3659 teram
1789 3632 1940 3658 causam
1975 3622 2033 3658 aio
2065 3621 2162 3672 §erae
2197 3619 2298 3655 illIus
2330 3617 2578 3654 insatiabilem
2614 3616 2730 3654 avari*-

1635 3681 1725 3717 tiam
1743 3709 1752 3726 ,
1785 3687 1822 3717 et
1847 3679 1948 3728 quod
1978 3679 2071 3716 nihil
2103 3679 2219 3715 hance
2244 3676 2455 3713 hirudinem
2490 3677 2621 3713 satiare
2651 3687 2733 3712 um-

1635 3751 1748 3787 quam
1775 3741 1948 3788 potuerit.
1975 3738 2069 3780 Exul
2095 3736 2194 3774 enim
2217 3737 2370 3773 huiusce
2393 3736 2538 3783 genitor
2562 3739 2573 3779 (
2587 3736 2731 3772 utinam

1635 3810 1720 3836 vero
1741 3809 1816 3836 non
1833 3798 2069 3846 genuissetl)
2094 3801 2190 3832 terra
2209 3805 2275 3831 sua
2295 3795 2421 3841 procul
2446 3795 2592 3841 pulsus,
2611 3799 2648 3830 et
2657 3804 2732 3833 ceu

1638 3856 1818 3905 quaedam
1841 3855 2035 3894 maledicta
2058 3853 2193 3902 pestis,
2214 3853 2252 3890 in
2277 3864 2317 3890 ea
2344 3864 2455 3901 quam
2477 3863 2577 3890 nunc
2603 3851 2734 3889 incolit
