2970 4420
1220 263 1276 294 »ε
1308 249 2519 295 receneris-149

260 349 559 398 ordinatum,
589 346 673 394 sed
696 346 984 394 auctoritate
1008 363 1260 395 sacrarum
1285 348 1633 431 scripturarum
1655 347 1924 393 detextam.-
1950 345 2114 392 multis
2141 346 2267 391 enim
2290 348 2511 394 assertio-

191 436 194 440 '
258 425 401 471 nibus
431 439 543 470 usus
576 435 645 469 est
676 435 789 469 ante
817 439 965 489 quam
997 424 1347 488 scripturarum
1373 436 1650 471 testimonia
1673 433 1905 487 poneret.
1904 421 2221 468 Gennadius
2211 438 2258 467 m
2280 411 2506 485 catalogo.

262 502 384 548 Vixit
407 515 531 546 anno
557 501 668 547 430.
694 499 991 555 Trithemius‚
1022 502 1110 547 nisi
1134 501 1356 566 mendum
1385 503 1445 548 sit
1468 503 1516 548 in
1539 502 1756 554 nomine,
1783 508 1830 546 et
1853 498 2156 546 Theodotus
2144 514 2193 544 in
2218 498 2515 546 Theodorum

261 577 444 624 abierit.
481 578 748 624 Theodotus
777 579 901 624 enim
925 580 1136 640 Ancyrae
1163 572 1410 626 in'GaIatia
1436 580 1680 641 episcopus
1708 578 1829 624 inter
1855 575 2102 638 ephesinos
2135 584 2290 638 patres
2323 577 2516 623 eximius

258 655 409 702 multa
443 663 604 702 eontra
636 657 900 702 Nestorium
931 670 1206 718 erroresque
1237 657 1362 702 illius
1395 657 1674 718 composuit.
1711 657 1767 701 In
1799 662 1930 718 parte
1967 653 2196 716 siquidem
2221 654 2355 699 tertia
2391 654 2522 700 illius

260 732 445 779 concilii
478 731 712 778 habentur
743 732 868 779 illius
901 733 1121 780 homiiiae
1153 733 1204 779 in
1237 731 1363 778 diem
1398 731 1575 778 Christi
1605 732 1818 779 natalem
1849 732 1900 777 in
1928 731 2094 778 eadem
2129 730 2311 791 synodo
2350 730 2511 776 lectae.

260 810 356 856 Nec
391 823 486 854 non
515 808 604 854 alia
636 806 811 854 ibidem
843 821 1010 855 eontra
1042 809 1315 856 Nestorium
1348 810 1397 855 in
1431 809 1507 855 die
1539 809 1682 856 sancti
1716 808 1935 855 Iohannis
1969 806 2276 869 evangelistae
2309 807 2518 852 recitata.

340 887 566 938 LXXX.
603 885 836 932 Theodori
863 887 1034 933 medici
1061 885 1150 933 sub
1175 886 1392 933 Mauritio
1421 888 1630 933 meminit
1654 885 2024 949 Theophylactus
2047 885 2293 930 Simocatta
2325 882 2408 929 lib.
2437 884 2513 929 vl.

261 931 364 1025 cap.
397 963 474 1008 11.
511 963 616 1009 Fuit
647 964 686 1008 is
719 975 806 1009 την
844 952 993 1016 φύσιν
1022 950 1196 1026 δεξιός
1223 974 1276 1006 τε
1311 975 1395 1006 και
1437 951 1776 1019 εὖεπκβολος,
1805 950 1888 1005 καὶ
1924 974 2011 1008 την
2045 950 2281 1023 γλῶτἺαν
2319 947 2518 1003 ἐλεύθε»

262 1052 352 1101 ρος
369 1071 381 1092 ,
412 1038 611 1103 ingenio
635 1039 806 1085 dexter
828 1056 887 1085 ac
907 1054 1094 1103 sagax,
1116 1051 1163 1085 et
1186 1039 1357 1103 lingua
1379 1039 1520 1092 liber,
1543 1040 1742 1102 ideoque
1764 1047 1924 1087 orator
1945 1038 2006 1084 ad
2025 1037 2292 1099 Chaganum
2316 1051 2341 1082 a
2365 1037 2519 1082 Prisco

261 1117 452 1170 missus,
480 1117 682 1178 Chagani
718 1117 1029 1178 arrogantiam
1061 1115 1125 1163 ob
1158 1132 1235 1163 res
1265 1131 1489 1179 prospere
1517 1125 1665 1178 gestas
1698 1125 1871 1163 temere
1903 1114 2192 1168 insultantis,
2228 1114 2372 1159 veteri
2404 1128 2517 1174 qua-

262 1192 372 1239 dam
405 1193 464 1239 de
499 1194 691 1239 Sesostri
724 1194 922 1255 Aegypti
952 1208 1062 1255 rege
1093 1193 1281 1240 inducta
1314 1192 1504 1239 historia
1538 1194 1913 1255 eloquentissime
1946 1191 2207 1253 castigavit,
2245 1198 2518 1251 mutareque

263 1271 535 1316 sententiam
569 1271 735 1332 coegit.
772 1271 846 1316 An
878 1270 1056 1332 aliquid
1087 1270 1347 1332 scripserit,
1375 1285 1472 1317 non
1504 1270 1666 1332 liquet.

389 1347 590 1410 LXXXI.
626 1347 896 1394 Theodorus
932 1349 1200 1394 Petreorum
1233 1348 1504 1409 episcopus,
1538 1347 1783 1394 Theodosii
1819 1346 2184 1394 coenobiarchae
2223 1344 2434 1396 auditor,
2471 1351 2518 1389 et

257 1424 446 1470 virtutis
480 1423 689 1470 aemulus
716 1425 898 1486 scripsit
927 1435 1076 1471 vitam
1100 1424 1310 1470 eiusdem
1341 1424 1500 1470 sancti
1525 1423 1787 1470 Theodosii.
1826 1418 1880 1466 P.
1905 1415 1969 1466 ‘H
1999 1412 2393 1487 τρισυπόσὙατος
2427 1407 2514 1463 καῖ

263 1486 553 1563 ἀδιαίρετος
578 1495 717 1584 μιόι,ν
720 1491 881 1545 odola
915 1502 1122 1547 Meminit
1156 1501 1281 1548 illius
1313 1501 1514 1564 Cyrillus
1548 1501 1947 1563 scythopolitanus
1981 1502 2027 1546 in
2061 1501 2156 1546 πίω
2191 1499 2336 1545 sancti
2367 1497 2517 1543 Theo-

222 1619 227 1624 .
260 1576 398 1623 dosii.
431 1567 496 1620 ‘O
530 1565 619 1637 μὲν
656 1564 740 1622 οὑν
779 1565 1022 1640 θεοφόρος
1057 1568 1235 1636 οἷββοῖς
1272 1565 1555 1630 Θεοδόσιος
1589 1572 1871 1663 προβαίνων
1906 1567 2017 1629 τοῖς
2052 1566 2175 1621 καΎοὶ
2210 1560 2335 1619 θεον
2368 1572 2517 1627 πλεο-

262 1665 563 1715 νεκτημασι,
600 1666 684 1697 και
722 1642 894 1716 μέγας
931 1642 1156 1712 ἐγένετο,
1188 1667 1296 1716 περι
1337 1641 1398 1698 οὐ
1429 1651 1484 1699 τί
1513 1669 1633 1717 χρη
1649 1644 1811 1700 λ-έΓειν
1845 1642 2057 1710 πολλοῖς
2091 1642 2232 1700 ἶκανη
2265 1639 2370 1715 γάρ
2409 1640 2511 1693 ἐστι

261 1718 356 1780 τὰς
391 1720 556 1773 αὐτοῦ’
587 1717 771 1792 ἀρετ-ας
807 1720 1193 1792 ἀνακηρύττειν,
1221 1746 1250 1779 n
1285 1744 1339 1775 τε
1376 1722 1506 1776 aare?
1539 1721 1664 1777 θεὸν
1701 1719 1974 1796 διαγωγὴ,
2007 1743 2089 1772 και
2129 1744 2155 1777 n
2191 1739 2511 1787 οτι-πνευματικὴ

262 1794 570 1857 nardo-‘Tame
605 1819 692 1859 της
731 1797 921 1851 ἑαυτου
955 1796 1350 1870 εὐαγεστοίτης,
1365 1822 1447 1852 και
1485 1797 1909 1872 περιφανεσΤοίτης
1941 1815 2111 1868 μονῆς
2141 1793 2268 1852 πλὴν
2305 1817 2384 1847 οτι
2422 1793 2506 1846 καὶ

261 1873 286 1924 ὁ
323 1872 626 1943 τιμιώτοὶῖος
664 1871 932 1970 Θεόδωρος
968 1875 993 1928 ὁ
1033 1874 1307 1937 οσιώταὙος
1340 1899 1428 1937 της
1462 1874 1686 1950 Πετρέων
1719 1874 1916 1936 πόλεως
1956 1874 2244 1935 ἐπίσκοπος,
2279 1867 2512 1936 φοιὟκτ-κς

261 1948 420 2002 αὐτοῦ
453 1949 699 2024 γεΓονώς,
732 1974 816 2004 και
855 1951 966 2013 τοῖς
999 1951 1337 2022 μοναχικοῖς,
1370 1952 1455 2005 καὶ
1496 1952 1883 2025 ἀρχιερατικοῖς
1917 1947 2272 2019 κατορθώμασι
2313 1944 2514 2018 διαπρέ-

258 2048 361 2080 πων
398 2043 571 2091 σαφως
606 2050 691 2080 και
722 2027 958 2120 ,ἀκριβως
992 2052 1059 2082 τοι
1095 2025 1227 2082 κοντοὶ
1261 2051 1348 2082 τον
1379 2026 1636 2103 θεοίρεσΤον
1672 2029 1834 2082 αὖτου
1862 2025 2197 2101 συνεΓροί-ψαὛο
2231 2030 2344 2091 βίον
2378 2021 2510 2076 aare}

258 2100 470 2164 πλοίτος.
507 2112 683 2174 Dezser
710 2112 873 2175 itaque
905 2113 1056 2160 abbas
1091 2113 1372 2161 Theodosius
1401 2115 1581 2179 gratiis
1613 2127 1658 2160 et
1689 2115 1873 2161 meri'tis
1906 2113 2039 2178 apud
2070 2114 2223 2159 Deum
2257 2125 2511 2156 increscens

254 2203 466 2252 magnus
498 2192 690 2252 effectus
721 2202 808 2237 est.
845 2191 918 2236 De
949 2207 1042 2254 quo
1073 2191 1228 2237 multa
1261 2191 1418 2238 dicere
1449 2191 1601 2238 haud
1615 2209 1730 2256 opus
1751 2192 1934 2254 suerit,
1972 2208 2074 2236 etus
2110 2190 2282 2252 quippe
2317 2198 2512 2234 virtutes

257 2264 381 2310 satis
403 2272 633 2328 superque
657 2265 1023 2330 depraedicant,
1053 2279 1156 2313 tum
1179 2267 1305 2315 vitae
1327 2268 1582 2314 secundum
1607 2269 1761 2314 Deum
1790 2267 2064 2314 constitutio
2078 2303 2089 2317 ,
2118 2277 2220 2311 tum
2244 2261 2513 2327 spiritualis

258 2341 594 2399 candidissimi
615 2358 674 2388 ac
699 2344 1084 2406 praeclarissimi
1097 2345 1387 2394 ,monasterii
1415 2357 1586 2392 status.
1623 2346 1757 2391 Adde
1780 2345 1927 2391 etiam
1955 2342 2286 2390 honorandum
2309 2356 2367 2387 ae
2399 2355 2514 2386 san-

255 2417 520 2465 ocissimum
542 2419 833 2467 Theodorum
849 2423 1124 2468 Petreorum
1148 2422 1279 2468 urbis
1294 2422 1585 2487 episcopum,
1609 2423 1739 2469 illius
1759 2423 2050 2490 auditorem,
2071 2418 2348 2466 monasticis
2370 2428 2512 2479 atque

259 2494 590 2542 archieraticis
618 2497 922 2558 facinoribus
954 2499 1161 2549 clarum,
1190 2510 1352 2563 aperte
1383 2511 1428 2544 et
1461 2511 1686 2546 accurate
1720 2500 1868 2547 vitam
1893 2498 2023 2545 illius
2046 2499 2145 2543 Deo
2178 2493 2512 2559 complacitam

257 2571 609 2634 conscripsisse,
637 2573 857 2635 singulas
891 2575 1021 2641 illius
1047 2587 1214 2638 partes
1245 2575 1562 2623 minutissime
1587 2588 1908 2641 prosecutum.

386 2649 608 2695 LXXXII.
643 2649 915 2698 Theodorus
938 2659 1122 2713 syceota
1147 2654 1390 2716 episcopus
1412 2653 1778 2716 Anastasiopolis
1798 2655 1845 2700 in
1865 2653 2061 2707 Galatia,
2082 2653 2155 2699 vir
2173 2650 2480 2698 sanctissimus
2495 2681 2506 2699 ‚

259 2724 390 2769 cuius
420 2725 565 2770 vitam
596 2727 778 2787 scripsit
804 2727 1031 2790 Georgius
1063 2722 1329 2790 presbyter,
1355 2731 1435 2791 qui
1460 2732 1516 2777 *et
1548 2731 1759 2777 Eleusius
1794 2731 1944 2777 dictus
1976 2738 2075 2793 est,
2103 2728 2309 2774 eiusdem
2347 2738 2509 2769 mona—

258 2801 383 2846 sterii
418 2801 690 2862 praefectus.
729 2804 1020 2850 Possevinus.
1057 2805 1177 2859 Quid
1209 2821 1324 2852 vero
1355 2808 1615 2868 scripserit,
1640 2808 1739 2870 ipse
1769 2822 1866 2854 non
1893 2812 2242 2853 commemorat.
2278 2799 2508 2848 Theodori

245 2886 476 2937 .syceotae
513 2880 719 2940 troparia
751 2880 970 2941 leguntur
1003 2882 1051 2927 in
1081 2883 1283 2928 menaeis
1312 2883 1608 2930 Graecorum.

385 2957 627 3002 LXXXIII.
664 2957 895 3004 Theodori
928 2958 1266 3021 hagiopolitani
1294 2959 1628 3022 disputationes
1661 2970 1779 3012 tres:
1816 2963 2044 3024 primam,
2075 2959 2132 3005 de
2164 2956 2352 3004 nomine
2389 2953 2503 3005 Dei;

259 3032 539 3086 secundam,
566 3033 624 3078 de
647 3035 748 3079 Deo
771 3045 816 3079 et
841 3033 1043 3089 dei,·tate
1070 3037 1275 3090 tertiam,
1303 3053 1410 3083 eum
1439 3039 1487 3084 Ν
1485 3038 1655 3083 estorio
1685 3050 1731 3083 et
1753 3037 2059 3088 Nestoriano,
2088 3052 2142 3082 ex
2169 3048 2336 3096 graeco
2358 3033 2406 3076 in
2438 3031 2507 3076 la-

258 3109 407 3155 tinum
415 3111 571 3222 φνθτῑίῐ
593 3111 860 3157 Franciscus
882 3112 1154 3165 Turrianus,
1175 3121 1220 3158 et
1240 3114 1465 3160 Henricus
1486 3115 1722 3160 Canisius
1710 3130 1757 3160 m
1776 3116 1851 3161 lV.
1874 3123 2002 3160 tomo
2023 3112 2118 3174 (ed.
2139 3110 2347 3171 Basnagii
2369 3109 2419 3152 T.
2441 3108 2499 3151 II.

257 3193 379 3247 part.
451 3203 546 3249 ..p
581 3188 692 3234 463.
715 3187 730 3249 )
766 3189 1059 3250 antiquarum
1090 3189 1340 3236 lectionum
1384 3192 1575 3237 insertas
1607 3190 1860 3253 publicavit
1893 3189 2162 3252 Ingolstadii
2201 3201 2324 3234 anno
2362 3185 2500 3230 1603.

258 3264 438 3309 Monuit
466 3272 619 3310 tamen
643 3264 767 3311 idem
799 3266 1037 3312 Canisius
1025 3282 1073 3312 in
1097 3281 1255 3312 earum
1286 3266 1432 3314 calce:
1469 3267 1672 3329 difficile
1698 3268 1935 3314 intellectu
1962 3278 2054 3317 est,
2082 3281 2188 3311 cum
2216 3273 2385 3309 asserit
2416 3277 2505 3306 au-

257 3350 361 3384 ctor
392 3339 474 3386 ille
500 3340 714 3403 quisquis
730 3342 915 3404 suerit,
946 3358 1162 3388 ammam
1196 3343 1326 3389 Petri
1355 3360 1448 3390 non
1482 3361 1579 3390 esse
1610 3342 1816 3390 eiusdem
1849 3342 2146 3390 substantiae
2174 3356 2281 3386 cum
2313 3353 2504 3384 amma-

255 3414 343 3461 bus
367 3413 577 3463 aliorum
603 3417 870 3470 hominum,
897 3430 942 3465 et
970 3435 1137 3484 corpus
1162 3420 1296 3466 Petri
1320 3438 1414 3467 non
1440 3438 1535 3467 esse
1559 3419 1834 3467 homousion
1853 3421 1948 3468 sive
1970 3417 2372 3467 consubstantiale
2400 3430 2503 3460 cor-

252 3492 452 3554 poribus
486 3494 777 3556 reliquorum
817 3495 1064 3542 hominum
1079 3513 1093 3542 .·
1129 3513 1236 3543 cum
1275 3514 1432 3544 omnes
1471 3498 1664 3544 animae
1696 3497 1937 3545 humanae
1968 3510 2014 3544 et
2043 3498 2247 3562 corpora
2287 3494 2501 3540 humana

257 3568 355 3614 sint
377 3569 596 3616 'eiusdem
631 3572 817 3636 speciei.
854 3571 952 3620 Nec
982 3573 1118 3620 video
1146 3589 1243 3637 qua
1272 3574 1455 3620 ratione
1487 3575 1686 3621 assertio
1718 3575 1814 3622 ista
1847 3587 1934 3622 aut
1966 3573 2207 3639 explicari
2235 3583 2323 3619 aut
2357 3586 2503 3616 excu-

254 3644 363 3690 sari
393 3659 552 3708 queat.

385 3724 622 3773 LXXXIV.
659 3727 930 3774 Theodorus
975 3728 1022 3773 in
1062 3725 1292 3774 coenobio
1333 3728 1494 3775 Raitha
1540 3729 1784 3792 presbyter
1831 3731 2012 3793 scripsit
2057 3728 2497 3777 commentationem

195 3843 198 3846 ,
249 3802 675 3860 praeparatoriam
705 3802 799 3852 sive
833 3803 1220 3851 exercitationem
1259 3803 1327 3850 ad
1357 3821 1460 3851 eam
1496 3805 1582 3868 qui
1615 3805 1774 3852 doceri
1809 3807 1966 3872 cupit,
1982 3806 2111 3870 -quis
2135 3804 2296 3868 suerit
2330 3803 2496 3849 modus
