2970 4420
369 251 415 281 vi
1413 241 1612 274 Eurroms

845 366 976 405 Eaetra
1007 364 1230 415 Aeqyptum
1254 360 1406 413 pascha
1434 358 1680 400 indicebatur
1707 366 1734 394 a
1764 364 1924 394 romano
1957 355 2164 401 Pontifice.

473 493 529 537 ll.
560 491 705 552 Igitur
729 486 998 534 inveniendi
1022 485 1210 547 quidem
1234 483 1325 528 diei
1350 480 1577 544 paschalis
1601 475 1805 524 calculus
1829 475 2165 537 Aegyptiorum
2196 484 2320 528 erat;
2353 484 2558 522 ceterum
2586 475 2633 521 hi

377 572 499 616 intra
534 569 795 629 Aegyptum
830 561 1157 610 tantummodo
1181 560 1351 623 pascha
1375 557 1560 620 publice
1584 552 1880 605 indicebant;
1908 553 1957 597 in
1986 560 2086 599 toto
2112 562 2265 600 autem
2290 553 2527 600 occidente
2552 569 2633 599 ro-

376 647 499 693 mani
521 642 780 691 Pontifices.
810 643 924 687 Ecce
947 641 1071 686 enim
1096 638 1171 684 vel
1197 645 1301 683 ante
1328 637 1570 681 nicaenum
1595 630 1843 678 concilium
1871 629 1982 690 (ope
2006 637 2057 675 ut
2081 638 2195 692 puto
2220 631 2458 693 cyclorum
2485 646 2530 677 v.
2557 645 2628 691 gr.

380 726 425 770 S.
455 721 722 785 Hippolyti,
750 719 822 766 vel
850 717 1072 769 aliorum,
1101 715 1160 761 de
1185 711 1355 776 quibus
1379 711 1484 757 vide
1509 707 1756 771 Aegidium
1775 705 2074 766 Eucherium)
2099 721 2262 770 canon(
2272 708 2452 769 primus
2478 707 2633 754 conei-

380 820 402 846 »
442 801 491 847 lii
516 802 535 845 Ι
543 835 552 844 .
582 797 850 844 arelatensis
883 795 991 840 anni
1025 793 1135 838 314.
1171 793 1234 837 sic
1259 791 1322 836 ait
1346 789 1404 835 ad
1439 788 1709 834 Silvestrum
1734 799 1919 847 papam.
1961 800 1982 825 «
2005 782 2161 829 Primo
2183 785 2232 830 in
2256 785 2361 831 loco
2386 786 2445 831 de
2469 785 2633 831 obser-

382 898 403 922 »
443 878 630 925 vatione
654 874 849 937 paschae
872 871 1156 922 dominicae,
1184 876 1236 914 ut
1262 882 1356 913 uno
1379 866 1454 911 die
1476 873 1521 911 et
1543 878 1640 910 uno
1665 871 1874 924 tempore
1889 895 1900 914 ,
1929 875 2011 922 per
2035 873 2224 906 omnem
2249 860 2414 908 orbem
2439 878 2465 908 a
2495 862 2634 909 nobis.

379 946 653 1003 observetur
673 987 685 1006 ,
722 960 766 998 et
790 952 916 997 iuxta
950 944 1336 994 consuetudinem
1368 943 1545 989 litteras
1578 940 1639 987 ad
1660 954 1822 986 omnes
1845 946 1896 983 tu
1921 937 2109 998 dirigas.
2125 954 2147 980 »
2173 937 2293 984 Hinc
2324 940 2416 986 Leo
2440 955 2515 1001 ep.
2545 940 2626 985 96.

380 1033 439 1079 ad
468 1031 766 1078 arelatensem
793 1028 1078 1089 episcopum.
1113 1041 1134 1066 «
1154 1023 1270 1078 Quia
1293 1021 1383 1066 hoc
1408 1019 1565 1066 divina
1589 1016 1816 1064 institutio
1841 1023 1885 1061 et
1910 1021 2100 1076 paterna
2125 1012 2315 1060 traditio
2341 1015 2399 1061 ad
2422 1024 2633 1062 nostram

384 1129 405 1154 »
444 1092 801 1155 sollicitudinem
838 1103 987 1150 voluit
1027 1101 1288 1163 pertinere,
1332 1097 1670 1143 fraternitatem
1709 1102 1836 1140 tuam
1877 1091 2167 1138 sollemniter
2207 1090 2534 1146 admonemus,
2579 1100 2632 1137 ut

383 1207 404 1228 n
443 1185 611 1249 pascha
644 1183 828 1229 Domini
870 1176 1200 1227 celebrandum
1242 1174 1379 1221 nobis
1415 1174 1491 1219 die
1531 1175 1606 1219 ·X·
1644 1171 1738 1217 kal.
1777 1169 1994 1232 aprilium
2037 1182 2340 1229 recognoscas
2375 1177 2473 1216 etc.
2501 1171 2632 1216 euius

384 1283 406 1307 ι)
445 1263 655 1309 notitiam
695 1275 779 1322 per
819 1258 1113 1304 dilectionem
1161 1268 1350 1316 quoque
1385 1260 1511 1298 tuam
1552 1248 1772 1296 omnibus
1813 1247 2049 1293 voluimus
2090 1244 2332 1292 declarari.
2358 1264 2380 1287 2>
2418 1246 2633 1292 Attamen

384 1360 406 1385 »
445 1356 520 1402 ep.
564 1340 670 1384 142.
708 1339 805 1399 ipse
839 1351 924 1397 per
949 1350 996 1380 se
1021 1334 1083 1379 ait
1103 1334 1229 1378 Leo:
1263 1349 1284 1373 «
1308 1330 1432 1376 diem
1455 1325 1735 1374 venerabilis
1769 1323 1873 1370 festi
1905 1321 2123 1368 omnibus
2147 1321 2501 1368 occidentalium
2526 1336 2630 1382 par-

384 1436 406 1460 «
443 1419 560 1463 tium
596 1411 912 1461 sacerdotibus
945 1411 1178 1456 intimasse
1200 1442 1211 1460 ‚
1249 1421 1390 1468 quem
1425 1402 1711 1451 alexandrini
1745 1401 1950 1464 episcopi
1987 1399 2299 1446 declaraverat
2322 1399 2581 1444 instructio.
2606 1415 2628 1439 »

381 1493 540 1540 Fiebat
583 1501 736 1538 autem
770 1505 822 1535 ea
860 1486 1154 1534 denunciatio
1188 1485 1236 1530 in
1277 1482 1483 1545 epistolis
1525 1480 1734 1526 formatis
1776 1479 1882 1540 (ep.
1927 1476 2071 1538 131.)
2113 1475 2374 1522 cuiusmodi
2414 1474 2493 1520 illa
2536 1482 2633 1520 erat

384 1573 396 1634 (
422 1572 526 1617 138.
549 1570 563 1632 )
589 1570 648 1614 de
672 1567 833 1614 eadem
860 1580 909 1611 re
934 1565 993 1610 ad
1019 1564 1260 1609 universos
1290 1559 1544 1605 Galliarum
1577 1565 1716 1617 atque
1740 1555 2066 1617 Hispaniarum
2090 1554 2353 1615 episcopos.
2378 1552 2528 1598 Sancti
2551 1551 2635 1596 de-

379 1650 520 1710 nique
545 1644 790 1699 Ambrosii.
805 1642 1039 1689 luculenta
1066 1647 1134 1686 est
1164 1638 1223 1684 de
1252 1644 1473 1699 computo
1497 1633 1700 1695 paschali
1724 1632 1919 1695 epistola
1945 1631 2024 1677 23.
2055 1630 2185 1693 (anni
2208 1629 2347 1691 386.)
2375 1630 2423 1674 in
2450 1643 2542 1689 qua
2567 1629 2634 1673 rei

380 1727 517 1773 huius
540 1731 686 1770 marte
711 1721 904 1785 proprio
929 1728 974 1764 et
995 1717 1159 1780 peritia
1184 1714 1393 1776 regulam
1417 1711 1572 1757 tradit.
1594 1710 1670 1755 Ait
1692 1710 1832 1755 enim.
1861 1710 2080 1754 «Necesse
2105 1706 2215 1760 fuit,
2236 1706 2343 1768 quia
2367 1705 2504 1751 etiam
2528 1712 2634 1766 post

385 1822 407 1847 »
445 1801 779 1864 Aegyptiorum
804 1796 1152 1859 supputationes
1168 1828 1179 1846 ‚
1207 1801 1253 1837 et
1275 1788 1599 1837 alexandrinae
1630 1786 1846 1832 ecclesiae
1870 1783 2189 1837 definitiones,
2217 1783 2421 1844 episcopi
2445 1795 2633 1843 quoque

385 1899 407 1922 »
446 1891 664 1925 romanae
696 1875 912 1921 ecclesiae
952 1887 1035 1933 per
1068 1870 1243 1915 litteras
1287 1867 1497 1928 plerique
1527 1879 1678 1910 meam
1712 1862 1864 1909 adhuc
1898 1869 2140 1923 expectant
2173 1860 2468 1913 sententiam,
2517 1857 2632 1920 quid

384 1975 408 2001 »
446 1956 699 2003 existimem
733 1950 933 1998 scribere
969 1948 1028 1993 de
1053 1947 1128 1992 die
1163 1945 1406 2008 paschatis.
1432 1961 1453 1986 »
1483 1943 1692 2003 Denique
1716 1939 2013 1986 Innocentius
2041 1939 2077 1984 1.
2114 1939 2197 1983 ΡΡ.
2227 1953 2302 2000 ep.
2339 1938 2414 1982 14.
2449 1935 2507 1982 ad
2538 1936 2633 1982 Au-

381 2034 548 2080 relium
582 2029 1020 2090 carthaginiensem,
1063 2024 1276 2070 doctrina
1308 2020 1494 2067 videtur
1537 2019 1729 2081 propria
1765 2016 1991 2080 paschalis
2024 2016 2115 2061 diei
2149 2013 2379 2061 statuendi
2419 2029 2630 2060 normam

382 2107 709 2174 praescribere.

1057 2227 1258 2276 Quaenam
1281 2222 1439 2274 suerint
1467 2221 1653 2274 epistolae
1682 2218 1951 2260 heortasticae.

479 2341 558 2384 Ill.
582 2340 676 2383 lam
702 2350 814 2382 vero
838 2332 1082 2396 epistolae,
1104 2329 1372 2393 praesertim
1400 2326 1618 2373 ecclesiae
1643 2322 1990 2377 alexandrinae,
2009 2337 2127 2384 quae
2148 2321 2316 2384 pascha
2341 2318 2630 2373 indicebant,

382 2415 695 2463 heortasticae
716 2449 726 2462 ,
765 2411 813 2456 id
848 2418 916 2456 est
950 2408 1155 2476 sestales4
1185 2404 1275 2452 dici
1312 2403 1554 2457 solebant,
1591 2402 1698 2464 quia
1731 2399 1898 2463 pascha
1925 2415 2158 2447 summum
2187 2407 2255 2445 est
2295 2387 2396 2441 κατ’
2445 2385 2634 2460 ἐξοχὴν

383 2494 746 2540 Christianorum
766 2489 955 2540 festum,
976 2485 1149 2532 scilicet
1168 2470 1326 2546 ἑορτή.
1357 2480 1594 2542 Dionysii,
1627 2479 1707 2540 qui
1736 2477 1795 2525 ab
1822 2492 1944 2525 anno
1969 2478 2081 2523 247.
2115 2476 2174 2522 ad
2201 2476 2312 2521 265.
2343 2473 2429 2520 fuit
2453 2474 2633 2536 episco-

385 2586 472 2632 pus
496 2567 845 2618 alexandrinus,
877 2562 1172 2609 heortasticas
1206 2558 1424 2621 epistolas
1463 2572 1569 2603 cum
1602 2570 1780 2602 canone
1813 2554 2017 2617 paschali
2050 2550 2232 2613 legebat
2264 2549 2488 2597 Eusebius
2520 2549 2632 2595 hist.

384 2650 480 2695 Vll.
519 2649 599 2698 20,
620 2659 816 2707 quarum
839 2632 993 2688 tamen
1018 2638 1201 2685 nonnisi
1240 2646 1377 2682 tenue
1410 2651 1465 2681 ex
1500 2640 1663 2696 quarta
1691 2632 2004 2694 fragmentum
2038 2629 2266 2691 superfuit
2292 2628 2341 2672 in
2363 2628 2633 2673 Damasceni

385 2723 619 2786 parallelis
653 2721 789 2783 (opp.
818 2720 866 2764 T.
889 2720 946 2763 ll.
969 2733 1017 2779 p.
1046 2714 1180 2776 753.)
1207 2716 1315 2760 Post
1343 2713 1588 2758 nicaenum
1611 2708 1885 2762 concilium,
1912 2708 1960 2753 in
1985 2704 2165 2767 syriaco
2190 2704 2412 2751 chronico
2442 2703 2634 2748 athana-

384 2804 513 2849 siano
548 2799 638 2862 (de
670 2813 765 2859 quo
798 2811 883 2843 nos
905 2803 1063 2858 postea
1088 2790 1320 2853 dicemus)
1345 2797 1632 2835 memoratur
1659 2786 1934 2832 heortastica
1965 2781 2239 2834 Alexandri,
2271 2780 2352 2841 qui
2382 2778 2636 2825 Athanasio

382 2877 647 2941 praecessit,
675 2882 880 2920 extremo
907 2873 1027 2919 vitae
1052 2885 1159 2918 suae
1183 2876 1419 2929 tempore,
1448 2866 1570 2911 anno
1598 2865 1709 2917 328,
1730 2878 1816 2925 per
1840 2863 2105 2922 Aegyptum
2129 2858 2338 2911 dimissa,
2365 2871 2484 2918 quae
2513 2864 2632 2901 cete-

385 2951 519 3016 roqui
552 2966 780 3013 nusquam
815 2957 1021 3012 apparet.
1057 2949 1243 2993 Secutae
1276 2952 1384 2990 sunt
1414 2943 1567 3004 magni
1595 2940 1833 2986 Athanasii
1860 2937 2191 2988 heortasticae,
2225 2935 2285 2981 de
2323 2932 2493 2995 quibus
2519 2947 2630 2977 mox
2680 2978 2683 2981 s

385 3030 676 3093 peculiariter
710 3019 1002 3072 disseremus.
1032 3022 1247 3070 Posthinc
1281 3030 1373 3067 tres
1396 3017 1638 3080 Theophili
1672 3015 1899 3063 habemus
1931 3015 2257 3064 heortasticas,
2292 3025 2407 3070 quas
2437 3008 2630 3054 honoris

386 3123 520 3154 causa
543 3142 554 3160 ,
585 3107 779 3167 ipsoque
811 3111 1003 3164 rogante
1035 3100 1293 3162 Theophilo
1315 3133 1327 3152 ,
1371 3098 1417 3143 in
1453 3096 1642 3142 latinam
1685 3094 1892 3155 lingua-m
1926 3090 2161 3138 transtulit
2201 3094 2357 3133 noster
2389 3085 2630 3145 Hierony-

386 3200 490 3231 mus
520 3183 560 3244 1)
595 3196 712 3242 quae
746 3180 842 3227 sola
874 3179 1190 3240 interpretatio
1225 3183 1420 3223 aetatem
1443 3173 1571 3225 tulit,
1600 3185 1767 3232 graeco
1792 3167 2036 3230 deperdito
2061 3173 2204 3211 textu.
2234 3163 2429 3217 Quintae
2451 3161 2561 3207 item
2585 3169 2631 3207 et

392 3268 565 3312 sextae,
594 3266 731 3318 atque
755 3256 972 3307 aliarum,
999 3263 1050 3301 ut
1073 3254 1282 3308 videtur,
1314 3253 1490 3298 minuta
1514 3249 1772 3309 fragmenta
1796 3252 1903 3291 sunt
1934 3242 2058 3304 apud
2086 3238 2379 3287 Gallandium
2404 3236 2625 3284 Biblioth.

380 3341 435 3384 Τ.
470 3338 564 3383 Vll.
596 3350 644 3397 p.
680 3335 791 3379 642.
820 3341 865 3379 et
888 3333 998 3379 643.
1024 3334 1205 3378 Etenim
1233 3347 1281 3394 p.
1312 3332 1423 3378 641.
1452 3328 1622 3374 diserte
1645 3323 1839 3370 dicitur:
1873 3309 1926 3364 ἐκ
1955 3309 2049 3363 vo&
2085 3304 2415 3379 {opi-aerina&
2446 3302 2626 3375 τόμον.

381 3415 581 3470 Quintae
616 3410 743 3457 aliud
776 3409 1084 3471 fragmentum
1122 3409 1347 3455 ineditu'm
1387 3404 1699 3468 comperimus
1736 3413 1822 3445 nos
1859 3399 1907 3443 in
1950 3396 2107 3443 codice
2137 3402 2232 3442 vat.
2278 3391 2480 3440 1455.·f.
2516 3393 2624 3439 171.

387 3492 460 3538 his
500 3488 671 3537 verbis.
703 3480 964 3540 Θεοφίλου
1003 3473 1298 3529 ἐωισκότωου
1339 3466 1740 3545 Ἀλεξανδρείας
1787 3464 1840 3519 ἐκ
1873 3463 1961 3525 τῆς
1998 3460 2033 3516 ε’
2069 3459 2411 3536 ἑορταστικίἶς.
2452 3457 2629 3511 ’Emi-

390 3568 554 3643 δήπερ
598 3567 623 3624 ἦ
658 3566 753 3620 τῶν
787 3565 1034 3635 ἀνομοίων
1072 3562 1244 3629 φύσεις
1280 3563 1550 3634 ἀνομοίους
1588 3555 1766 3627 ἔχουσι
1804 3552 1897 3615 τοὶς
1935 3552 2206 3626 ἐνεργείας·
2245 3550 2300 3603 ου’
2334 3547 2433 3622 γὰρ
2470 3544 2625 3604 δήπου

388 3652 508 3718 μίαν
550 3640 678 3699 εἶναι
723 3639 931 3707 φυσικὴν
972 3637 1057 3696 τὴν
1103 3637 1357 3713 ἐνέργειαν
1397 3636 1636 3708 δαίσομεν.
1683 3639 1928 3704 Theophili
1964 3636 2171 3702 episcopi
2211 3632 2529 3682 alexandrini
2565 3648 2630 3677 ex

477 3770 511 3810 1)
535 3766 657 3803 Unius
677 3776 723 3801 ¹ex
739 3764 797 3800 his
815 3762 1010 3817 Theophili
1034 3761 1263 3798 heortasticis
1282 3761 1526 3806 fragmentum
1551 3753 1876 3805 graecum,‚latino
1894 3750 2108 3800 Hieronymi
2125 3748 2280 3787 feliciter
2303 3744 2546 3795 respondens,
2563 3753 2632 3781 nos

383 3826 622 3864 exhibuimus
647 3825 690 3861 T.
707 3825 769 3860 lv.
788 3833 825 3869 p..
844 3826 903 3867 62,
920 3821 984 3858 ubi
1010 3825 1133 3857 tamen
1160 3818 1355 3866 legendum
1381 3824 1434 3855 est
1459 3822 1542 3868 πρὸς
1570 3819 1684 3854 τοῦτον
1710 3813 1791 3851 loco
1816 3816 1895 3862 πρός
1921 3815 2034 3850 τοῦτο.
