2970 4420
453 250 533 281 xvt
1217 292 1221 304 .
1396 255 1548 287 1³30le
1579 255 1756 286 ALLA'ru

450 337 587 379 neque
617 326 809 381 mulctis,
842 339 981 383 neque
1013 328 1289 384 pignoribus,
1319 342 1396 372 nec
1427 329 1508 371 alia
1537 329 1727 389 ratione,
1755 331 1799 371 in
1831 330 2015 374 obnoxia
2043 333 2275 377 Turearum
2304 338 2507 390 potestati
2535 339 2708 381 civitate

451 398 647 438 coercere
679 402 873 451 poterat,
907 412 932 440 a
967 403 1092 441 coetu
1121 399 1310 442 fidelium
1343 404 1558 454 segregat,
1592 404 1720 454 atque
1750 401 1809 443 ita
1835 407 2078 456 segregatos
2110 404 2249 448 edicto
2282 408 2506 462 proposito
2536 410 2707 451 cunctis

451 467 724 510 declinandos
759 468 998 513 denunciat.
1033 471 1150 513 Idem
1184 472 1394 526 episcopis
1427 472 1643 512 civitatum
1673 471 1987 528 proximarum,
2022 475 2076 517 ad
2105 488 2208 530 quas
2235 477 2281 522 hi
2313 491 2399 520 sese
2433 485 2702 535 receperant,

449 539 641 593 epistolis
672 539 836 584 erudite
867 546 907 583 et
934 542 1109 596 copiose
1139 541 1389 596 conscriptis
1413 540 1634 595 significat.
1669 542 1731 583 De
1761 546 2075 602 provocationis
2108 560 2308 590 romanae
2340 550 2531 603 ratione,
2566 549 2705 604 deque

450 622 502 652 eo
533 614 628 657 toto
665 604 814 666 genere
845 612 959 667 apud
989 614 1103 654 viros
1137 625 1287 666 graves
1318 612 1436 666 pacis
1466 611 1680 654 studiosos
1707 613 1918 656 subtiliter
1948 620 1992 658 et
2020 616 2199 661 facunde
2231 619 2420 675 disserit,
2453 634 2532 663 nec
2562 622 2701 664 ambi-

453 694 535 735 gue
565 695 734 726 causam
755 684 945 738 episcopi
967 684 1162 725 omnibus
1184 682 1364 738 probat:
1391 692 1498 737 quae
1526 696 1655 738 supra
1680 684 1858 746 diximus
1883 685 1935 727 de
1964 692 2102 729 mente
2130 688 2334 732 auditoris
2357 703 2565 745 camerae,
2590 693 2702 734 eius-

453 765 536 807 que
562 753 842 796 formularum
867 756 933 807 vi,
967 754 1162 796 distincte
1193 758 1236 795 et
1260 754 1485 808 perspicue
1521 754 1795 809 exequendo,
1829 768 2085 812 omnemque
2111 758 2293 814 denique
2320 762 2522 806 invidiam
2551 765 2702 818 proxi-

453 836 619 866 marum
649 824 892 878 turbarum,
927 829 969 866 et
1000 829 1166 879 secutae
1190 823 1289 865 inde
1317 823 1534 866 bonorum
1563 825 1835 880 offensionis,
1864 828 1910 868 in
1941 829 2188 871 temerarios
2217 830 2313 873 illos
2338 831 2599 875 inhibitionis
2628 846 2704 875 ro-

455 906 598 935 manae
625 894 877 950 interpretes
907 894 1130 948 transfert,
1157 906 1340 949 quorum
1366 894 1542 937 audacia
1565 896 1721 938 factum
1753 902 1884 950 esset,
1909 902 1960 939 ut
1987 900 2114 941 scissa
2141 901 2184 942 in
2209 905 2351 955 partes
2383 903 2493 944 illius
2523 904 2704 946 civitatis

455 964 656 1019 ecclesia,
682 969 724 1006 et
750 965 911 1007 vibrata
936 960 1173 1007 inconsulte
1201 969 1329 1019 atque
1358 965 1613 1021 impotenter
1644 967 1843 1011 salutaria
1874 969 2122 1012 christianae
2145 973 2374 1026 severitatis
2402 973 2508 1026 tela,
2531 974 2704 1017 foedum

456 1036 747 1095 spectaculum
782 1037 1056 1092 praeher3ent
1088 1037 1133 1078 id
1163 1036 1298 1091 quod
1316 1037 1511 1080 nonnulli
1547 1038 1674 1080 huius
1707 1043 1848 1081 motus
1882 1044 2078 1082 auctores
2110 1043 2382 1097 perniciosiS,
2413 1048 2463 1086 ut
2496 1043 2703 1098 diximus,

454 1106 725 1161 opinionibus
751 1108 903 1150 imbuti
933 1109 1111 1149 maxime
1140 1111 1458 1161 spectaverant,
1486 1113 1779 1164 contemptum
1809 1109 1908 1151 inde
1937 1111 2158 1164 potestatis
2186 1111 2406 1166 ecclesiae,
2433 1118 2475 1155 et
2505 1126 2702 1157 reveren-

452 1178 532 1220 tiae
565 1191 666 1233 erga
694 1191 915 1220 romanum
942 1178 1194 1221 Pontificem
1227 1190 1316 1220 non
1346 1178 1440 1221 leve
1472 1179 1772 1222 detrimentum
1804 1181 2013 1222 oriturum
2043 1186 2273 1236 sperantes.

573 1250 644 1290 24.
678 1251 780 1291 Post
804 1250 908 1291 haec
928 1249 1107 1291 Allatius
1121 1280 1132 1302 ,
1154 1261 1207 1292 ne
1230 1250 1511 1305 suspicionem
1535 1251 1720 1306 aliquam
1746 1252 2006 1294 contumacis
2029 1251 2229 1295 adversus
2251 1254 2466 1296 ecclesiam
2488 1266 2705 1298 romanam

456 1319 607 1372 animi,
642 1325 875 1374 (10363013
905 1325 1021 1363 erant
1048 1321 1252 1375 praebere
1283 1327 1481 1377 possent,
1507 1323 1776 1364 vehementer
1801 1322 1965 1382 hortari
1995 1323 2108 1377 cepit
2138 1323 2416 1366 lastinianum
2449 1337 2578 1379 quam
2608 1326 2701 1381 pri-

453 1402 568 1432 mum
601 1392 779 1433 Romam
802 1405 861 1434 Δ56
896 1392 1112 1447 conferat,
1145 1393 1291 1448 ibique
1323 1406 1421 1436 cum
1455 1394 1508 1437 de
1544 1394 1650 1449 hac,
1683 1399 1775 1437 tum
1809 1394 1861 1437 de
1893 1395 2070 1448 ceteris,
2103 1395 2258 1450 quibus
2294 1400 2397 1439 tunc
2431 1396 2704 1439 exercebatur

454 1463 779 1517 controversiis,
808 1475 948 1506 coram
981 1463 1261 1520 disceptaret,
1283 1465 1493 1519 simulque
1520 1465 1766 1521 provideret
1794 1467 1837 1507 in
1867 1470 2083 1521 posterum
2105 1478 2159 1508 ne
2179 1466 2232 1508 ab
2261 1466 2493 1510 audacibus
2516 1467 2702 1510 homini-
2754 1458 2759 1469 ¹

452 1531 533 1573 bus
565 1536 607 1574 61
636 1545 778 1575 rerum
813 1534 973 1588 ignaris
1003 1534 1057 1576 ad
1089 1538 1205 1577 13013
1240 1534 1457 1591 dignitatis
1489 1540 1531 1578 et
1563 1537 1878 1579 existimationis
1911 1536 2154 1579 discrimina
2184 1542 2423 1580 vocaretur.
2454 1538 2594 1580 Facile
2624 1538 2705 1581 sibi
2766 1567 2768 1571 -

452 1604 690 1663 persuaderi
719 1605 765 1647 id
796 1605 915 1661 quod
944 1607 1103 1649 nemini
1133 1606 1311 1649 dubium
1341 1612 1449 1662 erat,
1483 1609 1707 1663 episcopus
1736 1621 1880 1664 passus
1911 1612 1998 1662 est,
2030 1607 2093 1650 ita
2120 1613 2283 1662 tamen,
2317 1614 2365 1651 ut
2395 1614 2544 1652 auctor
2573 1610 2705 1652 susci-

453 1675 595 1729 piendi
626 1677 816 1731 consilii,
841 1678 1074 1733 exequendi
1096 1691 1269 1734 quoque
1292 1681 1430 1722 socius
1461 1692 1550 1722 esse
1571 1681 1697 1724 vellet
1711 1711 1722 1732 ,
1746 1694 1795 1724 ac
1826 1681 2039 1733 omnium,
2063 1693 2170 1736 quae
2191 1682 2349 1723 Romae
2371 1681 2555 1735 gerenda
2585 1686 2708 1723 erant

451 1748 658 1803 interpres
689 1754 817 1804 atque
847 1751 1051 1793 minister.
1086 1752 1171 1793 Nec
1201 1750 1272 1793 ille
1303 1750 1536 1795 admodum
1565 1752 1841 1807 repugnavit,
1874 1752 2033 1806 quippe
2063 1764 2201 1807 neque
2230 1756 2464 1806 susceptam
2493 1752 2703 1794 actionem

454 1819 570 1860 salva
599 1819 684 1862 fide
715 1833 763 1862 ac
794 1809 938 1864 offici-o
970 1821 1162 1863 deserere
1192 1826 1387 1876 poterat,
1421 1826 1464 1864 et
1492 1822 1736 1864 revisendae
1766 1821 1893 1864 Urbis
1927 1821 2136 1864 desiderio
2166 1834 2254 1864 non
2282 1822 2551 1864 mediocriter
2585 1834 2705 1865 com-

456 1889 730 1945 movebatur,
764 1892 882 1946 quod
913 1892 972 1934 ibi
1002 1894 1228 1946 maiorem,
1254 1905 1383 1948 quam
1412 1905 1592 1948 usquam
1623 1893 1836 1947 gentium,
1868 1892 2132 1949 obsequendi
2166 1894 2253 1936 suis
2284 1893 2435 1936 studiis
2463 1893 2704 1936 facultatem

454 1959 535 2001 sibi
565 1960 752 2002 futuram
782 1962 1057 2018 intelligebat.
1091 1963 1242 2018 Itaque
1266 1962 1342 2006 11111
1371 1963 1556 2019 primum
1586 1975 1662 2018 per
1692 1964 1790 2005 anni
1818 1967 1984 2018 tempus
2013 1964 2157 2018 licuit,
2179 1976 2229 2006 ac
2259 1964 2427 2018 navigii.
2444 1965 2568 2019 copia
2596 1965 2704 2018 fuit,

454 2043 535 2073 una
565 2026 661 2074 cum
693 2033 895 2088 episcopo
925 2033 971 2075 in
1000 2033 1083 2075 iter
1112 2046 1157 2075 se
1187 2033 1331 2088 dedit,
1367 2046 1417 2076 ac
1446 2034 1673 2076 Messanam
1701 2035 1841 2089 primo
1872 2034 2035 2078 delatus
2064 2039 2148 2089 est,
2180 2047 2280 2077 mox
2309 2035 2558 2090 Neapolim,
2592 2035 2707 2078 unde

454 2102 588 2145 facilis
618 2103 662 2145 in
691 2103 848 2152 Urbem
871 2104 1100 2160 brevisque
1123 2105 1324 2148 transitus
1352 2105 1450 2148 fuit.
1482 2105 1564 2147 Hic
1592 2105 1668 2147 ubi
1689 2111 1884 2160 ventum,
1908 2107 2172 2159 adversarios
2192 2107 2410 2149 calumniis
2433 2106 2566 2149 effuse
2589 2095 2709 2161 gras-

457 2178 595 2216 santes
627 2174 832 2228 offendit,
864 2188 944 2217 nec
980 2176 1183 2232 episcopo
1218 2175 1348 2219 modo
1384 2189 1532 2219 verum
1563 2178 1687 2219 etiam
1718 2178 1798 2220 sibi
1827 2178 2014 2232 graviter
2044 2178 2219 2219 infestos
2255 2190 2368 2219 esse:
2402 2179 2563 2233 quippe
2595 2181 2705 2222 inter

457 2245 637 2299 plurima
666 2245 766 2288 falsa
787 2250 829 2288 et
858 2247 1001 2289 inania
1015 2278 1026 2300 ,
1049 2247 1126 2289 1110
1150 2248 1278 2290 etiam
1309 2249 1430 2303 quasi
1456 2249 1628 2290 crimine
1652 2262 1697 2291 se
1719 2250 1897 2304 petitum
1919 2248 2104 2303 accepit,
2130 2247 2248 2303 quod
2268 2248 2401 2291 homo
2432 2250 2570 2302 graeci
2596 2250 2706 2293 ritus

455 2321 661 2371 sectator,
685 2317 801 2360 latini
822 2320 1016 2361 antistitis
1037 2320 1242 2362 vicarium
1272 2324 1437 2374 ageret3
1462 2332 1548 2375 quo
1580 2333 1666 2362 non
1689 2319 1805 2362 aliud
1832 2321 1968 2361 visum
1990 2319 2213 2362 absurdius
2241 2319 2562 2375 indigniusque,
2587 2323 2705 2376 quasi

453 2388 687 2431 iurisdictio
713 2391 1043 2446 episcoporum,
1069 2392 1188 2434 cuius
1217 2404 1341 2434 usum
1370 2392 1514 2434 vicarii
1545 2392 1879 2444 communicant,
1904 2391 2002 2433 ullis
2033 2385 2300 2433 caerimoniis
2330 2391 2498 2434 addicta
2527 2393 2605 2445 sit,
2631 2398 2704 2435 aut

456 2460 565 2502 ratio
586 2461 753 2503 colendi
775 2463 911 2504 Deum
935 2474 1020 2517 qua
1042 2463 1191 2505 Graeci
1213 2467 1392 2505 utuntur
1416 2462 1703 2517 antiquissima
1727 2463 1916 2504 omnium
1936 2467 2065 2517 atque
2087 2463 2367 2516 sanctissima,
2394 2464 2597 2519 profanos
2621 2464 2707 2508 ho-

458 2531 591 2573 mines
622 2536 748 2586 atque
778 2532 968 2587 impuros
999 2533 1181 2587 efficiat3
1216 2546 1344 2588 quam
1374 2533 1545 2589 quidem
1575 2533 1870 2588 imperitorum
1901 2532 2240 2588 persuasionem,
2271 2538 2320 2576 ut
2350 2535 2479 2589 vulgo
2508 2534 2702 2588 tolleret,

458 2603 576 2644 enixe
607 2616 682 2658 per
713 2616 882 2646 omnem
917 2605 1050 2646 vitam
1086 2604 1296 2647 laboravit
1332 2605 1535 2659 Allatius3
1566 2618 1704 2660 eoque
1742 2609 1930 2661 spectant
1968 2605 2146 2659 plurima
2176 2605 2266 2647 eius
2296 2606 2526 2660 opuscula,
2558 2606 2633 2649 sed
2661 2608 2705 2649 111

457 2674 605 2728 primis
634 2675 871 2718 luculentus
906 2678 1115 2719 tractatus
1150 2675 1202 2719 de
1242 2678 1516 2720 consensione
1547 2677 1763 2720 orientalis
1798 2681 1840 2719 et
1872 2676 2157 2753 occidentalis
2176 2676 2402 2720 ecclesiae·
2390 2709 2403 2731 ,
2444 2690 2532 2733 qua
2569 2678 2623 2721 de
2660 2691 2714 2721 re

457 2758 594 2788 sermo
626 2743 853 2790 habebitur
885 2760 962 2790 suo
993 2748 1326 2794 1000..

576 2819 797 2862 23111161
821 2824 966 2862 coetus
997 2819 1256 2862 delectorum
1280 2833 1331 2863 ex
1362 2821 1617 2877 amplissimo
1650 2820 1824 2875 ordine,
1849 2822 1925 2876 qui
1954 2821 1999 2862 in
2028 2782 2142 2864 Urbe
2167 2833 2332 2864 summo
2355 2820 2554 2871 Pontifici
2583 2834 2705 2877 prae-

458 2893 522 2930 sto
553 2894 651 2931 sunt
681 2889 735 2932 ad
757 2890 1018 2945 expedienda
1049 2892 1227 2934 consilia
1249 2891 1300 2934 de
1323 2892 1592 2946 gravioribus
1615 2891 1856 2947 quibusque
1881 2892 2077 2935 ecclesiae
2100 2893 2306 2947 negotiiS,
2332 2892 2557 2947 splendore
2577 2898 2704 2949 atque

458 2961 709 3002 auctoritate
743 2962 991 3016 praecipuus
1025 2961 1206 3005 habetur
1245 2964 1546 3019 congregatio,
1580 2975 1706 3018 quam
1746 2963 1961 3018 appellant
1991 2962 2293 3016 cognoscendis
2331 2964 2629 3019 episcoporum
2662 2968 2706 3006 et

459 3031 710 3084 regularium
749 3033 911 3086 causis,
946 3046 1054 3088 quae
1094 3033 1321 3088 prudentia
1356 3035 1502 3090 potius
1533 3046 1582 3076 ac
1622 3035 1860 3089 aequitate,
1894 3034 2162 3088 consiliisque
2197 3034 2382 3088 tempori
2418 3046 2466 3089 30
2501 3034 2707 3088 praesenti

460 3102 553 3143 usui
581 3102 906 3145 accommodatis
921 3136 932 3157 ,
959 3116 1087 3158 quam
1108 3104 1337 3147 subtilitate
1359 3105 1485 3159 iuris,
1512 3105 1557 3147 in
1579 3105 1826 3159 exequendo
1849 3116 1927 3147 suo
1950 3116 2122 3146 munere
2145 3104 2209 3146 uti
2239 3104 2470 3146 cousuevit.
2504 3104 2613 3145 Huic
2634 3103 2705 3148 ille

462 3185 606 3214 omnes
638 3175 824 3229 episcopi
856 3177 1163 3218 controversias
1194 3175 1512 3231 disceptandaS,
1545 3176 1792 3231 posthabito
1825 3175 2018 3218 auditore
2048 3186 2258 3228 camerae,
2285 3174 2493 3217 committi
2517 3176 2702 3227 curavit,

462 3243 731 3298 obtinuitque
764 3258 851 3288 non
887 3259 1039 3302 magno
1077 3248 1276 3302 negotio,
1308 3252 1357 3290 ut
1394 3259 1684 3303 quaecumque
1726 3237 1985 3290 decreverat'
2005 3250 2297 3300 gesseratque,
2331 3257 2355 3287 a
2389 3246 2706 3300 sapientissimis

461 3313 543 3355 illis
571 3315 782 3369 patribus,
817 3318 895 3359 rite
927 3323 1053 3373 atque
1089 3317 1240 3361 ordine
1268 3317 1438 3360 decreta
1468 3321 1511 3360 61
1540 3322 1658 3372 gesta
1688 3329 1776 3360 esse
1807 3317 2184 3373 pronunciaretur,
2217 3315 2396 3371 finisque
2426 3328 2704 3372 componere·

463 3389 533 3426 tur
563 3386 751 3428 omnium
783 3389 968 3443 episcopi
994 3390 1269 3433 certaminum
1283 3420 1294 3441 ,
1328 3389 1496 3444 qualem
1522 3389 1610 3444 ipse
1633 3388 1850 3441 voluerat,
1882 3387 2003 3447 quod
2027 3391 2139 3430 certe
2165 3386 2397 3429 industriae
2424 3399 2512 3429 non
2540 3387 2706 3430 medio-.-

465 3457 546 3498 cris
571 3457 673 3510 fuit,
708 3470 804 3501 cum
830 3459 1048 3502 Iustiniani
1073 3473 1231 3502 nomen
1260 3472 1422 3501 summa
1450 3459 1647 3515 flagraret
1674 3457 1853 3512 invidia;
1886 3471 1974 3500 non
1999 3457 2118 3512 quod
2144 3458 2209 3499 vir
2235 3461 2401 3500 5300105
2432 3461 2474 3499 61
2505 3457 2708 3500 innocens

466 3541 552 3570 non
585 3527 756 3581 fuisset,
786 3528 860 3570 sed
886 3530 984 3583 quia
1017 3530 1179 3573 difficili
1209 3532 1406 3585 ingenio,
1436 3530 1560 3572 nimis
1582 3529 1793 3585 propositi
1812 3533 1962 3582 tenax,
1986 3527 2237 3570 immodicus
2262 3528 2371 3581 irae,
2398 3527 2615 3583 magisque
2631 3530 2707 3570 -rei

465 3600 681 3642 familiaris
715 3612 842 3654 quam
879 3601 1071 3655 publicae
1109 3615 1207 3645 suae
1246 3603 1443 3646 ecclesiae
1485 3601 1660 3657 diligens
1698 3599 1959 3653 hahebatur;
1996 3611 2073 3641 nec
2108 3598 2303 3640 homines
2338 3597 2592 3653 persuadere
2627 3597 2708 3640 sibi
2734 3592 2739 3594 ’

468 3675 689 3725 poterant,
722 3670 837 3712 nulla
867 3672 954 3713 eius
986 3673 1109 3727 culpa
1142 3674 1300 3716 factum
1331 3686 1445 3727 esse,
1478 3672 1597 3728 quod
1626 3671 1702 3714 illo
1735 3671 1919 3713 antistite
1949 3673 2094 3725 erepta
2124 3669 2369 3712 Christianis
2401 3673 2506 3712 esset
2541 3669 2707 3724 episco-

467 3742 572 3795 palis
603 3741 798 3795 ecclesia,
822 3733 865 3782 et
890 3741 934 3782 in
962 3754 1060 3786 usus
1089 3735 1409 3787 mahometanae
1438 3734 1747 3798 superstitionis
1779 3753 2006 3793 conversa,
2031 3744 2258 3796 postquam
2282 3740 2586 3801 quinquaginta
2614 3753 2707 3782 am-

468 3813 579 3867 plius
607 3824 738 3854 annos
769 3816 1074 3867 perseverasset
1103 3813 1337 3858 incolumis.
1371 3814 1642 3870 Disputatum
1670 3812 1862 3856 nonnihil
1889 3817 1952 3855 est
1981 3812 2026 3854 in
2057 3812 2230 3855 crimine
2259 3810 2458 3872 diluendo
2475 3842 2488 3866 ,
2521 3823 2607 3867 quo
2636 3811 2711 3854 de-
