2970 4420
1206 288 1263 319 m:
1295 287 1558 320 rneonoms.
2456 276 2516 322 73

255 374 487 427 PhociciS‚
520 372 642 419 eirca
676 371 842 424 finem,
868 372 1085 428 Teleclis,
1113 387 1210 420 non
1242 373 1442 426 Rhoeci,
1470 371 1620 418 filium
1646 369 1755 416 facit
1784 368 2084 416 Theodorum
2117 373 2315 418 samium
2347 382 2522 421 statua-

256 453 403 504 rium,
431 457 477 496 et
506 465 613 496 cum
638 448 828 496 Rhoeco
855 451 1066 496 associat.
1105 451 1224 497 Hinc
1248 464 1486 502 nonnemo
1512 447 1898 511 opinari‘polerit
1917 445 2039 493 duos
2059 447 2330 495 Theodoros
2354 452 2523 496 samios

256 529 420 579 suisse3
447 527 645 573 alterum
671 527 798 573 hunc
822 529 1095 574 statuarium
1113 563 1124 579 ‚
1152 528 1212 574 de
1234 543 1330 589 quo
1353 543 1492 589 supra
1517 527 1743 578 diximus,
1771 524 1944 571 Rhoeci
1972 522 2147 577 filium
2175 525 2372 571 alterum
2394 528 2523 575 Tele-

257 605 342 652 elis
377 604 552 666 filium,
579 605 660 666 qui
687 604 868 666 primus
902 620 1008 650 cum
1036 606 1225 661 Rhoeco
1251 605 1369 651 aeris
1395 603 1621 651 fundendi
1646 603 1873 649 rationem
1900 603 2198 655 monstravit,
2227 611 2273 648 et
2306 617 2381 648 aes
2411 619 2523 650 con-

258 682 405 728 flavit.
432 661 593 728 Verba
631 682 881 727 Pausaniae
915 681 1006 727 loe.
1041 683 1119 727 cit.
1155 690 1288 727 sunt.
1330 668 1565 728 ἐδήλωσα
1603 667 1712 723 δὲ
1693 692 1741 724 εν
1775 691 1888 730 τοις
1921 666 2186 761 προτέροις
2219 691 2309 721 του
2348 669 2520 743 λόγου

258 753 474 820 σαμιόυς
505 747 708 800 Ῥοικον
743 751 1003 809 Φιλαί,ου
1033 747 1116 801 καὶ
1159 745 1424 821 Θεόδωρον
1461 745 1761 808 Τηλέκλους
1799 741 1928 800 ειναι
1963 767 2082 806 τους
2116 744 2355 816 εὑρόντας
2391 756 2526 815 χαλ

259 822 345 880 κᾶν
382 824 430 886 ἐς
464 847 522 877 το
559 823 925 908 ἀκριβέσΎατον
952 826 1139 897 τῆξαι,
1169 847 1252 878 και
1287 823 1570 893 ἐχώνευσαν
1609 819 1749 876 οὗτοι
1786 839 1995 898 πρωτοι
2026 820 2300 894 Θεοδώρου
2334 844 2427 892 μεν
2463 820 2522 879 δη

258 899 468 957 ουδὲν”
443 923 518 954 ετι
557 896 681 954 οἰδα
719 900 969 974 ἐξευρὼν,
1004 900 1100 955 ὅσα
1132 922 1190 968 ’γε
1227 901 1440 970 χαλκοῦ
1473 898 1828 971 «πεποιημένοι.
1865 907 2128 955 Docutmus
2164 908 2215 953 in
2247 908 2351 954 alca
2384 907 2526 955 huius

258 987 490 1035 hi'stortae
520 998 688 1050 parte,
722 987 902 1033 samios
934 986 1147 1033 homines
1184 986 1421 1049 Rhoecum
1455 986 1671 1037 Phisslaez
1707 997 1753 1031 et
1790 984 2083 1032 Theodorum
2120 985 2308 1047 Teleclis
2324 985 2522 1047 filium,

251 1065 438 1130 primos
476 1064 692 1110 omnium
727 1064 856 1110 aeris
889 1064 1135 1125 fundendi
1172 1064 1419 1110 rationem·
1444 1080 1592 1126 quam
1631 1063 1995 1110 exactissimam
2031 1075 2346 1109 monstrasse:
2383 1062 2527 1108 iidem

257 1158 374 1190 sane
399 1141 557 1205 primi
589 1157 669 1187 aes
692 1144 984 1203 conflarunt.
1021 1141 1220 1187 Nullum
1248 1153 1412 1186 tamen
1445 1140 1678 1187 Theodori
1707 1158 1848 1204 opus,
1877 1141 2006 1204 quod
2018 1139 2181 1202 suerit
2207 1157 2270 1185 ex
2291 1156 2423 1190 aere,
2454 1156 2529 1186 re-

255 1219 419 1284 perire
451 1219 679 1266 hactenus
706 1219 864 1304 potui.
901 1218 1076 1264 Plinius
1107 1218 1192 1264 lib.
1220 1221 1402 1265 XXXV.
1439 1234 1540 1281 cap.
1574 1220 1650 1264 12.
1687 1218 1807 1264 Sunt
1839 1218 1925 1281 qui
1957 1217 2007 1264 in
2039 1219 2185 1264 Samo
2209 1217 2395 1281 primos
2427 1234 2528 1262 om-

259 1315 396 1343 ntum
426 1297 664 1361 plasticen
698 1295 927 1343 iff'nsentsse
958 1294 1196 1341 Rhoecum
1232 1307 1277 1340 et
1311 1294 1604 1341 Theodorum
1640 1295 1865 1346 tradunt,
1895 1296 2047 1342 multo
2081 1307 2193 1341 ante
2222 1293 2527 1341 Bacchiadas

262 1375 364 1436 (alii
397 1375 557 1442 legunt
591 1373 878 1435 Battiadas)
911 1371 1136 1419 Corintho
1161 1374 1338 1435 pulsos.
1375 1373 1611 1419 Diodorus
1638 1373 1809 1419 siculus
1836 1373 1945 1435 (lib.
1975 1375 2010 1418 l.
2040 1374 2120 1419 98.
2137 1372 2297 1459 )ime‚¹⁸
2321 1371 2527 1419 celebres

262 1451 462 1499 artifices
474 1459 724 1497 numerat:
751 1444 1115 1513 παραπλησίως
1142 1437 1196 1492 δὲ
1225 1439 1308 1493 καὶ
1340 1439 1424 1494 τὸν
1452 1438 1686 1512 Εὔδοξον
1715 1438 2146 1512 οἰσὛρολοΓνῙσανῗΤα
2172 1440 2282 1513 παρ’
2315 1440 2495 1500 αὐτοις
2514 1482 2526 1501 ,

262 1518 346 1572 καὶ
387 1517 566 1572 πολλοὶ
594 1541 690 1572 των
722 1520 985 1589 χρησίμων
1016 1517 1089 1578 εἷς
1122 1516 1241 1578 τοὺς
1262 1514 1524 1577 ’Έλληνας
1559 1514 1791 1579 ἐκδόνὙα,
1822 1517 2001 1586 τυχεῖν
2035 1515 2317 1588 ἀξιολόΓου
2349 1514 2525 1588 δόξης·

260 1597 359 1651 τῶν
391 1617 446 1661 τε
483 1594 929 1667 ἀγαλματοποιῶν
961 1594 1214 1648 ωαλαιῶν
1245 1592 1366 1654 τούς
1401 1592 1636 1663 μάλιστα
1669 1591 2111 1664 διωνομασμένους
2147 1590 2523 1668 διατετριφέναι
2553 1608 2560 1619 ’

260 1672 372 1745 παρ’
402 1671 585 1733 αὖτοῖς
614 1668 890 1728 Τηλεκλέα
917 1669 1001 1723 καὶ
1036 1669 1304 1744 Θεόδωρον
1331 1670 1451 1733 τοὺς
1480 1671 1683 1723 Ῥοίκου
1717 1669 1807 1742 μὲν
1837 1668 1997 1731 υἱούς.
2034 1679 2267 1726 Similiter
2298 1692 2459 1725 autem
2483 1691 2529 1725 et

206 1814 215 1827 ,
260 1744 547 1820 Eudoxum,
568 1768 830 1820 postquam
863 1757 1181 1820 astrologiam
1215 1757 1351 1820 apud
1381 1773 1458 1803 eos
1490 1756 1759 1806 didicisset,
1789 1767 1835 1801 et
1858 1757 2037 1802 multas
2070 1773 2142 1802 res
2165 1757 2303 1802 utiles
2338 1756 2530 1803 Graecis

262 1835 566 1886 tradi',disset
591 1833 828 1897 peperisse
853 1834 949 1880 sibi
981 1834 1160 1905 iustam
1185 1834 1394 1880 laudem.
1432 1834 1509 1880 Ad
1540 1833 1659 1879 haec
1681 1845 1806 1878 inter
1829 1844 2002 1879 veteres
2025 1834 2288 1879 statuarios
2312 1850 2530 1879 maxime

238 1912 460 1958 celebres
494 1911 630 1975 apud
659 1928 736 1957 eos
773 1923 979 1958 versatos
1012 1900 1108 1957 esse
1145 1911 1366 1957 Teleclem
1403 1923 1447 1956 et
1487 1910 1806 1961 Theodorum,
1836 1909 2012 1956 Rhoeci
2015 1910 2189 1971 flios
2228 1913 2378 1957 Huius
2411 1928 2531 1974 opus

260 1991 382 2035 inter
404 1989 494 2035 alia
518 1989 609 2034 fuit
629 1987 926 2050 labyrinthus
949 1989 1095 2041 Sami,
1123 1997 1168 2035 et
1194 1990 1263 2035 sui
1286 1989 1431 2050 ipsius
1455 1996 1620 2034 statua.
1650 1988 1825 2033 Plinius
1848 1968 1933 2033 lil).
1960 1989 2162 2034 XXXIV.
2189 2004 2290 2050 cap.
2319 1990 2366 2035 8.
2397 1987 2531 2034 Theo

262 2066 407 2112 dorus
435 2065 522 2129 qui
541 2064 879 2149 labyrinthum
898 2065 1027 2127 sectt
1051 2065 1214 2116 Sami,
1245 2066 1342 2129 ipse
1366 2082 1413 2111 se
1437 2082 1501 2110 ετ
1525 2082 1635 2111 aere
1655 2065 1822 2126 fudit,
1849 2076 2046 2128 praeter
2066 2064 2431 2111 simmilttudznem
2458 2083 2533 2111 ιη·-

259 2141 558 2194 credibilem,
585 2142 975 2205 samamagnae
1007 2142 1293 2188 subtilitatis
1326 2142 1607 2188 celebratus.
1643 2144 1861 2187 Dextera
1895 2141 2064 2187 limam
2094 2153 2240 2192 tenet,
2270 2143 2406 2189 laeva
2439 2143 2529 2189 tri-

262 2219 348 2266 bus
381 2219 552 2282 digitis
585 2218 935 2281 quadrigulam
970 2219 1123 2265 tenuit
1157 2221 1451 2266 translatam
1486 2221 1763 2270 Praeneste,
1798 2230 1967 2264 tantae
1995 2218 2257 2282 parvitatis
2291 2231 2343 2264 ut
2376 2231 2528 2265 totam

253 2312 371 2344 ‘eam
403 2311 689 2357 currumque
712 2307 757 2340 et
783 2295 1016 2358 aurigam
1050 2295 1281 2359 integeret
1305 2296 1399 2342 alis
1423 2295 1571 2342 simul
1590 2296 1738 2357 sacta
1764 2312 1948 2342 musca.
1985 2296 2133 2342 Huius
2154 2298 2289 2381 e'tiam
2319 2296 2528 2342 Sciadem

262 2373 404 2418 fuisse
428 2371 556 2418 idem
582 2373 868 2418 Pausanias
857 2388 904 2417 m
938 2373 1176 2419 Laconicis
1202 2374 1282 2435 (p.
1316 2373 1459 2435 183.)
1488 2373 1657 2419 refert:
1699 2362 1848 2437 ετέρα
1878 2361 1983 2415 δὲ’
1965 2385 2018 2415 εκ
2044 2386 2132 2423 της
2160 2363 2362 2437 dyopac:
2395 2385 2527 2417 εστιν
2598 2407 2604 2409 »

261 2436 474 2512 ἔξοδος,
503 2438 624 2491 καθ’
655 2462 707 2494 ην
741 2443 1005 2497 πεποίηται
1038 2444 1208 2502 σφίσιν
1238 2441 1263 2496 251
1296 2439 1584 2512 καλουμένη
1621 2439 1811 2502 Σκιάς,
1843 2438 1972 2494 ἔνθα
2006 2463 2088 2492 και
2131 2463 2211 2495 νυν
2246 2438 2320 2492 ε’τι
2355 2438 2529 2501 εκκλη

256 2512 543 2588 σιτίζουσιν·
578 2538 764 2572 ταυτην
798 2540 884 2572 την
926 2514 1132 2570 Σκιάδα
1174 2516 1440 2590 Θεοῖώρου
1482 2540 1572 2570 του
1618 2522 1806 2588 σαμιόυ
1843 2516 1996 2582 φασιν
2035 2513 2162 2571 εἶναι
2203 2522 2438 2588 ττι-ποίημα,
2474 2514 2527 2579 ὃς

265 2593 462 2666 πρῶτος
493 2590 709 2661 διαχέαι
743 2590 947 2677 σίδηρον
979 2598 1086 2666 εὑρε
1117 2615 1199 2647 και
1233 2594 1520 2668 οἷγοίλμαΎα
1556 2595 1635 2647 ἀπ’
1665 2592 1828 2648 αὐτου
1862 2593 2080 2664 πλασαι.
2116 2605 2249 2650 Alter
2269 2614 2339 2649 est
2364 2621 2388 2648 e
2409 2604 2528 2666 soro

262 2679 447 2728 eaeiQtus
476 2678 627 2724 circa
639 2695 778 2741 quem
812 2680 965 2725 locum
993 2680 1258 2740 aedificata
1290 2693 1358 2727 est
1383 2697 1507 2743 quae
1530 2681 1666 2727 Scias
1691 2693 1907 2732 vocatur,
1938 2681 1989 2726 in
2013 2697 2108 2743 qua
2134 2681 2226 2726 hac
2250 2681 2397 2727 etiam
2423 2682 2528 2744 ipsa

264 2767 426 2802 aetate
453 2766 704 2802 conventus
737 2756 993 2803 celebrant.
1027 2759 1172 2802 Hanc
1194 2757 1416 2803 Sciadem
1440 2775 1556 2842 opus
1580 2776 1676 2805 esse
1708 2770 1975 2804 memorant
2002 2757 2232 2804 Theodori
2251 2757 2417 2808 samii
2446 2757 2532 2819 qui

263 2843 308 2876 et
329 2831 528 2892 serrum
550 2831 765 2892 sundere
776 2849 980 2917 primus
1004 2833 1190 2884 docuit,
1219 2845 1264 2878 et
1288 2850 1351 2879 ex
1375 2851 1428 2880 eo
1452 2834 1596 2898 signa
1619 2835 1828 2897 fingere.
1866 2836 1957 2880 Et·
1945 2850 1993 2880 ln
2020 2835 2253 2880 Arcadicis
2280 2835 2354 2896 (p.
2382 2835 2494 2884 479
2512 2834 2526 2896 )

266 2897 475 2967 διέχεαν
518 2895 573 2951 δὲ
618 2897 820 2967 χαλκὸν
861 2901 1066 2971 τωρῶτοι
1093 2942 1105 2962 ,
1147 2923 1231 2953 και
1279 2899 1573 2973 ἅγοὶλματα
1617 2899 1959 2970 ἐχωνευσαντο
1996 2902 2199 2962 Ῥοικος
2239 2922 2291 2953 τε
2333 2899 2524 2955 Φιαιόυ

270 2982 442 3047 (supra
466 2984 612 3031 habes
645 2977 934 3041 Φιλαίου,)
967 3000 1050 3030 και
1086 2975 1353 3048 Θεόδωρος
1383 2976 1740 3039 Τηλεκλέους,
1769 2995 1964 3048 σαμιοι·
1997 2975 2268 3047 Θεοδωρου
2301 2973 2357 3029 δε
2388 2974 2525 3049 {psov

264 3076 348 3115 ην,
384 3075 468 3105 και
513 3048 595 3105 ε’πι
628 3074 718 3105 του
758 3055 923 3121 λίθου
957 3076 1046 3114 της
1083 3051 1393 3127 σμαραγδου
1432 3053 1746 3127 ocppa71;‚n
1722 3052 1774 3110 ἣν
1806 3052 2138 3126 Πολυκράτης
2172 3076 2194 3105 ο
2229 3051 2410 3124 Σάμου
2445 3077 2526 3107 τυ·

264 3127 510 3202 ραννιῖσας
549 3127 718 3203 ἐφόρει
755 3151 808 3183 τε
842 3129 906 3184 τὰ
941 3129 1200 3200 μα’λισἻα,
1230 3129 1313 3183 καὶ
1355 3129 1421 3183 ἐπ
1450 3131 1581 3186 αὕτη
1608 3150 1854 3201 περισσως
1886 3128 1947 3186 δη
1977 3152 2025 3182 τι
2055 3129 2336 3201 ηγαλλεἻο
2371 3140 2530 3189 Pri'mc

226 3224 230 3226 '
264 3232 346 3261 aes
365 3215 631 3277 fuderunt,
662 3227 706 3261 et
731 3228 921 3262 statuas
955 3216 1066 3262 inde
1099 3219 1373 3278 conflarunt
1397 3216 1607 3262 Rhoecus
1635 3216 1842 3267 Philaei
1872 3227 1917 3261 et
1945 3217 2133 3262 Teleelis
2155 3215 2294 3277 silius
2322 3215 2529 3266 Theodo-

265 3308 368 3343 rus,
399 3291 540 3338 ambo
572 3292 736 3338 samii.
777 3292 1044 3339 Theodorus
1077 3305 1201 3339 certe
1229 3305 1273 3339 et
1296 3293 1613 3356 smaragdum
1647 3293 1783 3339 illum
1817 3293 2039 3343 coelavit,
2069 3309 2206 3355 quem
2227 3293 2527 3355 frequentis-

263 3368 382 3420 sime
413 3369 661 3432 gestabat,
691 3386 874 3433 quoque
895 3371 1114 3416 maoeime
1138 3370 1467 3416 delectabatur
1493 3371 1765 3432 Polycrates
1789 3369 2061 3415 Samiorum
2087 3366 2340 3432 tyrannus.
2377 3372 2527 3417 Huius

263 3461 454 3508 quoque
487 3461 655 3493 aureus
690 3456 840 3494 crater
866 3449 980 3499 tanti
1014 3450 1279 3494 aestimatus
1314 3447 1424 3501 fuit,
1453 3455 1503 3493 ut
1537 3449 1584 3492 in
1610 3445 1826 3494 cubiculo
1861 3449 1983 3508 regis
2007 3449 2249 3493 Persarum
2282 3448 2405 3502 inter
2437 3448 2525 3493 alia

264 3524 595 3584 pretiosissima
621 3524 959 3577 collocaretur,
987 3533 1039 3570 ut
1063 3541 1119 3571 ex
1142 3525 1335 3572 Charete
1362 3525 1673 3626 mitylenaeoQ
1666 3524 1930 3571 Athenaeus
1954 3525 2299 3586 dipnosophist.
2326 3523 2412 3571 lib.
2440 3527 2520 3571 Xl.

266 3598 350 3660 (p.
387 3599 498 3644 514.
519 3598 534 3661 )
571 3600 738 3646 tradit:
779 3614 836 3644 ου
871 3591 1072 3665 μακράν
1106 3614 1157 3645 τε
1194 3613 1382 3652 ταυτης
1418 3591 1730 3650 ἀνακεῖσθαι
1767 3614 1992 3664 κρατηρα
2027 3614 2287 3666 χρυσουν,
2326 3589 2522 3645 Θεοδώ-

265 3685 357 3736 ρου
391 3687 482 3718 του
522 3671 707 3738 σαμιόυ
742 3673 948 3740 ποι’.ημα
983 3679 1082 3723 Nec
1107 3678 1281 3740 procul
1312 3677 1374 3722 ab
1400 3693 1457 3723 ea
1478 3689 1688 3740 positum
1724 3689 1957 3726 craterem
1982 3694 2206 3730 aureum
2237 3695 2353 3742 opus
2380 3678 2524 3724 Theo-

267 3749 377 3795 dori
405 3752 567 3799 samii.
603 3755 914 3802 Meminerunt
949 3763 1185 3818 praeterea
1211 3755 1418 3800 eiusdem
1441 3755 1672 3802 Theodori
1696 3770 1752 3801 ex
1777 3755 2112 3803 recentioribus
2144 3757 2448 3810 Hermolaus,
2477 3766 2521 3803 et

266 3827 587 3892 Delecampius
620 3833 667 3880 in
699 3833 921 3889 Plinium,
950 3841 993 3881 et
1027 3833 1193 3887 Paulus
1229 3833 1498 3902 Leopardus
1533 3833 1765 3890 emendat.
1796 3833 1878 3886 lib,
1910 3837 1965 3890 X,
1996 3851 2098 3897 cap,
2127 3836 2205 3881 25.

1221 3918 1228 3925 ‘
2242 3924 2286 3956 10
