2970 4420
1233 285 1419 319 mmcon
1451 284 1551 318 vm.

272 374 319 436 gi
343 387 467 421 esse:
499 372 671 420 etenim
704 370 775 419 illi
802 373 850 419 in
874 371 1175 420 Palaestinam
1201 373 1362 436 profe-

269 450 388 497 cturi
428 456 593 503 erant,
627 453 776 511 'quare
816 458 864 496 et
904 450 1138 497 viatorum
1173 450 1360 497 schema

269 524 603 580 adsumebant;
631 541 717 574 nos
749 542 862 574 vero
895 528 947 574 in
979 526 1159 575 caelum
1190 528 1358 575 transi-

270 604 364 650 turi
394 618 572 650 sumus.

371 680 447 726 18.
486 680 783 743 Quapropter
827 677 1024 727 omnino
1064 679 1358 742 vigilandum

270 766 363 810 est,
388 757 498 819 quia
527 773 621 804 non
647 758 775 804 leves
804 765 961 804 manet
994 772 1145 820 poena
1167 756 1358 819 indigne

270 834 621 896 participantes,
642 834 723 881 illa
742 849 936 896 prorsus
950 868 962 887 ,
983 849 1124 895 quam
1149 834 1266 880 iuste
1286 848 1359 895 pa·

268 910 443 956 tientur
470 911 500 956 ii
525 911 606 972 qui
628 910 966 957 sanctissimum
990 909 1158 955 Christi
1188 924 1358 972 corpus

269 994 605 1033 mactaverunt.
633 987 776 1033 ‘Certe
800 985 916 1048 quid
951 986 1114 1048 purius
1143 1000 1241 1031 esse
1275 984 1360 1030 de-

269 1062 349 1110 bet
383 1064 601 1118 homine,
627 1064 708 1126 qui
743 1063 863 1110 hanc
884 1063 1122 1109 victimam
1153 1069 1359 1124 gustatu·

271 1156 352 1187 rus
376 1141 477 1187 est?
511 1140 635 1196 Quid
659 1141 708 1187 ni
739 1139 880 1187 solari
911 1139 1046 1186 radio
1070 1138 1359 1202 splendidior

272 1233 370 1264 esse
397 1216 538 1265 debet
564 1233 755 1271 manus,
782 1232 903 1279 quae
926 1217 1046 1263 hanc
1069 1230 1258 1262 carnem
1286 1215 1359 1261 di-

271 1294 481 1348 stribuit,
509 1310 564 1342 os
594 1296 701 1357 igne
733 1293 928 1357 spiritali
954 1293 1172 1355 plenum,
1201 1292 1358 1354 lingua

268 1370 521 1418 rubescens
544 1372 767 1434 sanguine
800 1368 1206 1417 tremendissimo‘?
1238 1369 1358 1415 Con-

271 1449 528 1496 sideremus
544 1449 671 1511 quali
696 1447 876 1495 honore
898 1447 1019 1493 aucti
1038 1447 1182 1492 simus
1197 1479 1208 1499 ,
1230 1445 1357 1506 quali

271 1525 484 1572 fruamur
518 1541 702 1572 mensa:
737 1540 879 1587 quam
914 1523 1066 1586 angeli
1100 1530 1358 1585 spectantes

269 1610 477 1649 tremunt
492 1637 504 1656 ,
526 1599 678 1665 neque
696 1601 860 1648 oculos
875 1609 1038 1648 contra
1057 1599 1272 1646 attollere
1295 1599 1359 1643 in-

268 1679 452 1742 trepide
486 1679 681 1731 audent‚
715 1686 909 1740 propter
940 1676 1050 1723 inde
1080 1677 1358 1722 emicantem

271 1754 521 1817 fulgorem.
559 1756 662 1801 Hoc
693 1770 782 1801 nos
813 1755 1073 1806 nutrimur,
1102 1753 1210 1799 huic
1232 1767 1357 1802 com-

269 1832 542 1886 miscemur,
570 1840 618 1878 et
645 1846 816 1893 corpus
837 1830 1004 1876 Christi
1037 1845 1183 1876 unum
1215 1829 1358 1875 effici-

271 1925 401 1962 mur,
422 1917 468 1955 et
489 1924 599 1955 caro
622 1923 732 1955 una.
754 1909 867 1964 Quis
885 1908 1105 1969 loquetur
1128 1908 1357 1969 potentias

267 1986 477 2039 Domini,
498 1985 679 2032 auditas
703 1984 840 2031 faciet
857 2000 1021 2031 omnes
1036 1978 1206 2030 vlaudes
1226 1985 1358 2030 eius?

268 2061 350 2123 qui
381 2063 575 2108 omnino
599 2077 684 2108 nos
716 2060 804 2108 sibi
829 2061 1040 2124 copulat,
1068 2061 1149 2122 qui
1178 2061 1359 2106 unicui·-

256 2153 361 2201 *que
393 2137 605 2184 fidelium
635 2153 685 2184 se
710 2138 914 2184 insinuat
943 2152 1029 2200 per
1061 2137 1153 2183 hoc
1184 2145 1358 2198 myste-

268 2215 392 2261 rium
408 2249 421 2269 ,
447 2214 708 2277 eodemque
732 2215 870 2261 simul
900 2214 1064 2261 suadet
1097 2230 1145 2260 se
1168 2229 1355 2260 carnem

270 2299 477 2353 nostram
509 2291 625 2338 olim
655 2291 981 2354 adsumpsisse.
1018 2292 1088 2337 Ne
1109 2291 1253 2353 igitur
1283 2306 1358 2338 so·

269 2367 436 2414 cordes
458 2369 601 2415 simus
615 2402 627 2421 ,
655 2376 905 2430 postquam
927 2367 1109 2414 honore
1133 2375 1264 2414 tanto
1292 2376 1357 2414 at-

270 2460 363 2506 que
386 2460 546 2492 amore
569 2445 698 2508 digni
719 2445 866 2492 habiti
891 2445 1079 2492 fuimus.
1111 2447 1276 2492 Nonne
1298 2446 1360 2492 vi-

2419 274 2514 321 493

1432 370 1633 431 medus,
1665 369 1843 436 πολλῳ
1875 372 2069 437 μᾶλλον
2100 365 2221 439 ημᾶς
2251 370 2392 439 νηφειν
2420 373 2511 425 δει·

1435 448 1606 500 ἁκεῖνοι
1628 442 1711 515 μὲν
1732 444 1786 514 {z
1807 447 1867 503 εἰς
1891 444 2192 502 Παλαιςινην
2208 447 2382 520 ’έμῇλον
2404 449 2509 521 ἐξιξ-

1429 545 1520 578 ναι·
1554 521 1623 575 διὸ
1653 524 1695 594 79
1727 520 1985 593 ὁδοιπόρων
2022 519 2276 576 ὀιιεκτηντο
2309 544 2509 595 σχημα,
2575 549 2579 552 ’

1433 598 1558 671 ἡμεῖς
1580 599 1607 672 {j
1635 601 1692 656 εἷς
1711 599 1743 651 δ’
1766 595 1951 691 οὐραγὸν
1971 596 2204 668 μὲλλομεν
2224 600 2508 668 ἀποδημεῖν.

1521 674 1599 730 ιη’.
1632 675 1796 729 ἅΟθεν
1814 695 1895 748 &gn
1921 676 2211 728 πάντοθεν’
2194 676 2510 748 εχηγορέναι,

1430 751 1509 806 διὰ
1534 749 1586 804 τὸ
1609 772 1672 822 μη
1701 752 1876 823 μικρὰν
1899 753 2037 821 neuaeg
2055 751 2253 803 κόλασιν
2277 755 2375 808 τοῖς
2398 756 2511 808 ἅνα-

1431 827 1538 901 {icoc
1565 828 1818 898 μετὲχεσι,
1839 827 1952 898 79ἣν
1974 827 2159 885 πάντως
2183 827 2419 882 πείσονται
2448 831 2512 882 δι-

1432 903 1576 962 καίως
1601 906 1645 958 οἵ
1666 904 2057 977 κατασφάξαντες
2086 902 2137 956 τό
2167 905 2406 972 πανάγιον
2428 911 2514 958 σῶ-

1429 1004 1506 1050 μα
1529 987 1729 1054 >ipae-ov·
1751 981 1869 1038 τίνος
1889 981 1984 1054 γὰρ
2006 984 2058 1034 οὐ
2080 982 2147 1034 δεῖ
2164 980 2514 1055 καθαρώτερον

1431 1056 1544 1110 εἶναι
1579 1055 1653 1145 ᾧ
1687 1057 1729 1111 οἵ
1760 1056 1939 1116 θυσίας
1963 1056 2285 1111 ἅπολαυοντα
2313 1060 2512 1128 ταύτης,

1431 1132 1574 1190 ποίας
1606 1138 1802 1192 ηλιακης
1824 1139 2013 1192 ακτῒνος
2046 1137 2098 1187 οὗ
2129 1136 2505 1211 λαμπροτέραν
2481 1162 2512 1191 ‹1-

1430 1212 1574 1282 χεῖρα
1601 1213 1634 1264 ‹i-
1656 1233 1833 1265 ταυτην
1857 1236 1888 1263 ο·
1913 1233 2072 1287 anguem
2093 1213 2434 1284 Αχᾳτὲμνὸσαν,
2455 1214 2510 1266 τὸ

1431 1287 1572 1356 ς-όμα
1591 1310 1642 1340 το
1665 1282 1982 1362 πληρούμενον
2001 1289 2144 1362 πυρὸς
2166 1296 2512 1355 πνευματικοῦ,

1432 1363 1465 1414 ‘1²
1487 1378 1562 1430 31>
1565 1386 1718 1418 masav
1739 1389 1770 1416 τ
1794 1383 2127 1431 φοινισσομενην
2151 1369 2325 1435 αἵματι
2348 1385 2514 1441 φρικω-

1431 1438 1654 1508 &es-cira:
1646 1444 1967 1510 ἐννοήσωμεν
1987 1440 2131 1495 ποίαν
2152 1441 2425 1512 ἐτιμηθημεν
2448 1465 2513 1496 τι-

1429 1536 1552 1584 μην,
1583 1515 1728 1573 ποιας
1760 1516 2062 1586 ἄπολαυομεν
2090 1518 2353 1593 τραπεζης·
2381 1521 2511 1592 ὅπερ

1432 1593 1621 1660 &ysena
1649 1593 1907 1659 βλεποντες
1932 1594 2173 1668 egeriem,
2197 1598 2238 1666 79
2266 1592 2368 1648 οὐδε
2391 1601 2513 1649 ἅντι-

1429 1668 1615 1741 βλεψαι
1653 1672 1896 1736 τολμωσιν
1931 1671 2103 1741 ἅδεως,
2132 1672 2269 1724 διὰ
2246 1696 2277 1724 τ
2315 1676 2512 1728 ἐκεῖθεν

1430 1743 1659 1817 άςραπην
1681 1748 1941 1819 φερομένην·
1964 1771 2120 1817 τουτῳ
2147 1745 2271 1818 ημεῖς
2298 1750 2513 1824 τρεφόμε-

1431 1825 1543 1884 θα,
1563 1826 1604 1893 79
1631 1844 1770 1891 σωμα
1793 1829 1966 1898 Χςις-οῦ
1990 1822 2256 1895 ’γινόμεθα
2239 1845 2306 1887 εν,
2287 1829 2370 1924 (1979
2394 1828 2514 1924 σὰρξ

1430 1897 1540 1967 μία·
1573 1902 1637 1959 τίς
1668 1895 1865 1966 λαλησᾴ
1897 1900 1979 1959 τὰς
2009 1901 2322 1960 δυνιιις-ειας“ἶςι
2290 1927 2322 1955 τ
2351 1901 2512 1978 nugae,

1431 1975 1623 2035 οἴκεε-ὰς
1643 1978 1817 2041 notrici
1837 1979 1999 2036 πάσας
2021 1978 2103 2036 τὰς
2127 1978 2308 2035 αἷνεσεις
2332 1982 2511 2047 αὐτοῦ·

1431 2050 1511 2104 διὰ
1531 2053 1721 2107 πάντων
1749 2051 1873 2123 ημᾶς
1901 2057 2035 2123 αῦτῳ
2056 2055 2419 2125 συμπλεκοντος
2434 2096 2450 2124 ,
2470 2066 2513 2128 79

1431 2126 1490 2181 ἔνι
1521 2127 1685 2199 εκάςῳ
1717 2131 1750 2183 51²
1778 2153 1936 2191 πιςων
1968 2153 2134 2186 εαυτον
2168 2132 2512 2201 avana-yrun&

1432 2204 1578 2258 διὰιῖςι
1543 2229 1577 2258 τ
1608 2229 1831 2282 μυςηςιες·
1858 2213 1900 2279 79
1922 2209 2078 2278 τούτῳ
2108 2208 2292 2264 πάντας
2317 2209 2514 2263 πείθον-

1431 2303 1513 2339 τος
1543 2283 1713 2345 πάλιν,
1746 2285 1817 2335 ὅτι
1848 2286 2007 2360 σάρκα
2036 2286 2236 2350 ’ἔλαβε
2211 2310 2243 2339 «τ
2277 2281 2418 2355 ’llum‘
2447 2307 2513 2356 μη

1433 2356 1583 2412 τοινυν
1605 2359 1906 2435 ῥᾳθυμωμεν
1929 2362 2159 2420 τοσαύτης
2188 2360 2436 2435 ηξιωμενοι
2450 2384 2515 2416 τι-

1431 2456 1520 2505 μης
1544 2438 1586 2507 79
1610 2438 1823 2506 ἀγάπης·
1848 2446 1940 2509 οὐχ
1961 2439 2131 2514 ὄζωμεν
2149 2439 2212 2492 τὰ
2236 2437 2410 2491 παιδία
2426 2436 2514 2507 siff

2255 2591 2521 2606 xxxxxx

271 2583 353 2628 μηνὶ
381 2581 562 2631 δεκεμβρίῳ
587 2582 651 2627 κε’,
675 2583 790 2631 ἡμέρᾳ
814 2583 908 2631 τρίτῃ
935 2585 994 2624 τῆς
1020 2583 1218 2631 ἑβδομάδος·
1245 2584 1365 2625 κύκλος
1395 2585 1462 2633 γάρ
1487 2584 1527 2624 ἦν
1554 2586 1630 2621 τότε
1660 2587 1758 2626 ἡλίου
1784 2589 1846 2635 μὲν
1873 2589 1934 2632 ιη’,
1961 2593 2021 2631 τῆς
2054 2590 2197 2631 σελήνης
2225 2594 2258 2625 δε
2286 2605 2312 2625 ιε

271 2644 337 2678 ἔτει
364 2646 424 2679 τοῦ
449 2643 611 2692 καίσαρος
636 2644 806 2692 Τιβερίου,
827 2646 1028 2693 τριακοστὸς
1053 2644 1118 2684 ἤδη
1145 2645 1338 2693 γενόμενος,
1364 2645 1567 2694 βαπτίζεται
1593 2649 1657 2684 ὐπὸ
1684 2650 1832 2685 Ἰωοίννου
1859 2650 1918 2688 ἶνδ.
1943 2651 1992 2696 α’,
2011 2651 2125 2700 ’ἡμέρα
2149 2654 2209 2692 τῆς
2235 2651 2422 2699 ἑβδομάδος
2449 2655 2520 2687 δευ-

274 2705 370 2753 τέρᾳ,
387 2704 467 2754 ἕκτῃ
491 2704 698 2754 farreo-zelet»
718 2706 833 2753 μηνός·
854 2707 912 2741 καὶ
935 2708 979 2751 τῷ
1000 2706 1044 2745 ιη’
1063 2707 1129 2741 ἔτει
1150 2707 1255 2742 αὐτοῦ
1275 2706 1445 2754 Τιβερίου,
1464 2708 1520 2743 ἐπὶ
1542 2710 1579 2744 τὸ
1601 2709 1712 2751 ποί-θος
1734 2712 1772 2746 τό
1793 2712 1942 2747 ἑκούσιον
1963 2711 2085 2756 ἦλθεν,
2103 2713 2136 2748 ἐν
2157 2714 2222 2748 ἔτει
2244 2713 2375 2760 κόσμου
2395 2711 2518 2760 ,εφλθ’,

275 2767 357 2814 μηνὶ
382 2766 511 2814 μαρτίῳ
536 2768 606 2815 κγ’,
630 2767 689 2805 ι’νδ.
709 2768 751 2811 δ’,
770 2769 883 2816 ἡμέρᾳ
903 2767 939 2812 ς’
958 2770 1018 2809 τῆς
1044 2768 1242 2815 ἑβδομάδος·
1263 2768 1388 2808 ἐνέστη
1416 2771 1448 2805 δέ
1469 2773 1517 2818 ,τῇ
1535 2771 1580 2806 κε’
1599 2774 1660 2807 τοῦ
1683 2772 1789 2808 αὑτοῦ
1811 2775 1934 2820 μηνὸς,
1954 2773 2066 2823 ’ἡμέρᾳ
2090 2774 2199 2822 πρώτῃ
2227 2777 2286 2815 τῆς
2312 2774 2517 2822 ἑβδομάδος,

274 2828 419 2870 σελήνης
443 2829 551 2876 κύκλῳ
576 2830 718 2876 δεκάτῳ,
742 2830 840 2870 ’ἡλίου
865 2830 974 2875 κύκλῳ
998 2830 1062 2877 κγ’.

821 2921 885 2956 Ex
909 2920 1084 2956 tractatu
1110 2919 1212 2957 beati
1235 2920 1366 2957 domni
1390 2923 1549 2960 Nicetae
1571 2923 1678 2961 Seidi
1702 2923 1750 2960 de
1772 2924 1971 2972 paschate.

356 3005 482 3040 Natus
512 3005 569 3039 est
600 3003 774 3040 dominus
803 3007 933 3041 noster
962 3009 1064 3042 Iesus
1089 3006 1268 3043 Christus
1299 3018 1399 3043 anno
1430 3007 1480 3043 ab
1511 3007 1601 3044 orbe
1625 3008 1775 3045 condito
1799 3013 1916 3055 5506,
1942 3012 1986 3046 ut
2015 3011 2095 3047 iam
2119 3012 2238 3047 antea
2266 3011 2364 3049 dixi.
2391 3011 2518 3048 Aliter

271 3063 373 3098 enim
397 3072 475 3098 esse
498 3064 649 3109 nequit,
675 3065 826 3100 etiamsi
856 3066 896 3100 in
927 3064 1121 3111 infinitum
1151 3066 1374 3112 vestiqando
1403 3068 1488 3112 quis
1519 3066 1679 3105 laboret.
1705 3067 1900 3104 Salutaris
1931 3071 2060 3105 autem
2089 3071 2169 3105 eius
2193 3071 2326 3116 passio
2357 3072 2517 3117 contiqit

272 3132 373 3157 anno
397 3125 511 3166 5539,
537 3132 621 3158 cum
646 3124 743 3158 esset
764 3122 913 3159 lunaris
938 3123 1064 3170 cyclus
1088 3124 1276 3168 decimus,
1302 3124 1443 3161 solaris
1467 3127 1596 3162 autem
1619 3127 1822 3173 viqesimus
1849 3129 1996 3163 tertius.
2025 3127 2167 3173 Quibus
2192 3131 2394 3173 concessis,
2419 3139 2518 3165 com-

267 3181 426 3226 peritur
456 3190 566 3226 vere,
592 3183 721 3217 actum
751 3191 830 3218 esse
850 3181 983 3229 'leqale
1010 3182 1184 3228 pascha,
1209 3185 1353 3229 quarta
1383 3183 1534 3220 decima
1565 3183 1628 3220 die
1658 3183 1794 3230 lunae,
1825 3187 2008 3232 viqesima
2041 3188 2160 3222 tertia
2189 3189 2327 3223 mensis
2356 3189 2517 3233 martii,

270 3238 536 3276 hebdomadae
559 3242 692 3284 sexta,
719 3251 796 3286 qua
819 3251 956 3288 reapse
981 3243 1165 3277 Dominus
1193 3252 1330 3287 passus
1353 3244 1420 3278 est.
1446 3245 1549 3279 Nam
1575 3245 1667 3290 post
1689 3243 1880 3290 sepultum
1903 3244 2167 3290 salvatorem,
2193 3245 2414 3282 immolatus
2433 3244 2518 3291 fuit

272 3299 519 3335 irrationalis
542 3309 663 3346 aynus
682 3301 791 3336 circa
809 3310 1020 3347 vesperum.
1047 3299 1288 3337 Illucescente
1307 3303 1436 3337 autem
1460 3301 1640 3346 sabbato,
1659 3312 1725 3338 sea
1744 3305 1929 3350 viqesima
1951 3306 2094 3350 quarta
2113 3306 2248 3341 martii
2272 3307 2410 3342 mensis
2433 3306 2517 3350 die,

275 3368 502 3406 azymorum
526 3358 595 3395 abs
619 3359 772 3396 Iudaeis
795 3358 1033 3396 sollemnitas
1050 3362 1218 3407 peracta
1239 3358 1343 3406 suit,
1369 3359 1488 3396 veluti
1512 3360 1575 3397 lex
1598 3363 1638 3397 in
1663 3361 1810 3398 levitico
1832 3357 2114 3410 praecipiebat.'
2141 3365 2335 3411 Viqesima
2358 3364 2518 3412 denique

273 3419 409 3463 quinta
435 3417 603 3454 eiusdem
627 3420 766 3454 mensis
789 3418 875 3463 die,
901 3417 1107 3465 splendida
1131 3418 1280 3455 Christi
1302 3421 1533 3456 resurrectio
1559 3422 1628 3456 toti
1651 3420 1737 3456 orbi
1759 3420 1902 3458 illuxit.
1927 3423 2054 3459 Natus
2080 3425 2139 3459 est
2159 3424 2289 3469 itaque
2313 3425 2516 3469 Dominus,

271 3478 317 3512 ut
338 3486 466 3512 omnes
489 3476 697 3513 orthodoxi
719 3486 931 3522 censemus,
957 3487 1057 3512 anno
1082 3469 1216 3514 mnndi
1239 3470 1352 3522 5506,
1378 3477 1586 3515 indictione
1603 3480 1762 3525 prima:
1787 3482 1957 3516 caesaris
1981 3482 2110 3517 autem
2135 3483 2299 3528 Augusti
2320 3485 2520 3529 reynantis

273 3544 374 3571 anno
403 3538 473 3580 42,
505 3537 645 3572 mensis
674 3535 885 3572 decembris
915 3535 977 3571 die
1005 3539 1074 3579 25,
1106 3535 1372 3573 hebdomadae
1405 3538 1533 3574 tertia.
1559 3539 1663 3573 Erat
1689 3539 1789 3574 enim
1822 3540 1911 3575 tunc
1940 3539 2068 3587 cyclus
2097 3539 2238 3576 solaris
2269 3544 2337 3587 18,
2369 3541 2519 3578 lunaris

272 3603 364 3629 vero
390 3598 448 3631 15.
474 3594 621 3631 Deinde
650 3602 753 3631 anno
779 3598 836 3631 15.
869 3594 1011 3631 Tiberii
1041 3597 1233 3640 caesaris,
1259 3605 1374 3641 quum
1398 3599 1500 3633 lesus
1531 3597 1611 3632 iam
1642 3599 1739 3633 esset
1766 3607 1955 3634 annorum
1987 3599 2176 3646 triqinta,
2204 3599 2427 3647 baptizatur
2451 3600 2519 3637 abs

272 3651 442 3688 Iohanne
465 3653 673 3690 indictione
690 3655 851 3706 prima,
878 3653 942 3690 die
966 3653 1230 3690 hebdomadae
1252 3654 1441 3699 secunda,
1466 3656 1580 3691 sexta
1604 3657 1742 3692 mensis
1767 3658 1953 3693 ianuarii.
1980 3659 2117 3694 Postea
2141 3668 2242 3695 anno
2268 3663 2324 3695 18.
2352 3659 2519 3695 eiusdem

278 3709 443 3756 Tiberii,
467 3712 523 3749 ad
546 3711 807 3749 voluntariam
827 3714 1046 3760 passionem
1071 3714 1174 3749 venit
1198 3723 1298 3749 anno
1322 3707 1456 3750 mundi
1479 3717 1593 3760 5539,
1618 3716 1756 3752 mensis
1781 3717 1920 3752 martii
1943 3715 2006 3753 die
2030 3719 2096 3763 23,
2121 3717 2329 3754 indictione
2352 3721 2518 3765 quarta,

275 3767 539 3806 hebdomadae
557 3770 621 3807 die
640 3773 764 3807 sexta.
791 3773 1016 3808 Resurrexit
1037 3773 1164 3808 autem
1189 3771 1252 3808 die
1275 3775 1335 3808 25.
1356 3772 1523 3810 eiusdem
1547 3775 1704 3820 mensis,
1724 3773 1788 3811 die
1806 3773 2070 3813 hebdomadae
2088 3777 2243 3823 prima,
2266 3776 2398 3814 lunari
2415 3777 2519 3824 cyclo

275 3827 442 3874 decimo,
470 3829 591 3866 solari
617 3832 796 3877 viqesimo
823 3832 949 3868 tertio.
