2970 4420
262 668 283 697 ἰ.
302 671 348 697 ⁶1.
368 667 400 698 b·

267 1404 287 1434 1.
305 1408 351 1435 οἳ.
370 1410 397 1433 a.

267 2212 287 2240 f.
307 2215 352 2241 62.
372 2210 403 2240 b.

447 256 541 302 432

435 350 533 393 μαῖοι
550 344 756 385 κεκλήκασιν
772 344 982 394 αὕγουστον,
1000 346 1050 390 τίς
1070 347 1214 393 ἐξειπεῖν
1236 348 1351 396 ἰσχύει
1374 351 1432 384 τοῦ
1451 348 1534 385 θεοῦ

436 408 480 442 τοὶ
507 407 582 442 τότε
609 405 810 455 θαυμάσια;
831 407 881 451 τίς
908 409 945 445 δέ
971 413 1031 452 τῆς
1056 408 1224 458 παρθένου
1251 410 1309 448 τήν
1331 409 1466 458 δύναμιν
1488 412 1535 445 δι-

436 467 664 518 ηγήσασθαι;
686 470 811 509 ταύτην
837 471 964 516 κλητήν
988 471 1089 519 ἁγίαν
1114 472 1131 508 ὃ
1157 473 1265 507 καλῶν
1289 471 1416 520 ἡμέραν
1441 471 1537 508 ε’παι·

436 530 639 575 νεθήσεται,
663 532 814 581 ἔχουσαν
839 537 990 570 πλεῖστα
1019 535 1077 570 καὶ
1107 533 1247 581 μεγαλα
1270 536 1330 575 τῆς
1346 537 1422 570 -τοῦ
1451 533 1532 571 θεοῦ

436 594 512 641 περὶ
534 594 627 642 ἡμᾶς
648 593 902 645 φιλανθρωπίας
921 595 1104 644 μυστήρια·
1123 595 1146 634 ή
1167 596 1234 644 γαρ
1261 595 1347 636 αὐτή
1366 596 1425 633 καὶ
1446 596 1534 645 πέμ-

437 668 506 694 πτη
533 656 591 691 καὶ
617 655 766 705 ἑβδόμη,-
791 656 839 692 ἔτι
866 672 906 704 γε
932 657 998 705 μήν
1024 656 1082 692 καὶ
1110 656 1232 708 δεκάτη
1261 661 1336 693 κατ’
1362 657 1448 694 ἄλλο
1474 659 1532 694 καὶ

437 717 524 754 ἄλλο
552 717 695 767 ἔναργῶς
717 719 971 761 ἀποδέδεικται,
993 718 1104 754 πάντα
1123 718 1205 766 ἡμῖν
1227 721 1287 761 τῆς
1308 718 1345 756 ἔκ
1366 718 1448 756 θεοῦ
1473 734 1536 756 σω-

437 779 556 829 τηρίας
576 781 621 816 τοὶ
640 781 767 830 τέρατα
787 780 937 824 δείξασα·
959 779 1098 827 πέμπτη
1122 781 1184 829 μὲν
1205 782 1271 830 γοὶρ
1290 780 1332 823 ῆν
1352 787 1427 818 κατ’
1449 781 1536 831 ἐνέρ-

437 856 549 889 γειαν,
565 842 682 885 παίσας
701 843 793 890 ἡμῶν
815 842 877 883 τοὶς
897 841 1083 884 αἰσθήσεις
1104 842 1308 892 εὖφροσύνης
1330 842 1429 886 θείας
1448 848 1537 884 πλη-

435 904 594 952 ρώσασα,
615 905 693 954 περὶ
716 903 757 946 οἳς
783 905 804 941 ό
828 906 945 947 νοητὸς
970 905 1129 953 μα’λιστα
1148 905 1277 954 γίνεται
1298 906 1456 955 πόλεμος·
1478 907 1537 951 ἑβ-

437 966 524 1015 δόμη
549 967 583 1002 δέ
605 966 705 1003 πᾶλιν
727 964 785 1002 οἷα
804 965 972 1015 παρθένος
987 982 1037 1009 τις
1059 969 1115 1003 καὶ
1137 967 1291 1016 οἶμήτωρ,
1308 969 1366 1005 καί
1386 971 1446 1011 τῆς
1465 969 1537 1006 ἄει-

437 1026 606 1075 παρθένου
626 1028 684 1064 καὶ
707 1026 868 1063 θεοτόκου
891 1027 1079 1073 ἀξιωθεῖσα
1099 1028 1252 1078 χαριτος·
1274 1030 1396 1070 δεκοίτη
1419 1031 1453 1067 δὲ
1475 1029 1537 1067 αὖ·

438 1087 512 1133 θις,
533 1090 575 1132 ὦς
598 1091 635 1125 το“
658 1089 783 1125 τέλειον
809 1089 962 1140 ἔχουσα,
984 1092 1041 1126 καὶ
1064 1091 1193 1127 τελείαν
1212 1091 1294 1141 ’ἡμῖν
1316 1090 1354 1128 ἔκ
1375 1091 1457 1129 θεοῦ
1477 1094 1533 1130 καί

437 1153 498 1193 τῆς
522 1150 690 1199 παρθένου
716 1152 775 1191 τήν
801 1151 994 1201 ἐλευθερίαν
1020 1151 1208 1201 κομίσασα.

444 1233 453 1244 ·
511 1213 562 1252 ιη’.
587 1212 712 1261 Καιρός
733 1214 799 1261 γαρ
820 1215 939 1249 λοιπὸν
960 1217 1004 1250 τοὶ
1019 1212 1051 1249 ἐν
1072 1214 1160 1264 αὐτῇ
1180 1218 1223 1264 τῇ
1240 1215 1354 1264 ήμέρα
1374 1220 1434 1253 τοῦ
1454 1216 1538 1255 θεοῦ

437 1275 494 1310 καὶ
516 1277 575 1315 τῆς
595 1273 785 1322 παρθένου,
804 1274 884 1310 καθ’
906 1274 985 1311 ὅσον
1011 1274 1079 1311 οἷόν
1101 1276 1140 1312 τέ
1157 1275 1266 1321 ε’στιν,
1288 1276 1469 1326 θαυμάσια
1490 1283 1538 1315 δι-

434 1333 650 1383 ηγήσασθαι·
676 1338 803 1384 παρῆν,
823 1334 981 1386 καθάπερ
1007 1337 1253 1386 προδεδήλωται
1280 1338 1492 1387 ἔμπροσθεν,
1512 1339 1535 1381 ἦ

435 1397 573 1444 πέμπτη
599 1399 661 1438 τῆς
687 1393 876 1445 ἑβδομαδος
902 1399 1024 1448 ἡμέρα·
1046 1399 1177 1448 ἑβδόμη
1205 1401 1238 1436 δὲ
1265 1398 1304 1441 ἦν
1329 1403 1390 1437 τοῦ
1413 1401 1538 1450 αὐγού-

437 1473 536 1503 στου,
559 1459 681 1498 δεκοίτη
709 1460 743 1495 δὲ
771 1463 831 1502 τῆς
853 1459 932 1496 καθ’
954 1461 1045 1509 ήμῶν
1072 1464 1133 1498 τοῦ
1156 1461 1313 1512 ὀλεθρίου
1340 1464 1435 1506 κυνός
1460 1463 1537 1500 ε’πε-

435 1521 589 1563 λεύσεως·
617 1522 636 1557 ὅ
660 1523 694 1557 δέ
723 1523 779 1558 τόν
804 1523 895 1558 κατοέ
920 1525 978 1563 τήν
998 1527 1061 1571 γῆν
1085 1524 1162 1571 οἶμα
1187 1525 1245 1560 καὶ
1273 1524 1457 1562 θάλασσαν
1480 1528 1534 1576 ὕφ’

434 1583 493 1619 ἕνα
518 1583 576 1620 καὶ
605 1584 662 1620 τόν
689 1583 792 1620 αὐτὸν
817 1585 928 1632 καιρόν
955 1587 1045 1621 κατα
1069 1589 1128 1628 τῆς
1153 1586 1280 1630 πόλεως
1306 1587 1455 1627 κεκίνηκε
1477 1589 1538 1625 πό-

435 1648 549 1692 λεμον·
576 1644 635 1680 καὶ
660 1645 751 1680 κατὰ
776 1648 843 1681 ποῖν
871 1647 933 1694 μὲν
958 1647 996 1683 τὸ
1024 1650 1141 1696 τεῖχος
1168 1649 1224 1684 καὶ
1253 1653 1366 1685 πᾶσαν
1388 1652 1446 1690 τήν
1473 1649 1539 1687 θοί-

434 1710 571 1742 λασσαν
597 1705 807 1755 ἀλαλαγμός
830 1709 938 1750 πολύς
959 1709 1019 1744 καί
1042 1709 1182 1751 κέλαδος
1209 1709 1361 1756 ἐνυάλιος
1384 1710 1539 1755 ἔξηκούε-

437 1776 485 1804 το·
506 1767 546 1805 αἵ
566 1784 601 1804 τε
626 1769 694 1818 γαρ
722 1770 917 1817 σάλπιγγες
945 1771 982 1806 τὸ
1008 1772 1190 1820 πολεμικόν
1215 1771 1433 1822 πανταχόθεν
1458 1772 1540 1814 ε’σή-

436 1845 572 1879 μαινον,
592 1832 654 1867 ,καὶ
682 1830 766 1873 βοῆς
791 1832 850 1867 καὶ
877 1835 1027 1880 κραυγῆς
1051 1833 1075 1873 ἦ
1099 1836 1198 1869 πᾶσα
1223 1834 1321 1875 πόλις
1346 1833 1454 1870 κύκλω
1480 1849 1540 1871 πε-

436 1893 600 1942 πλήρωτο·
629 1892 708 1928 καθ’
738 1893 819 1929 ὅλου
847 1894 880 1929 δὲ
908 1895 966 1930 τοῦ
992 1894 1130 1943 τείχους
1156 1896 1220 1937 τοὶς
1246 1895 1448 1946 ἀφετηρίους
1473 1912 1540 1945 μη-

434 1951 547 2004 χανας
573 1956 629 2004 ὑφ’
646 1953 680 1991 ἓν
701 1954 912 2004 ἐργάζεσθαι
934 1958 1168 2006 παρεσκεύασε
1189 1951 1325 2007 κίνημα·
1351 1960 1410 1994 καὶ
1436 1959 1539 2003 βελῶν

437 2016 575 2064 ἀφέσεις
601 2016 859 2065 ἐκπέμπεσθαι,
886 2019 942 2053 καὶ
970 2021 1035 2054 ποῖν
1063 2017 1080 2055 ὅ
1106 2033 1138 2055 τι
1165 2020 1248 2067 πρός
1279 2020 1333 2056 τόν
1359 2010 1461 2056 κιττοὶΔ
1479 2021 1541 2058 πό-

437 2081 519 2118 λεως
545 2077 754 2117 ἐπινενόηται
780 2078 940 2127 πόλεμον·
966 2079 1000 2115 ἐν
1027 2081 1061 2115 δὲ
1089 2082 1134 2127 τῷ
1157 2082 1268 2128 κόλπῳ
1295 2085 1356 2118 τοῦ
1379 2082 1540 2132 κέρατος,

438 2139 599 2183 Σκλαβων
626 2141 683 2175 καὶ
709 2144 833 2177 λοιπῶν
859 2141 978 2189 οἷγρίων
1005 2140 1106 2178 ε’θνῶν
1132 2142 1217 2192 ἅπερ
1249 2143 1427 2192 κατήγαγε
1452 2149 1540 2183 πλη-

440 2201 548 2251 ρώσας
573 2202 763 2250 μονόξυλα,
787 2204 844 2238 καὶ
871 2205 949 2245 τούς
975 2204 1009 2239 ἐν
1035 2204 1153 2247 αὐτοῖς
1178 2193 1320 2247 ὁπλίτας
1347 2205 1539 2256 βαρβάρους

440 2263 492 2305 εἷς’
516 2262 650 2305 πλῆθος
676 2264 875 2312 φερομένους
901 2264 1108 2313 ἀμέτρητον,
1129 2268 1189 2307 τῆς
1211 2267 1301 2302 κατοὶ
1325 2268 1386 2309 τῆς
1411 2267 1539 2309 πόλεως

442 2324 575 2374 ἐρεσιάς
594 2327 654 2362 σύν
671 2325 864 2375 ἀλαλαγμῷ
879 2328 1018 2375 μεγαλῳ
1035 2327 1181 2370 ποιήσας
1195 2327 1432 2376 ἀπάρξασθαι,
1449 2329 1540 2365 ἔπει-

439 2389 520 2436 ροῖτο
542 2388 600 2423 καὶ
618 2386 841 2435 ἕφαντοίζετο,
859 2389 914 2423 διοὶ
933 2389 994 2437 μὲν
1018 2391 1077 2424 τῶν
1098 2390 1329 2433 πολεμούντων
1348 2390 1397 2432 εἷς
1412 2393 1474 2438 γῆν
1495 2393 1541 2427 τοὶ

438 2448 539 2497 τείχη
557 2448 785 2492 καταβάλλειν
804 2452 863 2492 τῆς
880 2451 1017 2492 πόλεως·
1035 2452 1089 2487 διοὶ
1106 2453 1140 2486 δέ
1157 2454 1216 2487 τῶν
1234 2452 1489 2501 ναυμαχούντων
1506 2454 1538 2490 ἔν

438 2512 482 2556 τῷ
502 2510 614 2556 κόλπῳ
635 2513 695 2546 τοῦ
710 2509 849 2558 κε’ρατος
866 2511 991 2560 εὐχερῆ
1010 2513 1068 2552 τήν
1088 2518 1162 2548 κατ’
1183 2512 1288 2555 αὐτῆς
1311 2513 1402 2561 ἔχειν
1419 2514 1540 2558 ε’πίβα-

439 2580 502 2607 σιν·
516 2572 734 2622 πανταχόθεν
757 2574 791 2608 δέ
813 2573 918 2609 αὐτοῦ
938 2572 1016 2615 θεὸς
1034 2575 1092 2609 καί
1113 2575 1134 2614 ή
1151 2572 1322 2622 Υπαρθένος
1337 2575 1359 2615 ἦ
1381 2575 1540 2613 δέσποινα

439 2633 631 2683 ἀπράκτους
649 2635 709 2670 καί
729 2636 825 2677 κενοὶς
848 2625 909 2676 τοὶς
927 2634 1066 2677 ἐλπίδας
1087 2634 1276 2681 απέδειξαν·
1293 2640 1452 2673 τοσοῦτον
1472 2639 1540 2687 γοὶρ

439 2695 572 2738 πλῆθος
593 2698 708 2746 νεκρῶν
729 2695 807 2732 καθ’
830 2697 974 2733 ἕκαστον
999 2698 1100 2733 τόπον
1122 2701 1182 2734 τοῦ
1207 2698 1343 2748 τείχους
1370 2700 1428 2735 καὶ
1448 2699 1538 2736 οὕτω

391 2764 397 2768 ’
441 2759 622 2800 διαπαντὸς
641 2759 761 2795 ἔπιπτε
783 2759 821 2795 τό
843 2760 1020 2807 πολέμιον,
1041 2760 1083 2802 ὦς
1103 2760 1225 2808 μηκέτι
1248 2762 1325 2802 τούς
1346 2760 1541 2811 βαρβάρους

272 2891 294 2921 f.
314 2895 357 2922 63.
376 2897 405 2921 a.

264 3631 288 3661 f.
308 3635 352 3661 63.
374 3631 404 3661 b.

443 2819 574 2868 ἰσχύειν
598 2821 715 2857 λοιπὸν
743 2820 851 2875 σύρειν
878 2822 935 2856 καὶ
963 2822 1156 2857 κατακαίειν
1183 2822 1260 2863 τούς
1286 2822 1482 2865 πίπτοντας.

518 2881 571 2920 ιθ’.
596 2883 696 2918 Komoi
716 2883 750 2918 δὲ
772 2884 827 2919 τὸν
849 2883 881 2919 ἕν
902 2881 1066 2931 θαλάσσῃ
1084 2885 1258 2932 γενόμενον
1279 2885 1444 2932 πόλεμον,
1460 2885 1542 2921 αὖτ-

442 2947 546 2993 οινδρα
575 2945 620 2979 τοὶ
648 2945 820 2992 μονόξυλα
849 2946 911 2992 πρό
942 2948 1002 2981 τοῦ
1032 2946 1065 2982 ἐν
1091 2946 1304 2995 Βλαχὲρναις
1337 2946 1430 2983 θείου
1461 2951 1541 2984 ναοῦ

442 3006 547 3047 αὐτῆς
567 3005 588 3045 ἦ
614 3004 772 3047 θεοτόκος
798 3005 969 3049 ἐβύθισεν·
991 3008 1032 3049 οἷς
1058 3007 1169 3044 πάντα
1189 3009 1244 3043 τὸν
1266 3009 1390 3044 κόλπον
1418 3008 1540 3044 ἐκεῖνον

441 3066 477 3103 ἔκ
499 3069 559 3103 τῶν
580 3070 692 3115 νεκρῶν
715 3067 873 3116 σωμάτων
895 3069 952 3103 καὶ
975 3070 1035 3103 τῶν
1060 3071 1163 3119 κενῶν,
1180 3069 1367 3117 μονοξύλων
1387 3071 1445 3105 τῶν
1467 3068 1543 3109 sina?

439 3128 640 3177 φερομένων,
665 3130 722 3164 καὶ
749 3131 808 3164 τῶν
833 3129 946 3177 μα’την
971 3130 1229 3178 περιπλεόντων,
1257 3129 1286 3165 εἷ
1310 3131 1358 3178 μή
1386 3131 1541 3179 φορτικόν

440 3190 564 3234 εἷπεῖν,
584 3189 742 3238 οἷβρόχως
763 3190 981 3238 πεζεύεσθαι·
1005 3192 1164 3227 δέδεικται
1189 3194 1222 3227 δὲ
1244 3191 1477 3241 φανερώτατα,
1499 3193 1541 3234 ὥς

439 3252 459 3290 ἦ
481 3250 646 3300 παρθένος
673 3254 757 3300 μόνη
786 3253 842 3288 τόν
863 3252 975 3301 ἀγῶνα
997 3256 1111 3289 τοῦτον
1132 3253 1315 3301 ἠγώνισται
1337 3255 1395 3289 καὶ
1417 3254 1475 3293 την
1498 3253 1544 3290 νί-

441 3326 498 3350 κην
525 3313 703 3357 νενίκηκεν,
726 3313 764 3358 ἐξ
785 3313 825 3350 ὦν
846 3314 879 3350 οἶ
906 3314 997 3350 κατα
1017 3313 1200 3351 θάλασσαν
1223 3315 1255 3350 ἐν
1276 3317 1348 3356 τοῖς
1367 3315 1542 3364 ήμετέροις

440 3372 673 3422 ἀγωνιζόμενοι
697 3376 883 3423 σκάφεσιν,
904 3376 942 3413 ἐκ
969 3377 1075 3425 μόνης
1099 3379 1159 3418 τῆς
1181 3377 1286 3426 ὁρμῆς
1307 3379 1367 3412 τοῦ
1387 3376 1541 3420 πλήθους

442 3435 499 3468 τῶν
522 3435 713 3471 ὑπεναντίων
736 3437 940 3484 ἐτράπησαν·
959 3439 1018 3474 καί
1037 3440 1156 3486 μικροῦ
1177 3440 1243 3473 δεῖν
1260 3438 1411 3487 πρύμναν
1430 3437 1544 3486 ε’κρού-

443 3508 564 3539 σαντο,
585 3498 640 3531 καὶ
664 3499 823 3534 δεδοίκασι
846 3505 924 3548 παρ’
947 3499 1060 3548 ὀλίγον
1081 3503 1153 3542 τοῖς
1175 3499 1317 3549 ἐχθροῖς
1340 3500 1464 3550 εὐχερῆ
1483 3501 1542 3540 τη“ν
1574 3534 1578 3537 .

445 3555 615 3599 ἐπίβασιν·
638 3558 667 3594 εἰ
689 3561 742 3606 μή
758 3560 963 3608 προφθάσαν
985 3562 1022 3597 τό
1044 3564 1102 3603 τῆς
1121 3560 1289 3609 παρθένου
1311 3560 1542 3610 φιλάνθρωπον

445 3617 541 3653 οὖδέν
562 3623 708 3656 τοιοῦτον
731 3621 809 3656 ι’δεῖν
832 3623 1065 3672 ἐκαρτέρησεν·
1087 3625 1144 3662 τήν
1166 3625 1233 3673 γαρ
1262 3623 1346 3660 ἰδίαν
1374 3613 1543 3672 ἐξεγείρα-

447 3683 492 3714 σα
519 3678 622 3728 ἷσχύν
648 3682 683 3715 τὲ
708 3682 764 3716 καί
788 3684 938 3731 δύναμιν,
961 3685 997 3720 οὐ
1019 3684 1174 3734 καθάπερ
1198 3688 1324 3727 Μωσῆς
1348 3685 1459 3735 ῥάβδῳ
1485 3687 1543 3726 τήν

445 3739 587 3789 ἐρυθροὶν
614 3741 790 3786 διέστησε,
816 3746 873 3779 καί
902 3745 1002 3787 αὖθις
1028 3747 1195 3783 ἐπέκλυσε
1222 3746 1424 3791 θάλασσαν,
1450 3747 1545 3784 οἶλλοὶ

444 3802 579 3851 νεύματι
603 3805 659 3838 καὶ
685 3805 771 3852 μόνῳ
794 3805 1003 3854 βουλήματι,
1025 3808 1166 3856 ἅρματα
1186 3811 1302 3858 Φαραώ
1328 3810 1386 3845 καὶ
1409 3810 1467 3849 τήν
1489 3810 1544 3845 δύ-

444 3879 538 3912 ναμιν
561 3865 665 3902 αὐτοῦ
686 3865 818 3916 ἔρριψεν
840 3867 887 3909 εἶς
910 3865 1093 3905 θάλασσαν
1113 3871 1172 3907 καὶ
1189 3871 1295 3917 πόντῳ
1316 3870 1444 3912 πάντας
1467 3869 1544 3907 ε’κοί-

1142 275 1197 306 DE
1231 274 1458 306 onsmlonss
1490 273 2003 313 consrau'rmol’ou’utm

1603 349 1800 398 septimus;
1828 351 1912 398 quis
1936 359 2079 400 patrata
2106 365 2128 393 a
2158 356 2238 394 Deo
2271 353 2456 396 mirabilia
2489 355 2613 396 dicere
2646 366 2708 398 να·

1604 409 1700 448 leat?
1722 412 1807 458 quis
1831 412 1995 459 Virginis
2015 415 2218 462 potentiam
2243 418 2440 456 enarrare?
2466 421 2579 456 Hunc
2604 417 2705 456 diem

1605 469 1670 518 qui
1697 475 1868 507 sanctum
1899 470 2052 517 dixerit,
2070 480 2175 512 recte
2204 475 2336 522 faciet,
2365 483 2494 526 utpote
2521 479 2586 526 qui
2619 479 2705 526 plu-

1608 527 1702 565 rima
1728 539 1772 566 ac
1800 539 1933 577 magna
1958 529 2101 569 divinae
2127 543 2213 582 erga
2237 546 2307 573 nos
2329 537 2547 575 clementiae
2571 544 2710 587 myste-

1608 586 1663 623 ria
1690 587 1872 624 continet:
1899 589 2052 636 quintus
2074 591 2174 628 enim
2200 598 2237 630 ct
2260 594 2373 632 simul
2394 597 2575 644 septimus
2595 602 2708 645 atque

1609 643 1795 691 decimus,
1813 646 2018 685 secundum
2037 649 2180 687 variam
2199 652 2377 690 rationem
2397 655 2589 703 perspicue
2605 666 2707 692 com·

1609 705 1772 752 peritur,
1798 706 1924 744 omnia
1948 707 2054 746 nobis
2077 709 2294 748 conciliatae
2317 721 2339 757 a
2363 713 2442 750 Deo
2473 714 2610 751 salutis
2639 715 2710 751 mi·

1609 766 1735 803 racula
1762 766 1915 805 habens.
1941 767 2103 815 Quintus
2127 769 2261 818 quippe
2286 777 2365 808 erat
2388 773 2594 812 secundum
2624 774 2708 812 effi·

1609 826 1747 863 caciam
1759 855 1771 873 ‚
1784 837 1912 865 omnes
1926 834 2073 866 nostros
2087 828 2212 867 divino
2225 829 2362 877 gaudio
2377 842 2505 871 sensus
2521 834 2684 882 implens
2694 861 2704 879 ,

1609 885 1746 933 quibus
1769 886 2019 925 intellectuale
2049 889 2207 926 maxime
2234 888 2377 927 bellum
2406 892 2556 938 geritur.
2583 894 2707 941 Septi·

1610 955 1695 981 mus
1724 945 1831 992 item,
1861 946 1966 993 quasi
1995 948 2097 995 virgo
2125 948 2309 996 quaedam
2338 955 2376 987 et
2402 950 2539 999 absque
2566 958 2708 998 matre,

1609 1003 1675 1042 sed
1699 1011 1898 1053 perpetuae
1921 1006 2074 1053 virginis
2098 1013 2136 1045 et
2158 1007 2330 1057 deiparae
2353 1010 2511 1058 gratiam
2530 1021 2707 1051 consecu-

1609 1070 1685 1102 tus.
1719 1065 1894 1102 Decimus
1926 1066 2080 1114 pariter,
2106 1073 2149 1105 ut
2175 1069 2322 1106 numeri
2353 1069 2612 1117 perfectionem
2641 1071 2709 1109 ha-

1610 1125 1724 1172 bens,
1751 1132 1788 1164 et
1815 1126 2012 1173 perfectam
2042 1127 2151 1165 nobis
2178 1139 2222 1166 ex
2248 1130 2326 1166 Deo
2354 1140 2398 1167 ac
2424 1130 2577 1178 Virgine
2602 1131 2711 1170 liber·

1610 1188 1722 1221 tatem
1748 1183 1951 1237 adducens.

1684 1248 1742 1281 18.
1767 1244 1839 1282 Sed
1873 1245 1948 1282 iam
1980 1250 2129 1294 tempus
2163 1252 2219 1285 est
2250 1252 2295 1284 ut
2325 1247 2407 1295 ipso
2441 1247 2512 1286 hoc
2549 1248 2609 1287 die
2646 1260 2712 1297 pa-

1611 1309 1706 1341 trata
1730 1304 1796 1341 abs
1819 1306 1898 1342 Deo
1922 1310 1960 1342 et
1982 1305 2154 1354 Virgine,
2172 1312 2355 1354 quantum
2379 1307 2460 1346 fieri
2485 1313 2605 1356 potest
2627 1319 2712 1347 nar-

1611 1373 1736 1400 remus
1770 1363 1964 1401 miracula.
2003 1366 2111 1408 Erat,
2147 1365 2243 1402 sicut
2273 1376 2384 1414 supra
2413 1366 2490 1404 iam
2525 1366 2710 1413 diximus,

1611 1422 1764 1470 quintus
1789 1422 2043 1461 hebdomadae
2062 1422 2164 1470 dies,
2183 1425 2333 1472 augusti
2357 1426 2624 1478 septimus‚lab
2648 1425 2713 1464 ad-

1611 1487 1722 1518 ventu
1751 1486 1876 1520 autem
1904 1482 2047 1520 exitiosi
2072 1481 2246 1521 adversus
2269 1494 2338 1522 nos
2369 1485 2493 1531 canis,
2529 1484 2710 1524 decimus.

1612 1541 1685 1578 Hic
1710 1545 1805 1578 terra
1835 1541 2014 1589 marique·
2036 1542 2115 1589 pari
2147 1542 2260 1580 simul
2292 1549 2455 1591 tempore
2488 1550 2616 1582 contra
2646 1556 2711 1582 ur-

1610 1598 1696 1637 bem
1723 1599 1903 1648 proelium
1928 1601 2147 1646 commovit,
2174 1607 2211 1640 et
2235 1612 2299 1649 per
2322 1602 2536 1645 universum
2562 1614 2712 1642 murum

1613 1670 1657 1696 ac
1694 1659 1787 1696 mari
1821 1665 1899 1696 toto
1935 1659 2146 1698 vociferatio
2180 1661 2300 1700 multa
2336 1662 2584 1711 strepitusque
2612 1674 2711 1701 mar-

1612 1717 1715 1755 tialis
1743 1717 2030 1765 exaudiebatur,
2057 1725 2094 1757 et
2120 1720 2232 1757 tubae
2259 1721 2456 1758 classicum
2487 1721 2624 1770 ubique
2654 1733 2713 1760 ca-

1612 1775 1778 1824 nebant,
1810 1782 1846 1814 et
1878 1777 1991 1815 boatu
2023 1784 2134 1826 atque
2165 1779 2324 1817 clamore
2357 1780 2448 1817 urbs
2475 1787 2609 1820 cuncta
2639 1783 2712 1819 cir·

1614 1835 1870 1873 cumsonabat.
1894 1839 1959 1874 ,At
1988 1837 2105 1875 hostis
2133 1831 2260 1875 contra
2294 1830 2411 1876 totum
2442 1850 2591 1877 murum
2622 1840 2712 1878 mis-

1614 1895 1700 1933 siles
1730 1896 1922 1943 machinas
1952 1907 2030 1934 uno
2061 1897 2174 1934 simul
2205 1903 2310 1935 motu
2342 1899 2403 1947 agi
2436 1899 2570 1945 iussit,
2594 1904 2631 1937 et
2662 1906 2714 1938 te-

1612 1954 1735 1992 lorum
1761 1955 2003 1993 iaculationes
2034 1956 2140 2002 fieri,
2166 1963 2203 1994 et
2225 1957 2408 2005 quidquid
2433 1958 2537 1996 aliud
2567 1958 2614 1996 ad
2645 1969 2712 1996 ur-

1612 2013 1672 2051 bis
1705 2014 2014 2062 expugnationem
2052 2016 2297 2064 excogitatum
2335 2016 2468 2056 fuerat.
2510 2019 2555 2056 ln
2587 2019 2712 2057 Cornu

1613 2077 1737 2110 autem
1762 2073 1848 2110 sinu
1878 2073 2016 2111 Sclavis
2041 2075 2197 2123 aliisque
2230 2075 2415 2114 ferocibus
2436 2088 2529 2125 quas
2553 2077 2713 2116 adduxe-

1613 2137 1672 2168 rat
1695 2132 1868 2180 gentibus
1894 2133 2088 2182 monoxyla
2113 2135 2329 2182 complevit,
2349 2141 2389 2173 et*
2410 2142 2573 2175 armatos
2593 2138 2635 2175 in
2659 2140 2713 2176 eis

1612 2189 1812 2237 barbaros,
1832 2191 2111 2230 multitudinem
2136 2193 2277 2231 scilicet
2305 2194 2636 2243 innumerabilem,
2657 2207 2714 2235 re-

1613 2249 1780 2298 migandi
1815 2250 1990 2304 adversus
2027 2251 2159 2289 urbem
2193 2252 2338 2300 magnis
2379 2264 2465 2290 cum
2504 2254 2712 2296 ululatibus

1613 2309 1765 2347 initium
1789 2310 1908 2348 facere
1933 2311 2057 2348 iussit:
2079 2317 2189 2359 atque
2213 2311 2264 2349 ita
2291 2311 2479 2349 nitebatur
2500 2319 2609 2361 atque
2633 2324 2713 2362 spe·

1613 2361 1738 2414 rabat,
1759 2370 1991 2408 terrestribus
2016 2369 2166 2418 quidem
2193 2371 2461 2419 pugnatoribus
2484 2372 2627 2410 moenia
2651 2383 2713 2410 ur·

1613 2426 1671 2465 bis
1703 2433 1885 2474 sternere3
1913 2430 2028 2467 classe
2063 2435 2187 2466 autem
2221 2430 2262 2466 in
2295 2431 2420 2468 Cornu
2451 2431 2536 2468 sinu
2565 2431 2711 2469 facilem

1613 2488 1778 2525 nancisci
1816 2487 2048 2525 descensum.
2090 2490 2358 2526 Verumtamen
2392 2490 2430 2526 in
2468 2496 2571 2538 parte
2608 2492 2712 2528 omni

1613 2547 1730 2594 ipsius
1764 2557 1867 2595 spem
1892 2553 2120 2595 conatusque
2144 2549 2245 2585 Deus
2276 2558 2318 2594 ac
2342 2547 2492 2586 domina
2521 2549 2634 2597 Virgo
2663 2544 2713 2586 ir·

1613 2607 1706 2644 ritos
1736 2617 1921 2654 vanosque
1958 2606 2174 2644 effecerunt.
2213 2608 2332 2645 Tanta
2360 2608 2459 2644 enim
2495 2607 2709 2646 interfecto-

1613 2676 1698 2703 rum
1731 2665 1931 2703 multitudo
1962 2665 2036 2702 fuit
2065 2666 2107 2702 in
2131 2665 2298 2713 quolibet
2329 2677 2521 2704 murorum
2546 2667 2650 2711 loco,
2676 2674 2715 2706 et
2757 2697 2765 2704 .

1614 2727 1668 2764 sic
1693 2726 1831 2774 ubique
1856 2726 2039 2765 cadebant
2063 2725 2211 2772 hostes,
2237 2732 2280 2764 ut
2309 2727 2385 2764 iam
2420 2727 2592 2776 deinceps
2625 2728 2712 2766 bar-

1613 2785 1694 2822 bari
1731 2784 1905 2823 cadavera
1939 2785 2124 2823 retrahere
2163 2790 2273 2834 atque
2313 2796 2462 2824 exurere
2500 2797 2577 2824 non
2612 2786 2711 2825 vale-

1614 2850 1709 2882 rent.
2095 2855 2098 2858 ⁴

1690 2909 1744 2941 19.
1771 2906 1822 2941 At
1844 2902 1993 2941 veroin
2027 2914 2152 2952 pugna
2184 2904 2390 2949 maritima,
2423 2904 2501 2952 ipsa
2537 2915 2622 2942 cum
2656 2915 2713 2943 ve·

1614 2963 1778 3002 ctoribus
1807 2964 2023 3012 monoxyIa,
2053 2968 2138 3001 ante
2165 2974 2274 3001 suum
2300 2974 2445 3015 sacrum
2476 2965 2517 3001 in
2543 2963 2714 3002 Blacher-

1614 3024 1674 3060 nis
1698 3024 1877 3071 templum
1904 3025 2062 3071 Deipara
2087 3023 2236 3067 mersit;
2268 3024 2320 3060 ita
2343 3029 2386 3060 ut
2404 3023 2509 3060 sinus
2533 3023 2597 3060 ille
2621 3024 2711 3061 ‘uni-

1614 3092 1740 3119 versus
1779 3081 2016 3119 cadaveribus
2051 3082 2249 3129 vacuisque
2293 3082 2496 3130 monoxylis
2526 3082 2596 3120 hac
2625 3082 2712 3119 illac

1614 3146 1752 3179 temere
1787 3141 1935 3189 agitatis
1960 3147 2007 3178 et
2036 3140 2175 3189 absque
2203 3146 2303 3187 certo
2337 3152 2446 3178 cursu
2475 3141 2711 3188 vagantibus,

1615 3201 1772 3248 pedibus
1798 3202 1895 3245 (nisi
1920 3202 1971 3238 ita
1997 3201 2102 3249 loqui
2128 3211 2234 3248 grave
2259 3206 2338 3246 est)
2365 3202 2470 3240 siccis
2494 3202 2709 3239 calcaretur.

1614 3259 1914 3297 Manifestissime
1945 3270 2030 3297 vero
2059 3265 2235 3308 apparet,
2270 3261 2385 3299 solam
2421 3261 2608 3308 Virginem
2642 3260 2711 3298 hoc

1614 3319 1795 3366 proelium
1820 3319 2037 3367 proeliatam
2051 3347 2061 3365 ,
2079 3325 2116 3357 et
2140 3321 2330 3358 victoriam
2354 3320 2506 3366 vicisse,
2523 3320 2612 3366 quia
2627 3330 2711 3358 nos·

1613 3378 1663 3415 tri
1691 3379 1731 3415 in
1759 3381 1852 3416 mari
1881 3378 1935 3416 de'
1961 3370 2108 3427 scaphis
2128 3379 2367 3428 pugnaturi,
2392 3379 2447 3415 vix
2478 3378 2553 3416 viso
2584 3379 2711 3416 multi·

1614 3437 1758 3475 tudinis
1784 3437 1956 3476 adversae
1980 3439 2133 3480 incursu
2157 3444 2258 3485 terga
2287 3441 2494 3481 verterunt,
2521 3448 2563 3474 ac
2594 3448 2710 3485 paene

1615 3497 1769 3545 puppim
1801 3496 2015 3544 fregerunt,
2043 3503 2079 3534 et
2111 3495 2321 3544 expeditum
2337 3499 2339 3501 '
2356 3495 2523 3533 hostibus
2556 3495 2709 3534 descen-

1615 3566 1699 3593 sum
1724 3555 1988 3603 propemodum
2022 3556 2096 3592 iam
2129 3554 2359 3599 obtulerant3
2385 3554 2462 3609 *nisi
2496 3565 2574 3591 rem
2600 3566 2709 3602 prae·
2750 3553 2760 3606 J

1615 3614 1764 3651 veniens
1795 3615 1908 3661 Virgo
1945 3615 2127 3658 clemens,
2157 3613 2196 3650 id
2234 3617 2398 3660 specta-re
2438 3623 2514 3649 non
2550 3614 2708 3652 tulisset.

1615 3674 1717 3710 Nam·
1735 3684 1821 3710 suas
1852 3675 1945 3711 vires
1974 3674 2248 3721 potentiamque
2276 3672 2479 3717 suscitans,
2512 3683 2588 3710 non
2615 3673 2712 3710 sicut

1615 3733 1762 3782 Moyses
1786 3734 1886 3780 virga
1912 3733 2063 3770 rubrum
2090 3731 2214 3768 divisit
2237 3742 2393 3779 moxque
2417 3732 2561 3769 reduxit
2586 3743 2710 3777 mare,

1615 3790 1681 3829 sed
1698 3797 1794 3830 nutu
1819 3792 1970 3839 solaque
1985 3790 2174 3828 voluntate
2191 3801 2324 3827 currus
2342 3791 2543 3828 Pharaonis
2560 3792 2712 3840 eiusque

1615 3851 1656 3888 in
1673 3861 1772 3888 mare
1789 3851 1942 3899 proiecit
1955 3850 2152 3888 exercitum
2164 3877 2173 3895 ,
2196 3854 2306 3898 atque
2325 3849 2436 3888 undis
2456 3856 2608 3889 cunctos
2625 3851 2712 3889 sub-
