2970 4420
435 262 504 294 xil
981 290 986 296 .
1387 263 1538 298 mes
1571 262 1750 300 ALLATn
1763 268 1766 272 ”

365 343 367 345 ’
432 352 521 395 que
555 338 894 382 doctissimorum
930 338 1151 381 hominum
1190 339 1322 394 gloria
1353 338 1500 381 floruit
1529 338 1752 393 (quamvis
1783 337 1889 380 iure
1907 338 2041 381 multa
2071 339 2462 394 reprehendantur,
2494 353 2602 396 quae
2636 341 2693 384 ob

431 414 653 465 susceptas
678 409 904 453 infeliciter
935 423 1033 453 cum
1064 411 1238 454 ecclesia
1264 423 1442 453 romana
1468 408 1786 462 contentioneS,
1815 407 2008 465 plerique
2035 410 2295 454 Graecorum
2320 415 2479 454 temere
2509 416 2552 455 et
2579 425 2699 455 arro-

437 486 588 535 ganter
620 482 759 524 facere
792 483 882 524 ausi
906 481 1049 538 sint.)
1081 484 1259 524 Demum
1297 494 1392 523 cum
1425 492 1623 536 supremo
1657 480 1747 523 fato
1782 493 1827 522 se
1863 480 2078 526 admotam
2114 484 2269 537 sensit,
2302 497 2470 526 evasere
2508 496 2532 526 a
2565 485 2700 539 patria

439 547 587 605 clade,
629 552 820 607 plerique
860 551 1056 594 doctrina
1100 556 1142 594 et
1180 551 1419 593 eruditione
1463 554 1723 605 praestantes
1759 550 1869 603 viri,
1907 551 1983 606 qui
2022 564 2173 607 magna
2198 566 2257 598 ⁴ex
2295 559 2413 609 parte
2446 555 2698 609 languentes

416 624 520 665 'iam
553 623 598 663 in
626 622 730 666 orbe
760 627 969 666 terrarum
999 627 1041 664 et
1067 621 1273 675 fastiditas
1298 622 1459 663 litteras
1489 632 1635 663 rursus
1663 622 1707 663 in
1736 621 1876 676 pretio
1907 634 1995 669 esse
2019 622 2182 681 fecere,
2214 636 2445 679 rursusque
2472 620 2592 667 Latio
2622 637 2695 666 ve-

438 699 550 735 teres
579 698 687 736 artes
715 694 923 735 invenisse
954 693 1033 734 visi
1055 699 1176 745 sunt,
1208 697 1250 734 et
1280 691 1421 733 multis
1445 704 1470 734 a
1495 684 1671 734 saeculis
1699 692 1976 734 intermissam
2007 694 2212 737 sermonis
2240 696 2362 737 etiam
2385 696 2509 737 latini
2531 694 2699 749 elegan-

438 765 554 805 tiam.
589 765 675 806 Nisi
706 777 807 806 vero
841 763 960 818 quod
990 763 1147 804 nemini
1175 762 1353 804 dubium
1385 766 1472 815 est,
1504 761 1683 805 inficiari
1716 762 1895 805 velimus
1929 768 2100 818 apertos
2133 777 2209 820 per
2239 777 2408 807 omnem
2437 765 2605 807 Italiam
2634 764 2700 806 lu-

439 835 519 877 dos
540 821 573 877 'a
604 836 735 888 Gaza,
769 839 812 876 et
846 834 1144 890 Argyropulo,
1179 833 1338 888 quique
1372 832 1454 875 hos
1491 837 1745 876 antecessere
1779 834 1982 886 (Leontio
2015 837 2078 889 et)
2117 835 2372 891 Chrysolora
2406 836 2696 888 Emmanuele,

440 919 595 960 magno
622 908 669 948 jn
695 907 838 961 primis
869 909 1086 947 momento
1121 904 1247 947 fuisse
1277 903 1330 946 ad
1358 904 1467 947 hanc
1495 905 1617 947 brevi
1649 900 1796 961 postea
1831 911 2098 953 consecutam
2131 907 2270 950 lucem
2302 909 2549 950 litterarum.
2584 908 2700 950 Haec

440 978 543 1018 mihi
566 977 618 1019 de
648 978 835 1031 gentium
865 977 1146 1019 vetustissima
1169 976 1281 1017 iusto
1305 975 1483 1018 fortasse
1509 977 1705 1020 licentius
1732 978 1983 1033 exequenti,
2009 991 2134 1021 nemo
2164 979 2256 1021 iure
2285 983 2554 1033 succenseat3
2579 991 2700 1021 nam-

442 1061 525 1103 que
553 1052 673 1089 vetus
701 1046 813 1088 illius
843 1046 979 1100 gloria
1010 1046 1247 1087 orationem
1273 1050 1462 1088 nostram
1487 1047 1705 1090 mendacio
1735 1049 1884 1104 cripit3
1915 1048 2074 1108 afflicta
2099 1061 2226 1104 vero,
2252 1050 2297 1092 iu
2325 1063 2410 1105 qua
2442 1062 2555 1092 nunc
2585 1050 2698 1104 agit,

440 1119 613 1160 fortuna
645 1118 769 1159 etiam
799 1116 955 1158 invidia
981 1116 1148 1158 liberat.
1182 1115 1264 1158 Sed
1294 1116 1349 1159 ad
1378 1116 1547 1173 incepta
1575 1118 1811 1166 redeamus.
2518 1150 2522 1155 ,

567 1192 633 1231 15.
668 1191 770 1231 Post
800 1187 1050 1244 ¹¹trienna-lem
1084 1187 1128 1228 in
1155 1188 1342 1230 Lucania
1370 1195 1561 1242 moram,
1596 1191 1739 1245 coepit
1770 1192 1956 1233 Leonem
1988 1193 2151 1246 patriae
2185 1191 2464 1247 desiderium,
2499 1196 2541 1235 et
2567 1193 2700 1246 longo

443 1261 612 1302 tandem
640 1259 862 1301 intervallo
891 1271 991 1299 suos
1015 1258 1191 1300 visendi.
1226 1259 1430 1302 Dimissus
1457 1260 1601 1316 itaque
1629 1261 1683 1303 ab
1711 1262 1918 1318 episcopo
1945 1262 2175 1305 admodum
2205 1263 2362 1315 invite,
2389 1263 2538 1317 illique
2564 1263 2702 1304 itineri

442 1331 709 1372 vehementer
738 1329 983 1382 adversato,
1016 1329 1186 1370 Barium
1216 1329 1368 1372 urbem
1403 1331 1582 1385 Apuliae
1613 1333 1848 1388 principem
1877 1333 2017 1388 primo
2044 1333 2192 1388 petiit,
2224 1333 2299 1376 ubi
2328 1332 2428 1382 dum
2461 1333 2702 1375 facultatem

443 1402 662 1457 opperitur
688 1400 915 1452 navigandi
941 1401 1161 1452 VenetiaS,
1189 1400 1422 1449 delectatus
1449 1407 1510 1444 est
1536 1402 1767 1457 plurimum
1790 1404 1875 1446 loci
1898 1403 2240 1460 pulchritudine,
2263 1414 2490 1459 rerumque
2514 1403 2702 1445 omnium

441 1477 484 1514 in
513 1484 673 1515 summa
697 1471 917 1520 hominum
944 1470 1181 1525 frequentia
1210 1471 1418 1514 ubertate.
1451 1474 1502 1515 In
1529 1474 1676 1528 primis
1705 1479 1844 1516 autem
1870 1475 2136 1517 admirationi
2164 1475 2246 1517 fuit
2273 1468 2544 1529 magnificum
2568 1475 2702 1516 sancti

441 1544 604 1599 Nicolai
635 1542 840 1598 myrensis
873 1542 1065 1598 episcopi
1097 1543 1332 1598 templum,
1366 1544 1590 1600 cultusque
1621 1549 1664 1586 et
1694 1546 1938 1599 veneratio,
1971 1559 2058 1601 qua
2089 1545 2328 1589 celebratur
2359 1557 2445 1587 non
2480 1545 2619 1587 solum
2648 1543 2704 1587 ab

441 1615 672 1668 indigenis,
706 1615 855 1654 verum
889 1613 1017 1655 etiam
1050 1625 1205 1668 magna
1236 1615 1374 1657 omnis
1406 1616 1570 1671 generis
1603 1616 1847 1658 mortalium
1881 1617 2029 1672 copia,
2061 1617 2163 1659 illuc
2192 1617 2408 1670 religionis
2445 1627 2704 1659 causa‘con-

441 1685 676 1725 fluentium.
711 1683 793 1725 Sed
819 1683 986 1738 explere
1011 1684 1198 1726 animum
1225 1686 1325 1727 satis
1349 1697 1438 1727 non
1461 1686 1623 1741 potuit,
1649 1689 1749 1728 eum
1774 1698 1819 1728 se
1846 1686 1900 1729 ad
1923 1687 2170 1729 interiorem
2199 1687 2380 1729 contulit
2404 1686 2518 1728 aedis
2534 1689 2705 1741 ‚partem

442 1757 486 1797 in
517 1755 663 1809 primis
693 1746 938 1817 tisendam,
969 1754 1025 1796 ob
1050 1755 1264 1809 liquorem
1291 1756 1409 1797 illum
1436 1757 1704 1800 inexhaustae
1730 1758 2024 1813 perennitatis,
2050 1770 2178 1814 quem
2203 1759 2336 1800 sancti
2361 1757 2525 1800 Nicolai
2550 1768 2704 1798 manna
2754 1787 2759 1789 -

443 1831 613 1868 vocant.
645 1826 760 1867 Urna
790 1837 1028 1867 marmorea
1060 1830 1150 1879 est,
1181 1826 1457 1881 reliquiarum
1489 1828 1624 1870 sancti
1654 1828 1841 1884 episcopi
1879 1818 2048 1883 custos,
2081 1829 2223 1872 clausa
2255 1828 2563 1885 undequaque,
2594 1839 2705 1870 mar-

444 1898 600 1938 moreis
632 1896 841 1938 columnis
874 1896 1093 1948 insistens,
1128 1909 1214 1951 qua
1247 1909 1363 1939 sacer
1395 1896 1553 1940 humor
1586 1898 1842 1953 includitur,
1875 1900 1919 1941 in
1954 1900 2074 1942 cuius
2106 1898 2328 1954 superficie
2365 1899 2550 1941 natantia
2584 1899 2705 1953 quasi

445 1970 729 2010 humanorum
762 1967 921 2010 ossium
955 1967 1119 2010 minuta
1154 1968 1332 2010 frustula
1363 1973 1620 2023 cernuntur;
1653 1970 1837 2026 spatium
1873 1974 2015 2012 autem
2048 1969 2167 2025 quod
2202 1969 2301 2011 inde
2333 1969 2388 2012 ad
2412 1962 2705 2012 ‘summitatem

446 2041 555 2081 vasis
587 2038 846 2092 extenditur,
881 2038 1002 2093 quasi
1040 2038 1196 2081 nebula
1228 2039 1436 2094 quaedam
1464 2040 1670 2095 infuscat,
1703 2045 1753 2083 ut
1784 2040 1885 2084 inde
1917 2040 2057 2084 suffici
2088 2045 2213 2096 putes
2243 2045 2500 2096 perpetuum
2532 2039 2705 2095 supple-

443 2116 633 2153 mentum
663 2112 772 2152 roris
800 2110 989 2163 mirifici,
1015 2110 1135 2166 quod
1164 2110 1365 2153 haustum
1393 2112 1563 2155 assiduo
1589 2112 1811 2155 hominum
1833 2113 1989 2168 pietate
2011 2113 2224 2168 liquorem
2247 2112 2456 2155 exhauriri
2478 2124 2564 2154 non
2588 2111 2701 2154 sinit.

444 2183 556 2225 Huic
585 2182 876 2225 abundantiae
899 2180 1129 2237 aliquando
1158 2182 1422 2225 diffidentem
1449 2183 1662 2238 quendam
1690 2184 1870 2226 civitatis
1900 2184 2151 2236 antistitem,
2175 2196 2272 2225 cum
2301 2195 2428 2238 parce
2454 2178 2579 2224 nimis
2608 2194 2706 2236 ege-

445 2253 654 2296 stionibus
683 2252 747 2295 uti
777 2253 989 2307 iussisset,
1020 2252 1247 2295 offendisse
1278 2266 1366 2296 non
1395 2255 1665 2297 mediocriter
1690 2255 1804 2297 fama
1835 2260 1923 2309 est,
1955 2255 2085 2311 idque
2116 2254 2339 2297 confestim
2371 2254 2581 2309 patuisse,
2608 2265 2705 2296 cum

446 2338 530 2366 non
560 2325 698 2366 solum
727 2323 779 2365 de
810 2325 1068 2378 parsimonia
1097 2324 1204 2366 nihil
1233 2324 1288 2367 ad
1318 2326 1485 2368 solitam
1510 2339 1644 2381 aquae
1667 2339 1905 2369 mensuram
1940 2326 2139 2369 accedere
2161 2325 2497 2368 animadversum
2521 2329 2607 2379 est,
2631 2325 2707 2367 sed

446 2398 591 2450 potius
622 2397 779 2447 minui3
806 2408 939 2450 eaque
969 2409 1014 2437 re
1048 2397 1165 2451 quasi
1197 2397 1390 2439 modicae
1412 2410 1511 2440 suae
1540 2397 1640 2440 fidei
1671 2398 1912 2440 admonitus
1945 2398 2068 2440 nimis
2094 2403 2241 2440 cautus
2271 2398 2495 2452 episcopus
2517 2398 2708 2452 permisit

447 2467 643 2509 renovari
674 2479 835 2524 morem
860 2471 1133 2522 consuetum,
1159 2480 1246 2522 quo
1278 2458 1473 2510 sacerdos
1497 2469 1598 2510 huic
1624 2469 1855 2511 ministerio
1880 2464 2412 2524 praepositus‘accedentis
2437 2467 2627 2523 quotidie
2653 2467 2717 2509 ad*

446 2538 666 2580 ecelesiam
694 2550 826 2593 paene
857 2538 990 2579 totius
1022 2538 1168 2594 populi
1201 2539 1364 2580 frontes
1394 2538 1540 2580 leviter
1571 2538 1655 2580 hoc
1682 2539 1848 2594 liquore
1878 2540 2115 2593 humectat,
2141 2544 2182 2582 et
2212 2539 2452 2582 charactere
2475 2539 2612 2581 crucis
2640 2539 2706 2579 in-

450 2610 602 2664 signit,
629 2621 910 2664 magnamque
940 2610 1029 2651 eius
1061 2610 1226 2664 copiam
1256 2610 1354 2656 inde
1385 2610 1590 2663 extrahit,
1616 2614 1744 2666 atque
1772 2612 1817 2653 in
1847 2612 2005 2654 vitreos
2033 2612 2228 2654 vasculos
2257 2610 2454 2664 coniicit,
2477 2610 2524 2652 in
2553 2609 2708 2665 quibus

449 2682 597 2735 religio
618 2693 791 2723 ‘summa
813 2685 876 2722 est
897 2681 1315 2735 propter'mirificam
1345 2681 1430 2723 vim
1457 2682 1543 2724 illis
1574 2683 1742 2724 insitam
1771 2682 2011 2739 depellendi
2031 2683 2231 2738 morbos,
2256 2682 2434 2737 fugandi
2458 2681 2706 2735 daemoneS,

450 2752 626 2794 sedandi
661 2755 961 2807 tempestates;
993 2751 1039 2794 id
1074 2751 1193 2807 quod
1229 2751 1406 2794 Allatius
1442 2765 1522 2794 usu
1561 2753 1642 2794 sibi
1678 2766 1766 2796 non
1801 2754 1938 2796 multo
1973 2759 2124 2809 postea
2159 2754 2323 2796 venisse
2360 2752 2578 2806 narrabat,
2612 2764 2710 2795 cum

450 2823 603 2867 deinde
634 2823 852 2879 profectus
872 2824 1058 2866 Venetiis
1088 2837 1166 2879 per
1195 2824 1334 2866 sinum
1363 2823 1627 2866 Adriaticum
1661 2826 1873 2879 navigavit
1901 2826 1947 2868 in
1977 2826 2216 2868 Graeciam:
2245 2824 2382 2867 omnis
2413 2825 2524 2867 enim
2554 2824 2710 2867 saevis·
2747 2874 2753 2876 ‚

451 2897 575 2938 simae
604 2895 864 2950 tempestatis
883 2895 1090 2949 impetus,
1115 2895 1189 2950 qui
1220 2883 1362 2936 na‘vim
1384 2894 1681 2938 snbmersurus
1711 2895 1961 2951 videbatur,
1988 2896 2170 2939 demisso
2201 2896 2247 2937 in
2268 2895 2421 2938 fluctus
2441 2907 2493 2937 eo
2514 2895 2707 2950 liquore,

451 2967 566 3008 dicto
599 2967 720 3008 citius
752 2965 924 3007 resedit.
1298 3015 1300 3017 ‚
1820 3022 1822 3024 Ι
2176 2956 2179 2959 “

575 3038 642 3078 16.
676 3037 910 3078 Defunctus
941 3049 992 3077 eo
1023 3036 1214 3091 periculo
1231 3068 1243 3089 ,
1271 3037 1352 3078 cita
1378 3050 1665 3093 prosperaque
1695 3038 1961 3094 navigatione
1986 3038 2207 3092 Smyrnam
2237 3048 2371 3090 usq-ue
2400 3034 2614 3090 pervenit,
2638 3033 2712 3075 ubi

454 3110 617 3167 tristem
647 3109 699 3151 de
730 3109 913 3164 parentis
943 3112 1084 3150 morte
1123 3109 1318 3150 nuntium
1349 3109 1535 3162 invenit3
1569 3122 1666 3151 mox
1699 3109 1875 3160 Chium,
1908 3114 1950 3150 ct
1984 3112 2196 3150 recentem
2227 3120 2252 3148 a
2281 3107 2400 3148 luctu
2435 3105 2608 3147 domum
2643 3105 2711 3146 in—

456 3167 621 3232 gressus
650 3185 728 3222 est.
762 3181 822 3222 Ex
861 3180 954 3234 lege
993 3180 1249 3222 athanasiani
1286 3181 1453 3236 collegii
1486 3194 1631 3222 recens
1665 3181 1772 3233 lata,
1806 3193 1894 3222 non
1927 3177 2238 3233 suscipiendum
2273 3177 2429 3219 Allatio
2462 3174 2593 3218 modo
2627 3175 2711 3217 hoc

456 3250 536 3290 iter
566 3250 706 3291 statim
738 3250 791 3291 ab
821 3251 914 3305 ipso
947 3250 1160 3305 digressu,
1187 3251 1260 3293 sed
1292 3252 1415 3293 etiam
1446 3251 1502 3294 ad
1529 3250 1660 3293 finem
1689 3263 1823 3306 usque
1853 3250 2195 3305 persequendum
2223 3254 2338 3302 erat;
2363 3248 2433 3290 cui
2460 3252 2600 3293 tamen
2628 3240 2713 3300 legi

457 3331 595 3373 neque
624 3320 695 3361 ille
727 3321 931 3363 subiicere
963 3334 1052 3362 sese
1082 3334 1270 3376 unquam
1302 3323 1523 3375 sustinuit,
1556 3325 1688 3378 utque
1724 3334 1775 3364 ne
1809 3321 1880 3363 alii
1909 3320 2082 3376 quidem
2111 3320 2441 3372 subiicerentur,
2473 3316 2713 3360 incredibili

459 3389 601 3431 studio
625 3389 825 3443 perfecit,
848 3391 1297 3435 adversus-obnoxiam
1321 3392 1446 3435 Card.
1473 3393 1714 3446 Iustiniani,
1738 3392 1911 3446 collegii
1933 3391 2212 3447 protectoris,
2237 3391 2497 3436 voluntatem
2512 3422 2523 3443 ,
2547 3393 2590 3431 ct
2610 3389 2716 3431 aeri·

461 3464 527 3500 ter
556 3459 760 3501 intentam
789 3459 842 3502 ad
872 3462 1228 3521 constringendos
1258 3464 1300 3505 in
1331 3463 1375 3506 id
1405 3463 1678 3506 iureiurando
1699 3449 1869 3517 collegii
1892 3451 2106 3514 alumnoS,
2132 3461 2208 3516 qui
2236 3460 2386 3503 deinde
2412 3459 2556 3502 multis
2578 3460 2713 3500 -ratio-

461 3530 611 3583 nibus,
645 3529 699 3572 ab
730 3530 885 3572 Allatio
918 3544 1009 3573 eam
1040 3520 1091 3575 in
1116 3547 1204 3576 rem
1239 3535 1496 3589 propositis,
1530 3538 1702 3577 coactus
1734 3538 1797 3577 est
1826 3533 1941 3576 solos
1973 3545 2024 3575 eo
2059 3531 2227 3574 vinculo
2261 3530 2511 3585 obligandos
2540 3533 2711 3584 putare,

464 3601 538 3654 qui
568 3604 667 3655 post
697 3599 854 3642 dictam
895 3614 987 3643 eam
1021 3604 1159 3657 legem
1193 3607 1238 3647 in
1277 3606 1503 3659 collegium
1538 3605 1890 3657 admitterentur;
1923 3603 2041 3659 quod
2077 3615 2175 3645 sanc
2213 3606 2425 3643 certamen
2464 3600 2571 3642 adeo
2609 3599 2715 3642 nihil

465 3672 619 3713 Allatio
651 3673 808 3725 gratiae
838 3673 950 3726 apud
981 3680 1272 3729 protectorem
1303 3677 1441 3719 virum
1471 3677 1763 3730 gravissimum
1799 3675 2049 3731 imminuit,
2067 3678 2115 3715 ut
2145 3685 2330 3715 summae
2360 3671 2715 3721 commendationi

466 3743 607 3797 potius
635 3742 689 3785 ad
721 3743 1254 3798 opinionemconstantiae
1291 3752 1332 3789 et
1362 3747 1661 3802 magnitudinis
1697 3747 1824 3789 animi
1858 3746 2000 3788 fuerit.
2033 3744 2227 3786 Delatum
2262 3744 2308 3785 in
2342 3743 2546 3797 patriam,
2580 3746 2623 3785 et
2656 3744 2716 3784 rei

467 3814 661 3856 familiari
683 3814 999 3856 constituendae
1026 3816 1231 3858 intentum
1258 3818 1374 3859 varia
1395 3830 1595 3881 excepere
1617 3817 1826 3873 pericula,
1849 3820 2024 3873 propter
2046 3815 2132 3858 vim
2156 3815 2415 3870 pestilentiae
2429 3846 2440 3868 ,
2468 3826 2574 3869 quae
2596 3814 2716 3857 brevi
