2970 4420
447 252 494 283 IV
1328 251 1524 282 EDITORIS
1559 249 1821 280 PRAEFATIO.

448 353 544 383 non
581 338 772 399 exiguus
804 336 1019 382 editionis
1043 335 1230 383 illarum
1266 336 1440 381 fructus
1474 343 1567 387 est,
1600 334 1728 395 quod
1764 333 1878 379 mihi
1910 334 2205 382 commodam
2241 351 2396 383 ansam
2427 336 2701 385 obtulerunt

445 414 704 476 *vestigandi
736 422 895 476 postea
928 415 976 459 in
1004 413 1226 459 viticanis
1256 412 1527 474 praesertim
1562 409 1827 462 codicibus,
1862 411 2122 474 edendique
2155 414 2491 461 nonnullorum
2521 415 2703 463 Niceta-

448 507 556 538 ium
589 492 791 553 scripta,
815 499 859 536 et
885 491 1141 536 multorum
1163 489 1535 535 Theodororum.
1574 489 1784 548 Namque
1814 487 2088 535 Philonihus
2112 489 2225 536 nihil
2252 506 2275 536 a
2308 507 2382 537 me
2408 492 2493 537 fuit
2524 492 2701 539 adden-

446 556 591 621 dum,
619 577 803 631 praeter
835 566 1311 614 notitiam'editorum
1347 580 1495 625 nuper
1523 565 1720 609 Venetiis
1755 580 1778 610 a
1813 566 1906 611 RR.
1934 566 2272 620 Mechitaristis,
2302 577 2346 614 et
2375 569 2621 615 Mediolani
2649 586 2700 616 ac

452 648 625 692 Romae
667 661 690 690 a
733 643 894 697 nobis,
917 643 1135 706 >Philonis
1169 641 1320 687 iudaei
1363 656 1594 686 novorum
1639 641 1816 702 aliquot
1851 639 2104 696 librorum,
2136 652 2188 689 ut
2221 645 2415 706 proprio
2456 646 2561 691 loco
2591 633 2703 691 ¹nar-

452 722 675 769 rabimus.
1213 764 1215 767 .

579 800 793 844 lll.1am
829 798 936 859 quia
970 796 1028 842 ad
1060 795 1150 841 hoc
1176 803 1387 840 nostrum
1413 794 1636 840 volumen
1673 802 1824 840 tantus
1852 794 2083 841 redundat
2115 811 2138 841 a
2168 797 2320 843 Leone
2350 797 2521 843 Allatio
2551 798 2703 844 honor
2751 819 2762 827 ἃ

454 886 592 938 atque
626 876 991 927 incrementum,
1027 887 1226 934 aequum
1262 879 1329 916 est
1364 879 1415 916 ut
1446 869 1888 916 benemerentissimi
1923 872 2012 917 viri
2043 873 2316 919 memoriam
2345 882 2481 935 atque
2519 889 2704 935 praeco-

454 956 585 1000 nium
625 968 712 1016 pro
736 951 914 998 viribus
948 965 1216 1012 augeamus.
1254 949 1436 994 Etenim
1469 949 1589 994 vitae
1622 950 1720 994 eius
1752 947 1942 1009 quidem
1975 956 2113 1011 atque
2150 951 2428 1012 scriptorum
2465 951 2627 997 notitia
2656 951 2702 996 in

455 1032 668 1095 plurimis
697 1030 828 1075 libris
862 1036 1010 1082 extat,
1043 1036 1154 1089 puta
1188 1027 1236 1071 in
1269 1025 1492 1086 Calogera
1522 1027 1572 1071 T.
1606 1028 1775 1080 XXX.,
1809 1026 2057 1072 Niceronio
2090 1013 2323 1080 T.V111‚
2358 1026 2582 1073 Morrofio
2618 1043 2704 1089 po-

454 1109 642 1171 lyhistq
681 1107 895 1153 Zacharia
934 1105 1040 1150 hist.
1076 1104 1196 1155 litt.,
1234 1111 1415 1165 praeter
1456 1102 1563 1149 illos
1599 1103 1806 1149 eruditos
1844 1118 1868 1149 a
1907 1102 2120 1149 Fabricio
2153 1104 2204 1149 B.
2239 1105 2292 1151 G.
2325 1105 2378 1150 T.
2412 1107 2469 1151 X.
2505 1121 2552 1167 p.
2588 1105 2698 1149 405.

454 1188 732 1234 nominatos,
763 1186 1090 1230 Verumtamen
1124 1181 1202 1242 qui
1230 1180 1420 1242 plenum
1446 1189 1491 1226 et
1524 1179 1716 1227 uberem
1743 1181 2128 1227 commentarium
2153 1181 2212 1226 de
2242 1183 2387 1227 nostri
2414 1183 2585 1228 Leonis
2611 1183 2705 1228 vita

451 1267 698 1327 scripserat
740 1261 995 1323 Stephanus
1029 1258 1229 1304 Gradius
1263 1258 1535 1319 ragusinus,
1572 1266 1992 1319 contemporaneus
2030 1258 2237 1304 eiusdem
2271 1273 2323 1304 ac
2357 1259 2617 1312 familiariS,
2656 1259 2703 1304 in

454 1349 541 1388 ms'.
573 1340 724 1387 adhuc
748 1338 904 1384 codice
929 1328 1283 1404 latitabat‘intcr
1307 1335 1498 1381 schedas
1530 1336 1674 1396 ipsius
1708 1335 1863 1381 Allatii
1893 1335 2245 1388 vallicellianas3
2272 1337 2320 1381 in
2345 1351 2441 1397 quo
2474 1335 2582 1381 licet
2607 1346 2706 1380 ma-

455 1418 692 1478 nuscripto
725 1429 895 1460 nomen
925 1412 1085 1458 'Gradii
1119 1427 1214 1458 non
1249 1411 1458 1473 legatur,
1488 1412 1597 1459 satis
1631 1420 1784 1458 tamen
1820 1419 1999 1458 constat
2027 1427 2082 1457 ex
2112 1413 2409 1474 Appendinio
2435 1413 2483 1457 in
2512 1411 2705 1458 historia

456 1493 675 1550 litteraria
713 1490 841 1558 urbis
873 1492 1080 1551 Ragusae
1113 1487 1196 1534 lib.
1226 1489 1261 1533 1.
1290 1503 1391 1550 cap.
1424 1489 1476 1541 3,
1505 1497 1550 1534 et
1581 1503 1636 1533 ex
1668 1489 1867 1534 Caietani
1899 1489 2081 1535 Marinii
2117 1489 2308 1535 historia
2344 1488 2519 1550 archivi
2550 1489 2705 1550 ponti-

456 1570 545 1616 ficii
581 1570 659 1632 (p.
690 1568 783 1629 32)
821 1583 845 1614 a
870 1582 944 1612 me
970 1574 1075 1612 ante
1109 1565 1196 1612 hos
1222 1580 1367 1611 annos
1398 1564 1546 1618 edita,
1576 1565 1700 1611 hunc
1725 1580 1822 1611 esse
1847 1564 2089 1612 allatianae
2118 1564 2421 1627 biographiae
2448 1573 2701 1623 auctorem.

458 1650 603 1710 (Item
631 1662 687 1692 ex
720 1654 849 1691 tomo
873 1645 972 1690 XX.
1002 1659 1049 1705 p.
1078 1643 1191 1689 413.
1220 1642 1572 1707 ephemeridum
1608 1643 1857 1688 doctorum
1888 1643 2096 1689 virorum
2132 1643 2311 1696 ltaliae,
2340 1641 2425 1689 ubi
2457 1641 2509 1688 fit
2533 1641 2707 1687 adhor-

458 1726 569 1772 tatio
604 1724 661 1770 ad
696 1722 924 1769 edendam
940 1721 1115 1793 ⁴Allatii
1150 1720 1459 1781 conscriptam
1493 1735 1518 1765 a
1552 1719 1722 1765 Gradio
1755 1719 1953 1781 vitam.)
1988 1719 2232 1780 Ceteroqui
2266 1718 2364 1771 falli
2392 1719 2578 1765 videtur
2611 1719 2708 1780 Ap-

457 1802 728 1864 pendinius,
757 1799 868 1844 dum
900 1813 924 1843 e
958 1796 1141 1843 duabus
1177 1812 1201 1842 a
1234 1795 1407 1842 Gradio
1432 1796 1706 1858 conscriptis
1730 1796 1861 1848 vitis,
1890 1795 2046 1841 Allatii
2079 1796 2249 1842 scilicet
2279 1804 2325 1841 et
2355 1796 2702 1857 PetriRMessae,

457 1882 576 1926 hanc
611 1881 781 1925 Messae
816 1875 1136 1938 imperfectam
1172 1875 1312 1927 dicit;
1349 1873 1478 1935 quod
1514 1882 1676 1920 contra
1711 1882 1804 1931 est3
1842 1875 2012 1919 etenim
2048 1874 2126 1919 illa
2162 1875 2316 1935 potius
2351 1873 2508 1918 Allatii
2544 1871 2707 1918 mutila

457 1967 549 2011 est,
582 1966 633 2004 ut
657 1957 852 2019 proprio
884 1956 932 1999 in
967 1954 1072 2000 loco
1105 1967 1430 2014 agnoscemus;
1459 1952 1646 2004 mutila,
1675 1952 1892 2011 inquam,
1920 1951 1967 1995 in
1997 1950 2178 1996 schedis
2205 1958 2328 1996 certe
2359 1947 2703 2001 vallicellianis:

455 2050 565 2082 nam
601 2037 638 2081 si
668 2035 788 2080 forte
823 2030 1169 2094 alibi-perfecta
1201 2031 1336 2083 latet,
1367 2045 1420 2076 ea
1455 2045 1606 2075 meam
1641 2037 1764 2088 certe
1799 2028 2008 2074 notitiam
2042 2028 2264 2073 hactenus
2297 2026 2430 2088 fugit.
2469 2027 2566 2072 Iam
2593 2040 2708 2071 vero

454 2115 568 2159 haec
593 2128 617 2158 a
643 2110 812 2157 Gradio
837 2109 1005 2170 scripta
1032 2108 1248 2160 historia,
1273 2114 1455 2168 praeter
1476 2106 1667 2152 latinam
1698 2105 1974 2166 elegantiam
2003 2113 2142 2166 atque
2167 2103 2456 2155 facundiam,
2482 2103 2708 2167 maximae

445 2177 741 2236 'auctoritatis
763 2190 1175 2246 est'summamque
1198 2192 1405 2229 meretur
1430 2182 1594 2229 fidem:
1620 2181 1707 2228 fuit
1730 2182 1854 2229 en'im
1878 2180 2075 2226 Gradius
2100 2181 2230 2226 annis
2252 2178 2429 2241 aliquot
2454 2177 2543 2225 suh
2566 2178 2709 2241 ipsius

458 2267 614 2312 Allatii
651 2264 920 2310 auctoritate
955 2263 1002 2307 in
1037 2259 1320 2307 bibliotheca
1347 2261 1580 2313 vaticana,
1614 2275 1666 2313 ac
1690 2258 1860 2305 deinde
1887 2273 2010 2304 anno
2042 2259 2181 2305 1682.
2209 2258 2414 2304 muneris
2445 2271 2705 2309 successor,

436 2331 703 2405 *postquam
730 2341 827 2386 eius
861 2339 1010 2384 fuerat
1045 2338 1342 2400 quotidianus
1368 2338 1608 2383 convictor
1641 2351 1693 2383 ac
1727 2335 1915 2383 sodalis.
1953 2336 2071 2381 Nam
2106 2343 2152 2381 et
2176 2334 2271 2380 duo
2298 2333 2451 2380 Gradii
2478 2334 2709 2395 epigram—

459 2423 580 2465 mata
614 2420 662 2464 in
699 2415 1139 2477 schedislegebam.

588 2495 661 2541 Ad
698 2496 902 2540 Leonem
936 2492 1157 2539 Allatium
1192 2492 1250 2538 de
1281 2492 1444 2537 ostreis
1475 2491 1657 2536 muneri
1690 2490 1856 2536 missis.

814 2573 1072 2632 Postquam
1106 2568 1223 2614 haec
1256 2568 1486 2614 adrzacae
1518 2566 1736 2630 gustabls
1755 2566 1954 2628 fereula
1990 2577 2157 2616 testae,

907 2647 999 2692 Dte
1032 2659 1118 2692 tua
1153 2645 1271 2708 qazd
1302 2645 1470 2691 mellus
1503 2646 1713 2708 Smyrna
1750 2642 1975 2706 Ghzosque
2003 2643 2204 2704 serant?

580 2729 696 2773 Item
732 2725 857 2772 aliud
893 2726 951 2771 de
985 2725 1152 2771 eodem
1187 2739 1379 2770 muneie
1412 2731 1693 2769 ostreorum.

814 2802 946 2847 Adde
979 2817 1182 2851 meram,
1217 2800 1434 2861 festoque
1469 2799 1622 2847 volens
1654 2799 1845 2861 eoeplere
1877 2799 2056 2861 Lyaeo,

910 2880 1005 2925 Nos
1038 2889 1209 2924 etenzm
1243 2877 1380 2923 sieczs
1413 2892 1568 2922 nooeza
1602 2875 1744 2922 turba
1777 2891 1955 2922 samus.

461 2962 606 3005 Porro
638 2958 758 3003 hanc
785 2959 926 3003 vitam
959 2955 1154 3001 Gradius
1186 2970 1308 3000 anno
1341 2954 1595 3000 doctissimi
1628 2954 1716 2998 viri
1750 2953 2089 3015 septuagesimo
2122 2959 2252 2998 sexto
2286 2947 2545 3003 scribebat,
2573 2947 2620 2994 id
2646 2956 2713 2995 est

462 3037 702 3098 septennio
734 3043 838 3080 ante
872 3034 969 3079 eius
1006 3032 1211 3086 obitum,
1240 3041 1290 3078 ut
1320 3032 1441 3078 infra
1471 3047 1520 3077 n.
1557 3032 1631 3077 12.
1668 3024 1835 3077 Utrum
1866 3045 1979 3076 vero
2012 3044 2114 3075 eam
2148 3028 2487 3079 continuaverit
2518 3041 2601 3071 nec
2628 3041 2709 3079 ne,

463 3115 553 3159 alio
589 3113 781 3159 fortasse
807 3120 1015 3172 tempore
1041 3108 1292 3155 constabit:
1322 3109 1509 3155 interim
1540 3107 1729 3169 grandis
1760 3106 1967 3153 defectus
1991 3114 2086 3158 est,
2116 3119 2257 3166 quem
2290 3110 2516 3148 testantur
2549 3102 2707 3152 in‘ms.

462 3189 772 3236 vallicelliano
806 3187 1048 3247 Augustini
1082 3187 1283 3231 Mariotti
1321 3184 1464 3232 verba
1499 3181 1817 3231 inscribentis:
1855 3182 2147 3243 Fragmenta
2180 3178 2419 3242 quaedam
2455 3177 2512 3222 de
2544 3172 2718 3237 Allatas

463 3265 579 3310 vita.
617 3267 817 3326 Reapse,
856 3271 1038 3325 praeter
1077 3262 1231 3308 Gradii
1268 3262 1671 3314 lucubrationem,
1708 3274 1871 3320 magna
1905 3266 1975 3304 est
2014 3257 2110 3302 illic
2145 3256 2328 3318 farrago
2367 3255 2628 3315 elogiorum
2652 3254 2713 3304 ‚in

464 3342 687 3387 Allatium
722 3350 814 3386 tam
855 3342 1007 3387 vincta
1042 3355 1180 3401 quam
1221 3340 1372 3385 soluta
1413 3339 1651 3390 oratione,
1690 3337 2024 3398 diplomatum,
2061 3333 2389 3396 epistolarum,
2425 3331 2715 3385 testimonio-

465 3433 571 3464 rum
606 3426 694 3463 etc.
730 3433 835 3463 cum
865 3419 1009 3479 ipsius
1043 3418 1209 3463 Leonis
1243 3417 1472 3478 supremis
1503 3413 1688 3461 tabulis.
1726 3414 1784 3459 Et
1816 3411 2008 3474 quidem
2038 3410 2166 3456 aliud
2198 3409 2364 3462 doleo,
2391 3407 2520 3469 quod
2547 3422 2715 3468 nempe

466 3495 671 3555 Pompeii
701 3494 1056 3555 Compagnonii,
1086 3494 1339 3540 doctissimi
1365 3492 1594 3555 episcopi,
1622 3506 1740 3553 opus
1764 3505 1866 3536 cum
1902 3488 2040 3534 titulo
2059 3485 2341 3536 Allatiana,
2371 3487 2419 3530 in
2445 3483 2715 3530 vallicellia-

468 3573 538 3617 nis
566 3571 744 3617 schedis
772 3571 1077 3632 appellatum,
1107 3587 1334 3633 nusquam
1361 3578 1573 3633 apparet:
1602 3570 1650 3614 in
1681 3583 1777 3630 quo
1801 3554 1958 3612 Allatii
1984 3565 2133 3617 dicta,
2162 3572 2309 3625 gesta,
2336 3571 2383 3609 et
2413 3559 2716 3607 memoranda

467 3662 702 3710 quaeque,
732 3663 837 3692 cum
873 3646 1103 3692 librorum
1139 3663 1332 3694 censura
1368 3648 1570 3723 extitisse
1604 3653 1736 3707 puto.
1774 3646 1930 3696 Nunc,
1958 3641 2086 3687 omni
2120 3656 2203 3702 per
2237 3647 2306 3685 tot
2337 3615 2639 3684 monumenta
2672 3645 2715 3682 et

469 3724 687 3785 reliquias
719 3724 959 3784 xagatione
999 3724 1189 3777 omissa,
1227 3739 1346 3785 quae
1388 3724 1480 3769 mei
1518 3723 1600 3768 otii
1635 3736 1729 3766 non
1771 3728 1864 3771 est,
1901 3718 1960 3764 ad
1994 3716 2150 3764 Gradii
2185 3716 2410 3777 scriptum
2448 3709 2713 3767 veniamus,

468 3801 599 3862 quod
625 3799 943 3862 compluribus
967 3801 1262 3861 magnisque,
1285 3801 1429 3862 ipsius
1450 3799 1606 3847 Allatii
1630 3813 1794 3851 manu,
1817 3793 2140 3843 additamentis
2164 3792 2388 3840 refertum
2415 3790 2711 3851 conspicitur.
