2970 4420
498 272 590 318 546
956 320 958 323 ,
2052 312 2054 317 ,

494 352 605 391 data.
639 352 695 391 Et
724 362 794 390 nos
823 348 981 401 quidem
1010 347 1062 388 ab
1092 347 1296 388 Aldoe'nsis
1325 357 1441 397 opere
1473 349 1576 398 typis
1606 345 1818 397 tradendo,
1845 347 1965 387 moles
1993 350 2081 400 ipsa
2109 349 2280 392 deterret
2286 367 2303 403 ,·
2335 352 2439 393 nihil
2466 356 2594 394 tamen
2623 358 2748 406 vetat,

490 425 699 474 quominus
729 421 848 461 huius
878 424 1031 460 tenuem
1059 419 1197 458 saltem
1227 419 1439 468 imaqinem
1469 416 1723 458 delineemus.

612 493 769 532 Etenim
790 494 917 543 operis
941 490 1123 542 partium
1146 488 1298 538 decem,
1326 491 1372 527 ut
1393 487 1590 538 diximus,
1618 490 1660 527 in
1678 488 1821 539 plures
1839 500 2097 541 unaquaeque
2119 493 2304 532 tractatus
2322 494 2607 546 subdividitur,
2634 495 2755 547 hique

490 576 633 618 rursus
655 567 697 604 in
719 566 927 613 sectiones,·
957 565 1139 611 tantaque
1159 563 1216 599 est
1235 562 1459 610 arqumcnti
1481 559 1747 610 abundantia,
1775 564 1812 600 et
1842 564 1921 600 tam
1941 563 2095 612 copiosa
2116 564 2316 613 tractatio,
2344 569 2388 604 ut
2406 566 2509 606 nihil
2529 567 2604 606 hac
2630 579 2751 619 super

492 647 538 674 re
567 635 759 690 indictum
791 635 1055 684 relinquatur.
1089 631 1127 670 J.
1156 642 1257 682 pars
1289 630 1338 670 (le
1367 632 1485 670 missa
1505 629 1598 680 fere
1626 631 1866 682 qeneratim,
1892 631 1939 671 id
1965 635 2024 671 est
2051 631 2099 671 de
2129 634 2213 672 eius
2235 635 2474 686 nominibus,
2500 637 2741 688 definitione,

488 706 678 759 partibus
708 710 781 745 etc.
816 705 878 744 II.
913 704 973 742 De
997 703 1078 742 loco
1108 704 1355 742 conveniente
1377 701 1633 741 celebrandae
1663 704 1824 753 missae,
1852 702 1899 742 id
1926 707 1985 742 est
2012 703 2061 742 de
2086 704 2278 756 ecclesiis,
2306 716 2516 758 earumque
2539 709 2746 759 partibus,

492 778 713 828 altaribus,
742 774 985 827 supellectile
1015 777 1088 813 etc.
1121 773 1209 813 III.
1234 772 1282 812 de
1302 772 1500 812 sacerdote
1521 775 1660 831 missae
1682 775 1882 824 ministro,
1911 777 1951 814 et
1978 774 2027 813 de
2049 775 2259 815 sacerdotii
2279 776 2501 828 qradibus,
2518 779 2657 829 officiis
2678 785 2752 821 etc.

498 850 574 889 IV.
608 849 668 887 De
700 847 1011 899 praeparatione
1045 844 1293 895 sacerdotum¹
1325 844 1379 883 ad
1413 843 1592 895 missam,
1629 844 1801 884 vestibus
1830 848 1904 885 etc.
1943 846 1988 885 V.
2022 845 2278 897 Sinqillatim‘
2299 847 2347 886 de
2382 850 2520 887 missac
2551 851 2755 900 partibus.

502 921 572 960 VI.
607 919 747 960 Adhuc
769 918 817 956 de
838 917 1000 967 reliquis
1015 916 1169 955 missae
1194 916 1396 967 partibus.
1430 916 1630 955 Hactenus
1651 915 1776 955 codex
1808 916 1969 957 latinus.
2003 917 2054 957 In
2077 917 2314 957 carsciunico
2336 923 2487 969 autem,
2514 924 2632 970 parte
2656 901 2714 961 VI
2716 922 2738 960 I
2741 951 2756 960 ..

490 990 715 1043 prosecutio
736 992 793 1028 est
813 987 964 1027 ordinis
984 989 1145 1037 missae,
1171 987 1338 1036 scilicet,
1366 986 1416 1026 de
1437 998 1533 1038 pace
1554 986 1705 1037 danda,
1734 989 1772 1026 et
1793 986 1842 1026 de
1863 987 2004 1027 altaris
2022 988 2234 1040 velamine,
2261 1000 2329 1029 nec
2348 1001 2426 1029 non
2450 992 2649 1041 apertione
2670 974 2722 1030 mi
2736 1014 2762 1021 -

497 1064 720 1102 steriorum.
750 1059 869 1099 VIII.
895 1057 943 1097 de
966 1058 1248 1097 consecratione
1277 1059 1530 1108 sacramenti,
1555 1057 1662 1108 quod
1681 1061 1739 1097 est
1763 1057 1975 1098 secundum
1995 1059 2135 1099 missae
2155 1063 2409 1111 seqmentum.
2442 1061 2519 1101 IX.
2552 1061 2600 1100 de
2619 1062 2760 1113 siqua-

497 1133 584 1172 culo
614 1130 741 1170 crucis
770 1141 889 1181 super
904 1177 906 1181 ι
924 1129 1105 1179 calicem,
1143 1127 1191 1167 de
1221 1129 1396 1168 oratione
1426 1127 1642 1178 dominica,
1678 1131 1717 1168 et
1745 1130 1979 1170 sacramenti
2009 1129 2239 1171 elevatione.
2274 1132 2326 1171 Χ.
2359 1131 2407 1170 de
2434 1129 2632 1182 fractione
2661 1144 2755 1183 spe-

492 1206 642 1243 cierum
664 1203 806 1253 panis,
835 1203 875 1240 et
891 1202 1113 1252 aspersione
1137 1199 1389 1239 sacratissimi
1407 1201 1612 1251 sanquinis
1633 1211 1754 1251 super
1773 1200 1888 1251 illas,
1916 1204 1955 1240 et
1976 1200 2025 1240 de
2043 1203 2276 1241 sacramenti
2297 1202 2523 1242 diribitione
2542 1202 2749 1253 fidelibus.

612 1273 700 1312 Iam
730 1283 821 1312 vero
851 1274 892 1311 in
924 1274 1092 1310 tractatu
1123 1274 1203 1311 tam
1232 1271 1374 1321 ubere,
1408 1271 1534 1311 multa
1564 1282 1644 1310 esse
1676 1271 1776 1311 bona
1805 1275 1844 1311 et
1872 1272 2011 1323 utilia,
2040 1276 2078 1312 et
2107 1272 2338 1324 quandoque
2368 1275 2484 1313 etiam
2508 1276 2747 1325 pereqrina,

494 1345 583 1398 qais
613 1344 794 1384 dubitet?
824 1343 874 1383 In
897 1344 1043 1394 primis
1073 1345 1291 1382 testimonia
1321 1342 1541 1382 clarissima
1566 1342 1615 1382 de
1638 1341 1784 1382 Christi
1813 1353 1975 1395 corpore
2004 1345 2047 1383 in
2072 1343 2311 1384 eucharistia
2334 1348 2564 1398 praesente,
2591 1348 2630 1384 et
2651 1345 2759 1396 quod

499 1416 645 1457 Christi
673 1415 798 1466 ipsius
828 1414 1064 1454 institutoris
1085 1413 1215 1453 verbis
1233 1415 1316 1464 fiat
1333 1416 1583 1454 consecratio.
1618 1414 1718 1453 Item
1739 1414 1789 1454 de
1812 1415 1927 1454 Petri
1953 1417 1993 1453 et
2015 1416 2167 1454 romani
2188 1415 2390 1466 Pontificis
2412 1417 2611 1466 primatu,
2641 1404 2758 1466 quem

449 1528 451 1530 s
493 1490 655 1529 summis
676 1487 830 1528 viribus
848 1489 1101 1537 propuqnat,
1128 1489 1167 1526 et
1188 1486 1243 1526 ad
1259 1488 1483 1525 universam
1506 1486 1727 1536 ecclesiam,
1754 1489 1878 1537 prout
1899 1487 1943 1525 in
1956 1486 2169 1537 florentino
2189 1488 2429 1526 oecumenico
2450 1486 2651 1537 definitum
2674 1490 2750 1536 est,

496 1560 690 1601 eoetendit.
724 1558 842 1611 (Par
872 1569 968 1609 crqa
991 1558 1104 1597 Petri
1132 1569 1386 1597 successorem
1408 1558 1622 1608 profitetur
1642 1557 1869 1609 obsequium
1890 1559 2007 1597 ctiam
2030 1561 2167 1596 auctor
2196 1557 2290 1596 libri
2309 1569 2382 1597 ms.
2405 1569 2519 1608 quem
2542 1570 2644 1609 prae
2674 1570 2761 1598 ma·
2782 1568 2793 1581 ⁴

496 1633 612 1673 nibus
641 1631 786 1680 habea,
816 1632 1146 1670 caerimoniarum
1175 1629 1359 1679 ecclesiae
1389 1631 1662 1678 maroniticae‚
1688 1624 1759 1668 ubi
1786 1631 1830 1668 in
1853 1629 2021 1681 proloqo
2041 1629 2189 1669 dicitur
2214 1630 2318 1668 Deus
2339 1623 2529 1679 fundasse
2559 1629 2756 1669 ecclesiam

497 1716 544 1744 ac
573 1703 806 1743 stabilivisse
835 1712 958 1754 supra
987 1704 1146 1753 petram
1178 1700 1279 1752 fidei
1308 1701 1476 1752 Petri.)
1505 1699 1657 1740 Deinde
1687 1699 1736 1739 de
1768 1700 2048 1751 patriarchatu
2079 1699 2306 1740 antiocheno
2337 1702 2421 1751 aqit
2449 1699 2676 1751 Aldoe'nsis5
2708 1701 2759 1740 de

495 1788 550 1815 ss.
582 1775 801 1825 imaqinum
828 1773 1102 1823 veneratione;
1135 1771 1184 1811 de
1213 1771 1384 1811 vestibus
1412 1774 1530 1823 atque
1559 1771 1761 1811 ornatibus
1785 1770 2079 1822 pontificalibus
2108 1774 2181 1810 etc.
2215 1772 2416 1811 Postremo
2451 1771 2600 1822 copiose
2633 1770 2757 1813 disse-

498 1847 603 1885 ritur
632 1844 681 1884 de
712 1845 896 1895 trisaqio,
934 1843 1047 1883 cuius
1077 1843 1196 1883 etiam.
1226 1843 1377 1884 celebre
1408 1842 1720 1882 additamentum
1750 1842 1824 1895 qui
1862 1839 2086 1883 crucifixus
2124 1853 2168 1882 es
2204 1852 2283 1895 pro
2322 1839 2471 1893 nobis,
2509 1844 2551 1881 in
2589 1841 2759 1881 ecclesiis

497 1915 755 1956 orientalibus
774 1915 894 1965 vulqo
925 1918 1181 1966 usurpatum,
1210 1913 1416 1954 Aldoe'nsis
1446 1917 1604 1964 tuetur;
1625 1925 1702 1953 non
1724 1913 1779 1952 ad
1800 1913 2030 1953 Trinitatem
2053 1917 2180 1952 tamen
2203 1913 2388 1963 relatum,
2417 1912 2488 1952 sed
2507 1913 2563 1952 ad
2580 1912 2756 1963 Filium,-

498 1990 615 2027 immo
644 1998 722 2026 non
745 1986 1056 2026 additamentum
1079 1985 1365 2036 tantummodo,
1392 1984 1463 2024 sed
1487 1986 1698 2036 trisaqium
1728 1988 1870 2035 totum,
1899 1984 1953 2024 ad
1980 1985 2105 2024 solum
2132 1984 2282 2024 Filium
2312 1983 2362 2023 ab
2395 1983 2662 2023 Orientalibus
2691 1995 2757 2022 re-

494 2057 606 2109 ferri
633 2060 774 2109 narrat
781 2072 797 2108 ,-
829 2068 938 2097 secus
967 2069 1059 2097 vero
1089 2069 1115 2096 a
1153 2056 1311 2096 Graecis
1346 2059 1385 2096 et
1416 2055 1754 2106 occidentalibus,
1789 2058 1927 2095 omisso
1964 2067 2117 2106 semper
2133 2055 2436 2104 ⁴additamento,
2472 2054 2517 2094 id
2544 2054 2598 2094 ad
2629 2047 2757 2095 ‘solam

501 2130 729 2169 Trinitatem
760 2125 905 2178 referri
932 2127 1083 2167 solere:
1114 2139 1194 2178 qua
1223 2126 1470 2166 distinctione
1500 2126 1703 2177 adhibita,
1733 2137 1875 2178 pacem
1907 2126 2158 2165 ecclesiarum
2191 2127 2296 2164 circa
2327 2124 2427 2164 hanc
2459 2126 2758 2164 controversiam

498 2199 700 2238 conciliari
722 2210 838 2249 posse
858 2198 1023 2237 iudicat.
1058 2197 1223 2237 Interim
1245 2209 1324 2248 pro
1348 2198 1422 2237 illa
1442 2197 1584 2237 ultima
1604 2196 1810 2247 particula
1832 2195 1992 2249 profert
2014 2196 2233 2235 testimonia
2264 2196 2301 2235 l.
2324 2194 2558 2246 Ephraemii
2583 2197 2760 2248 patriar-

498 2268 593 2323 chae
621 2269 858 2310 antiocheni.
894 2269 936 2308 2.
959 2268 1147 2308 Iohannis
1175 2269 1351 2308 Maronis
1376 2270 1468 2307 item
1488 2266 1748 2318 patriarchae
1776 2265 2011 2307 antiocheni.
2046 2266 2088 2306 3.
2113 2266 2295 2317 Dionysii
2318 2264 2520 2304 Barsalibi
2549 2265 2765 2311 amiclensis,

499 2342 684 2393 episcopi.
719 2340 762 2380 4.
799 2329 965 2380 Concilii
999 2339 1278 2379 Armeniorum
1313 2341 1510 2379 tarsensis.
1555 2339 1598 2379 5.
1630 2338 1838 2378 Librorum
1877 2338 2165 2389 liturqicorum.
2211 2336 2396 2376 Concedit
2433 2341 2560 2376 tamen
2593 2338 2759 2376 Petrum

500 2412 710 2453 Fullonem
738 2423 852 2451 sensu
882 2411 1076 2450 haeretico
1107 2411 1220 2450 illam
1250 2410 1469 2450 clausulam
1499 2421 1733 2461 usurpasse‚·
1767 2412 1882 2460 atque
1917 2408 2007 2448 hinc
2042 2411 2170 2447 ortum
2207 2411 2328 2447 totum
2358 2407 2442 2446 eius
2472 2410 2531 2446 rei
2559 2407 2693 2446 odium
2723 2412 2762 2447 et

498 2484 832 2535 disceptationem.
855 2484 975 2522 'Haec
1004 2483 1052 2522 de
1075 2482 1310 2534 patriarcha
1339 2483 1647 2522 Maronitarum.
1679 2482 1816 2522 Alium
1846 2492 1938 2520 vero
1968 2492 2089 2531 aeque
2123 2479 2318 2531 inqentem
2351 2481 2668 2533 commentarium
2705 2480 2759 2519 li-

500 2555 699 2605 turqicum
726 2556 899 2594 Nersetis
930 2554 1217 2605 lamprunensis
1243 2554 1518 2592 Armeniorum
1542 2552 1696 2592 saeculo
1724 2551 1951 2591 duodecimo
1976 2550 2167 2602 episcopi,
2195 2550 2340 2590 latinae
2369 2552 2459 2589 item
2487 2538 2668 2591 ccclesiae
2698 2562 2762 2590 re-

498 2626 779 2675 verentissimi,
817 2626 896 2664 alio
926 2637 995 2664 nos
1025 2629 1195 2676 tempore
1215 2622 1387 2673 fortasse
1417 2635 1671 2675 exponemus.

617 2697 850 2737 Notissimus
880 2700 936 2736 est
966 2708 1087 2735 canon
1119 2694 1192 2735 44.
1217 2695 1403 2734 nicaenus
1432 2695 1635 2745 arabicus,
1664 2696 1775 2733 cuius
1805 2694 2026 2733 clausulam
2055 2692 2104 2732 de
2135 2693 2290 2732 romani
2309 2693 2509 2742 Pontificis
2530 2694 2764 2732 auctoritate

433 2806 439 2813 .
497 2780 620 2819 supra
650 2779 779 2807 omnes
810 2769 926 2807 etiam
955 2766 1225 2818 patriarchas,
1246 2776 1394 2817 ponam
1423 2769 1604 2804 accurate
1628 2765 1857 2805 translatam
1888 2777 1941 2804 eat
1969 2764 2126 2803 arabico
2157 2767 2291 2812 textu,
2321 2774 2436 2814 quem
2459 2765 2598 2803 recitat
2624 2767 2762 2815 coptus

498 2839 760 2890 Ben-Assali,
790 2839 938 2879 saeculi
967 2838 1092 2878 XIII.
1119 2837 1388 2893 monophysita
1417 2840 1574 2887 auctor,
1605 2838 1648 2876 in
1677 2836 1807 2876 codice
1837 2835 1997 2875 arabico
2025 2835 2203 2874 vaticano
2241 2834 2343 2886 151,
2371 2834 2440 2873 ubi
2469 2835 2553 2873 eius
2574 2837 2763 2877 tractatus

498 2910 705 2950 canonicus
737 2910 900 2962 leqitur.
935 2910 976 2948 Is
1006 2921 1099 2960 erqo
1130 2911 1173 2948 in
1192 2912 1311 2960 parte
1342 2908 1379 2948 l.
1406 2919 1493 2959 cap.
1522 2907 1566 2948 4.
1592 2910 1801 2959 postquam
1832 2907 1959 2958 dixit,
1983 2908 2183 2958 primum,
2210 2906 2329 2945 immo
2353 2908 2390 2944 et
2416 2908 2552 2956 caput,
2584 2907 2768 2961 patriar-x
2820 2917 2829 2924 ’

498 2981 662 3021 charum
692 2993 771 3020 esse
802 2992 1027 3030 romanum,
1058 2980 1201 3019 diserte
1216 2979 1390 3018 scribit:
1419 2996 1434 3013 ι
1460 2979 1562 3018 sicut
1584 2977 1821 3030 patriarcha
1851 2979 2015 3029 imperio
2036 2981 2075 3016 et
2094 2979 2327 3017 auctoritate
2353 2988 2450 3026 erqa
2469 2975 2546 3015 sibi
2571 2976 2765 3016 subiectos

506 3070 521 3086 »
553 3053 766 3104 praeditus
793 3056 867 3102 est,
895 3052 953 3091 ita
975 3052 1117 3091 Romae
1139 3052 1313 3090 Domnus
1333 3052 1562 3090 auctoritate
1585 3062 1680 3101 crya
1702 3061 1831 3089 omnes
1847 3047 2100 3100 patriarchas
2114 3047 2267 3099 pollet:
2293 3046 2477 3098 quoniam
2498 3048 2581 3097 ipse
2607 3049 2764 3098 primus

506 3141 521 3157 ι
557 3128 635 3174 est,
674 3128 872 3175 tamquam
904 3124 1073 3172 Petrus,·
1107 3125 1297 3175 quatenus
1326 3121 1390 3161 hic
1417 3121 1601 3161 videlicet
1630 3120 1862 3160 auctoritate
1896 3131 2015 3170 super
2050 3130 2181 3158 omnes
2216 3118 2524 3158 Christianitatis
2552 3117 2763 3168 praesules

505 3213 521 3228 ι»
549 3194 790 3246 fruebatur,
821 3198 859 3234 et
888 3207 984 3245 erqa
1013 3194 1328 3244 multitudinem,
1356 3205 1409 3232 ex
1435 3204 1514 3244 qua
1544 3193 1618 3232 illa
1647 3192 1864 3243 conflatur:
1889 3195 2022 3242 utpote
2049 3190 2196 3231 Christi
2220 3189 2371 3229 domini
2393 3189 2520 3228 nostri
2542 3200 2753 3239 successor,

500 3282 522 3300 ω
550 3267 704 3318 populo
728 3267 814 3306 eius
836 3267 1081 3317 ecclesiisque
1106 3267 1375 3317 praepositus.
1407 3282 1423 3299 n
1452 3264 1538 3316 (Et
1558 3266 1613 3303 sic
1638 3264 1712 3303 Leo
1734 3267 1864 3303 noster
1882 3274 2048 3314 maanus
2069 3274 2186 3302 serm.
2213 3262 2239 3301 I
2246 3263 2288 3302 V.
2316 3261 2363 3301 2:
2396 3278 2412 3294 «
2441 3262 2595 3301 Petrus
2616 3256 2763 3299 cunctis

499 3338 679 3377 ecclesiae
704 3327 889 3388 patribus
909 3339 1175 3388 praepositus.
1208 3354 1224 3369 »
1255 3337 1311 3376 Et
1339 3336 1427 3376 Ioh.
1459 3335 1712 3375 caesariensis
1731 3331 1782 3374 ‘in
1809 3334 1957 3373 inedito
1987 3346 2104 3385 opere
2133 3334 2181 3372 de
2209 3345 2318 3374 conc.
2346 3332 2472 3372 chalc.
2507 3332 2604 3371 dicit
2633 3320 2759 3381 ipsum

500 3408 660 3447 Leonem
687 3412 807 3459 caput
828 3407 1142 3466 cpiscoporum.)
1174 3407 1259 3456 Quo
1283 3419 1427 3447 canone
1451 3411 1542 3460 post
1566 3410 1720 3458 coptum
1740 3406 1984 3445 Ben-Assali
2004 3418 2097 3445 usus
2120 3410 2178 3445 est
2200 3409 2317 3444 etiam
2342 3406 2538 3445 Naironus
2566 3404 2761 3441 maronita

500 3481 542 3518 in
572 3481 726 3530 evoplia
750 3492 798 3531 p.
836 3479 946 3532 276,
978 3484 1017 3519 et
1047 3479 1148 3520 293.
1183 3480 1354 3521 Praeter
1382 3480 1457 3519 illa
1486 3491 1586 3531 quae
1616 3478 1665 3518 de
1688 3479 1871 3533 primatu
1902 3489 2060 3517 romano
2091 3477 2309 3528 disputavit
2335 3477 2437 3516 alter
2466 3474 2597 3513 clarus
2626 3484 2786 3528 maro-V

501 3551 606 3598 nita,
631 3549 880 3589 Abrahamus
911 3550 1194 3600 Ecchellensis,
1223 3550 1266 3589 in
1298 3553 1466 3589 tractatu
1495 3549 1544 3589 de
1571 3551 1723 3601 oriqine
1752 3548 1919 3589 nominis
1945 3541 2101 3599 Papae.
2133 3547 2247 3588 Adde
2275 3547 2328 3586 sis
2355 3545 2457 3596 quae
2485 3543 2527 3583 S.
2554 3543 2761 3582 Anselmus

506 3618 671 3659 lucensis
693 3619 930 3670 amplissime
951 3620 1000 3659 de
1022 3620 1096 3659 hac
1115 3633 1158 3660 re
1179 3620 1318 3660 scribit
1338 3620 1410 3660 lib.
1435 3620 1474 3659 I.
1502 3624 1541 3659 et
1559 3620 1622 3660 II.
1648 3622 1691 3659 in
1711 3631 1784 3659 sua
1814 3619 2037 3659 collectione
2059 3621 2264 3667 canonica,
2294 3617 2404 3654 cuius
2425 3625 2494 3652 nos
2524 3614 2657 3652 titulos
2677 3613 2760 3652 edi-

502 3688 645 3728 dimus.
672 3689 786 3728 Adde
807 3692 896 3730 item
916 3692 993 3730 duo
1013 3703 1115 3731 nova
1136 3691 1354 3731 testimonia
1374 3694 1414 3730 in
1437 3693 1577 3730 nostris
1599 3691 1811 3742 Auqustini
1831 3690 2073 3729 sermonibus
2092 3687 2284 3727 vaticanis
2304 3685 2397 3725 LII.
2428 3685 2465 3734 1,
2484 3688 2522 3723 et
2540 3685 2662 3724 CXX.
2688 3684 2756 3723 13.

504 3759 682 3810 Denique
703 3762 824 3800 casin.
844 3764 1073 3811 parisiensis
1093 3774 1218 3802 sermo
1239 3762 1409 3812 XXIII,
1432 3764 1501 3813 qui
1520 3774 1545 3800 a
1565 3762 1674 3801 nobis
1696 3762 1789 3801 item
1812 3763 1853 3800 in
1875 3760 1962 3800 cod.
1984 3764 2064 3799 vat.
2084 3758 2202 3798 ottob.
2220 3756 2321 3797 977.
2339 3755 2380 3807 s.
2409 3755 2509 3796 262.
2531 3755 2755 3809 lcqebatur‚

502 3833 559 3874 ita
588 3830 849 3871 concluditur.
880 3848 895 3864 «ι
928 3832 1192 3872 Communicet
1223 3834 1367 3883 Petro,
1399 3833 1470 3884 qui
1496 3833 1584 3872 vult
1605 3836 1762 3882 partem
1793 3831 1936 3870 habere
1964 3840 2052 3869 cum
2085 3827 2253 3868 Christo.
2286 3845 2303 3861 υ
