2970 4380
1352 282 1518 322 1111111111.

379 374 514 422 ‘dorice
545 386 648 415 sacra
671 376 856 415 interdicit
880 387 916 425 p.
942 379 1025 414 284.
1052 386 1129 424 seq.
1157 371 1403 424 Theophilum

325 435 329 444 “
384 447 422 481 et
437 437 634 476 Arsacium
661 435 810 484 deponit
834 449 869 487 p.
896 442 981 478 285.
997 437 1085 476 Eius
1108 438 1250 476 litterae
1268 449 1304 486 p.
1320 441 1402 476 269.

381 504 464 538 284.
488 503 569 536 289.

317 559 515 606 inscriptio
544 557 739 595 christiana
763 557 1040 595 collectionibus
1061 555 1230 594 addenda
1258 567 1293 603 p.
1320 560 1379 594 88.

314 617 432 655 'iebus
454 628 500 654 an
527 617 630 663 regni
652 617 835 654 caelorum
860 617 991 654 notitia
1018 615 1250 654 illuminatus
1268 626 1303 663 p.
1322 616 1419 653 ‘flos

391 676 559 714 Eiusdem
579 676 758 724 interpres
775 681 876 714 vetus
893 677 1035 722 integer
1050 674 1212 713 ineditus
1224 702 1235 720 ‚
1255 674 1403 713 ibidem.

317 728 501 775 Tlohannes
516 736 676 784 Baptista
694 735 814 783 pictus
831 745 916 773 cum
941 740 1084 783 petaso,
1099 739 1136 772 et
1153 745 1237 772 cum
1261 734 1406 782 gemina

390 795 428 832 in
454 805 567 832 manu
595 804 702 832 cruce
727 795 783 832 vel
810 794 994 832 volumine
1020 805 1055 841 p.
1079 793 1219 830 XLIII.

315 854 503 892 ’Iohannes
520 854 802 904 chrysostomus
830 858 940 891 natus
963 863 1005 890 ex
1028 852 1183 890 ethnicis
1203 852 1410 900 baptizatur

391 924 413 951 a
431 911 594 951 Baetano
607 912 808 958 amidensi,
829 913 1020 952 ordinatur
1039 913 1155 951 lector
1176 923 1196 949 a
1212 912 1409 949 Poemenio

390 972 610 1010 antiocheno
633 983 670 1020 p.
687 976 770 1010 265.
795 972 940 1011 Secedit
958 972 1000 1010 in
1026 977 1168 1009 montes
1191 981 1227 1018 p.
1249 974 1331 1008 266.
1349 970 1410 1017 Fit

388 1031 587 1077 diaeonus,
615 1031 823 1081 presbyter,
844 1033 1034 1081 episcopus
1058 1041 1093 1079 p.
1117 1033 1200 1068 266.
1219 1033 1302 1067 267.
1318 1030 1408 1067 Eius

390 1082 533 1129 inimici
563 1091 790 1139 Theophilus
803 1119 814 1137 ,
839 1091 1052 1129 Severianus
1069 1119 1079 1137 ‚
1107 1091 1286 1134 Aeacius,
1317 1090 1408 1127 Por·

390 1150 544 1199 phyrius
574 1162 611 1198 p.
637 1154 720 1194 267,
748 1156 785 1187 01
807 1150 971 1188 Eudoxia
1000 1161 1038 1198 p.
1063 1153 1147 1194 274,
1175 1148 1234 1186 001
1258 1149 1408 1186 ianuam

392 1208 568 1246 ecclesiae
592 1205 755 1247 occludit
777 1220 813 1257 p.
833 1213 915 1248 275.
935 1211 1073 1261 Causae
1094 1207 1307 1246 inimicitiae
1323 1218 1409 1245 cum

391 1268 599 1316 Theophilo
627 1279 664 1315 p.
694 1271 777 1305 267.
805 1268 1055 1307 concionandi
1080 1267 1229 1307 libertas
1261 1279 1297 1316 p.
1324 1271 1407 1305 276.

392 1329 478 1367 Non
498 1326 663 1364 defendit
679 1337 719 1365 se
741 1328 781 1364 in
806 1327 944 1365 iudicio
965 1339 1003 1375 p.
1023 1331 1104 1364 281.
1133 1326 1349 1365 Incendium
1366 1338 1410 1365 eo

383 1385 605 1437 *discedente
626 1397 662 1434 p.
689 1389 771 1423 282.
788 1382 897 1424 Ὓίεἰο
917 1391 1001 1424 311ῑο
1022 1387 1102 1424 eius
1116 1386 1257 1424 obitum
1273 1397 1308 1434 p.
1327 1390 1407 1426 283.

391 1445 549 1483 Moritur
572 1446 633 1493 pie
657 1445 699 1482 iu
724 1438 831 1482 exilio
857 1456 893 1493 p.
920 1450 1002 1483 284.

316 1501 507 1544 iohannes
534 1505 879 1555 hierosolymitanus
905 1504 1200 1553 reprehenditur,
1217 1505 1280 1553 qui
1297 1511 1411 1543 marte

394 1567 542 1615 proprio
567 1566 833 1614 processionem
848 1559 1016 1614 ispiritus
1039 1565 1156 1603 sancti
1180 1564 1270 1603 dixit
1295 1577 1315 1602 3
1332 1565 1410 1602 solo

394 1631 496 1674 patre
521 1636 559 1673 p.
584 1629 667 1662 114.

330 1686 513 1723 Iohannes
537 1683 759 1722 iconoclasta
784 1682 905 1721 dictus
931 1683 1190 1732 grammaticus
1211 1688 1249 1720 et
1271 1683 1412 1722 10011110-

396 1745 532 1783 mantis
560 1755 596 1792 p.
624 1747 705 1782 326.

327 1806 510 1843 lohannes
533 1805 674 1842 siculus
702 1804 941 1842 scholasticus
970 1815 1006 1852 p.
1031 1808 1113 1841 522.

321 1866 486 1903 iohanni
502 1866 690 1902 comneno
717 1863 805 1911 imp.
831 1866 921 1912 quot
937 1865 1063 1912 populi
1089 1863 1250 1908 subditi,
1270 1863 1326 1902 vel
1343 1861 1413 1900 sal-

393 1930 476 1961 10111
499 1922 646 1961 obnoxii
670 1933 707 1970 p.
730 1926 812 1960 399.
828 1923 919 1961 Eius
935 1933 993 1961 res
1016 1929 1137 1970 gestae
1164 1922 1392 1961 celebrantur

403 1992 425 2019 a
452 1981 648 2019 Theodoro
673 1981 874 2020 Prodro'mo
897 1982 1127 2032 poEmau'bus
1153 1985 1290 2031 septem
1313 1993 1415 2020 nunc

397 2040 560 2087 primum
585 2036 694 2078 editis
716 2051 754 2088 p.
772 2045 852 2078 399.
872 2052 972 2090 seqq.
991 2042 1081 2079 Eius
1098 2042 1181 2089 pius
1206 2041 1415 2088 triumphus

398 2109 436 2144 p.
457 2102 539 2134 410.
566 2097 722 2141 (Confer
745 2100 1006 2147 Ephraemium
1023 2101 1149 2138 chron.
1165 2111 1199 2137 v.
1217 2103 1345 2144 3903.)

329 2153 505 2194 lobannis
525 2156 625 2194 Scoti
644 2156 804 2210 haeresis
819 2159 1018 2197 'manifesta
1037 2160 1132 2197 01103
1148 2160 1414 2198 Eucharistiam

396 2213 438 2255 in
465 2215 680 2263 paraphrasi
691 2216 835 2255 ‘inedita
858 2219 1027 2268 Dionysii
1047 2219 1093 2256 de
1113 2218 1259 2256 melesti
1276 2218 1415 2255 hierar-

398 2274 482 2312 chia
499 2286 535 2323 p.
554 2280 636 2313 450.
652 2276 756 2314 Idem
776 2276 907 2316 Scotus
930 2278 1065 2317 frustra
1082 2283 1280 2316 excusatur
1296 2289 1317 2315 a
1335 2277 1414 2314 1011.

390 2329 569 2379 *praesule
585 2333 840 2381 dunelmensi,
857 2336 1006 2376 ibidem.
1029 2337 1202 2389 Eiusdem
1221 2337 1418 2385 paraphra-

396 2390 447 2426 sis
470 2393 710 2438 Areopagitae
735 2393 781 2431 de
804 2396 893 2433 cael.
923 2395 1101 2434 hierarch.
1133 2396 1272 2434 inedita
1287 2424 1298 2441 ,
1323 2395 1415 2433 ibid.

332 2449 510 2494 Iosephus
541 2449 654 2488 frater
685 2444 866 2490 Theodori
903 2455 1068 2492 Studitae
1081 2482 1092 2499 ,
1122 2447 1418 2502 'archiepiscopus

397 2506 718 2546 thessalonicensis
744 2521 780 2556 p.
810 2515 891 2560 301.

322 2566 509 2614 'Iosephus
533 2566 701 2605 melodus
726 2568 765 2604 in
792 2568 873 2605 cod.
903 2573 972 2606 131.
1001 2580 1038 2617 p.
1071 2574 1151 2607 186.

332 2626 511 2674 Iosephus
538 2636 758 2664 oeconomus
786 2627 924 2675 nuptiis
951 2627 1179 2675 imperatoris
1203 2627 1418 2666 adulterinis

399 2683 585 2722 benedicit
612 2695 651 2732 p.
679 2688 761 2723 307.

332 2746 440 2782 Irene
466 2745 564 2782 bello
591 2746 848 2784 iconoclastico
875 2747 986 2785 finem
1013 2747 1169 2796 imponit
1192 2758 1228 2795 p.
1256 2741 1338 2784 297.

333 2802 499 2841 Isidorus
523 2804 578 2840 vir
602 2809 751 2843 sanctus
776 2796 823 2843 ab
849 2801 1050 2844 Athanasio
1076 2796 1265 2845 ordinatus
1282 2817 1318 2854 p.
1335 2809 1417 2844 267.

323 2861 466 2899 'ludam
483 2862 688 2910 prodidisse
704 2863 850 2902 ludaeis
864 2865 1112 2904 Eucharistiae
1127 2876 1316 2917 arcanum,
1329 2875 1421 2903 non-

404 2920 504 2959 nulli
521 2921 720 2967 opinantur
731 2932 768 2970 p.
780 2920 866 2960 570.
891 2923 1015 2967 (Adde
1029 2923 1087 2961 his
1102 2924 1420 2973 'Theopbylactum

402 2980 441 3016 in
470 2979 709 3026 explicatione
732 2974 923 3019 verborum
940 2982 1073 3020 Christi
1092 2983 1336 3020 consecrantis
1349 3010 1359 3027 ,
1379 2987 1422 3020 ut

400 3043 457 3075 est
471 3037 514 3077 in
538 3038 717 3077 catechesi
743 3051 870 3088 graeca
899 3051 933 3088 p.
950 3044 1051 3085 137.)
1066 3031 1232 3079 Eundem
1253 3042 1341 3079 item
1357 3043 1420 3078 lu-

402 3095 492 3133 ‹fam
523 3097 758 3143 participasse
787 3098 825 3135 in
853 3099 1049 3136 caenaculo
1075 3110 1104 3137 s.
1132 3100 1420 3145 Eucharistiam,

400 3153 551 3191 ibidem.
578 3155 762 3198 (Necnon
777 3155 911 3195 diserte
926 3157 1022 3205 apud
1039 3158 1284 3206 Augustinum
1301 3168 1419 3195 enarr.

393 3213 440 3250 ’111
469 3213 603 3260 psalm.
629 3215 679 3250 X.
712 3219 749 3259 6,
780 3220 817 3252 et
841 3217 988 3255 CXLII.
1024 3221 1079 3254 16.
1111 3216 1181 3254 Sed
1199 3215 1423 3254 ‘contradicit

398 3272 437 3308 S.
461 3271 688 3310 Athanasius
712 3273 752 3310 in
777 3278 834 3322 ep.
860 3274 942 3313 sest.
966 3270 1123 3319 V'll.'9.)

331 3388 479 3439 λατρεία
503 3391 627 3438 λογικνὶ
656 3401 838 3438 quaenam
860 3393 909 3428 sit
929 3402 965 3438 p.
991 3388 1071 3429 558.

328 3451 515 3487 ‘Lazorum
549 3449 743 3496 episcopus
767 3448 805 3484 in
830 3443 1000 3486 A'laniam
1022 3449 1071 3496 sel
1088 3446 1254 3487 obtrudit
1276 3460 1311 3498 p.
1341 3454 1421 3488 389.

405 3500 585 3555 indignos
608 3506 659 3543 ibi
686 3505 864 3553 plurimos
894 3504 1048 3555 indigno
1071 3503 1182 3544 modo
1210 3507 1298 3545 facit
1324 3517 1423 3555 pres-

403 3566 554 3615 'byteros
582 3575 616 3612 p.
645 3568 725 3601 390.

330 3625 412 3661 ‘Leo
438 3623 625 3661 armenius
656 3622 746 3670 imp.
778 3632 845 3659 cur
871 3620 992 3660 dictus
1027 3621 1129 3658 thrax
1157 3632 1192 3669 p.
1224 3625 1304 3659 324.
1336 3622 1424 3661 Eius

405 3684 555 3730 pessimi
582 3692 700 3719 mores
725 3686 762 3718 et
784 3679 924 3717 indoles
954 3683 1035 3717 326.
1057 3680 1254 3718 ¹Occiditur
1275 3691 1313 3729 p.
1341 3685 1421 3719 344.

341 3736 415 3775 [ιω
443 3741 601 3789 hypatus
628 3752 664 3789 p.
692 3743 772 3777 346.

340 3793 503 3833 Leonum
531 3796 688 3836 duorum
715 3799 784 3835 ΡΡ.
813 3796 962 3834 confusa
991 3796 1080 3834 festa
1104 3807 1139 3844 p.
1169 3795 1299 3833 XLIV.

339 3849 566 3896 linguarum
578 3856 718 3895 donum
731 3855 858 3894 datum
875 3855 1049 3903 apostolis
1061 3854 1167 3903 quale
1180 3853 1291 3892 fuerit
1300 3859 1420 3903 1:5⁷7.

444 3921 470 3949 R
1356 3925 1360 3929 .

2466 283 2562 333 595

1475 378 1643 417 Litaniae
1669 386 1841 420 romanae
1870 393 1906 431 p.
1939 385 2019 422 XL.

1475 438 1752 488 Longobardiae
1779 451 1840 479 rex
1868 448 1903 490 p.
1934 448 2015 482 307.

1477 556 1667 603 Magorum
1693 568 1742 595 ss.
1772 560 1887 606 patria
1911 506 2106 602 vemffim„
2130 577 2164 614 p.
2195 562 2374 606 XXXIII.

1480 613 1696 654 Marcianus
1723 620 1893 657 notarius
1919 626 1955 657 et
1983 624 2222 664 cancellarius
2238 628 2431 667 Iustiniani
2447 630 2536 678 imp.

1548 680 1673 712 narrat
1699 678 1914 726 martyrium
1941 690 1989 717 ss.
2009 682 2134 731 Ceryci
2161 689 2197 721 et
2222 686 2366 724 lulittae
2391 699 2426 735 p.
2457 694 2537 725 417.

1479 726 1638 769 Marium
1666 732 1890 773 diversorum
1918 737 2066 776 climata
2103 751 2166 778 seu
2195 745 2389 790 qualitates
2418 757 2453 793 p.
2480 752 2561 784 508.

1548 791 1675 835 (Conf.
1700 793 1945 842 chrysostomi
1970 797 2159 836 homiliam
2185 805 2243 838 82.
2271 804 2312 839 111
2339 804 2494 849 Matth.)

1480 849 1779 889 Martinaciorum
1804 853 1943 891 familia
1967 855 2161 904 byzantina
2190 869 2226 906 p.
2260 864 2340 897 337.

1481 911 1693 958 marty-rius
1716 911 1912 958 legendum
1931 914 2073 954 videtur
2092 917 2189 966 apud
2213 920 2483 960 Ecchellensem
2507 930 2563 961 at·

1552 974 1623 1015 que
1658 970 1901 1011 Assemanum
1938 985 2005 1023 pro
2039 987 2128 1014 mar
2166 981 2297 1016 Ilm-im
2330 986 2394 1018 aut
2431 985 2565 1019 Turius

1552 1037 1589 1074 p.
1625 1031 1703 1066 137.
1736 1030 1823 1068 Fuit
1850 1037 1972 1070 autem
1996 1035 2193 1084 Martyrius
2219 1038 2421 1085 patriarcha
2445 1041 2563 1078 antio-

1553 1085 1692 1124 chenus
1707 1115 1718 1132 ,
1746 1088 1993 1138 Chrysostomi
2022 1093 2161 1132 amicus
2184 1100 2221 1132 et
2246 1095 2424 1133 laudator.

1482 1142 1638 1181 Medicis
1669 1145 1876 1185 animarum
1909 1155 2140 1198 nostrarum,
2168 1152 2207 1190 id
2235 1160 2290 1192 est
2314 1155 2562 1201 confessariis,

1553 1203 1834 1243 auscultandum
1858 1218 1895 1255 p.
1921 1212 2002 1245 457.

1482 1261 1641 1301 Michael
1669 1264 1758 1311 imp.
1786 1265 2109 1307 christianissimus
2137 1282 2172 1318 p.
2202 1275 2282 1310 322.

1482 1321 1642 1360 michael
1660 1323 1757 1361 alius
1782 1325 1978 1374 imperator
1992 1356 2002 1373 ‚
2018 1329 2081 1381 qui
2096 1331 2255 1368 Leonem
2271 1342 2362 1369 arm.
2387 1333 2567 1372 occiderat

1553 1391 1588 1428 p.
1611 1386 1691 1419 345.
1713 1383 1817 1421 Iubet
1843 1385 2022 1434 imagines
2049 1389 2194 1427 nonnisi
2220 1395 2319 1429 extra
2341 1392 2468 1430 urbem
2494 1395 2565 1443 B'y-

1553 1443 1718 1479 zantium
1748 1443 1819 1480 coli
1844 1452 1881 1491 p.
1911 1449 1991 1483 356.

1483 1500 1639 1539 michael
1662 1503 1866 1542 monachus
1885 1505 2030 1554 scripsit
2054 1508 2234 1547 Theodori
2256 1511 2421 1550 Studitae
2442 1513 2564 1559 vitam,

1553 1570 1628 1598 non
1647 1561 1749 1599 illam
1767 1573 1790 1601 a
1814 1562 2008 1602 Sirmondo
2025 1565 2182 1614 editam,
2209 1568 2274 1606 sed
2300 1570 2450 1608 alteram
2475 1583 2566 1620 quae

1551 1629 1652 1658 nunc
1675 1621 1800 1669 prodit
1825 1632 1868 1659 ex
1896 1620 2085 1663 codicibus
2111 1627 2282 1665 vaticanis
2309 1639 2346 1676 p.
2375 1633 2455 1666 292.

1482 1679 1617 1717 Missae
1647 1681 1886 1720 celebrandae
1913 1684 2051 1722 monita
2076 1685 2114 1723 S.
2143 1686 2270 1724 Basilii
2293 1698 2329 1735 p.
2355 1692 2438 1725 584.

1423 1743 1432 1757 1
1482 1737 1594 1776 Missa
1631 1741 1914 1787 repraesentatio
1947 1748 2003 1780 est
2027 1744 2214 1782 universae
2250 1746 2384 1784 Christi
2412 1758 2565 1786 oecono-

1553 1798 1648 1835 miae
1674 1810 1710 1847 p.
1735 1803 1818 1838 547.

1483 1857 1617 1896 Missas
1644 1858 1736 1896 duas
1759 1859 1887 1898 eodem
1912 1859 1972 1899 die
1995 1871 2017 1899 a
2031 1862 2215 1900 sacerdote
2239 1862 2412 1903 celebrari
2436 1866 2567 1914 impro-

1554 1915 1662 1954 batur
1685 1928 1720 1964 p.
1744 1922 1826 1956 582.

1485 1975 1658 2014 Monachi
1685 1978 1782 2015 circa
1805 1977 2004 2027 Olympum
2022 1979 2132 2017 Asiae
2149 1985 2309 2019 montem
2327 1982 2368 2019 iu
2384 1984 2514 2021 eremis
2531 1990 2568 2022 et

1557 2036 1719 2073 cavernis
1742 2035 1914 2084 degentes
1940 2048 1977 2086 p.
2001 2041 2082 2076 354.

1485 2093 1702 2131 Monialium
1728 2105 1939 2141 graecarum
1968 2107 2088 2135 severa
2106 2097 2279 2145 pudicitia
2309 2111 2346 2147 p.
2374 2102 2473 2138 XIV.

1486 2152 1743 2202 Menophysita
1783 2154 1935 2201 quidam
1974 2155 2147 2195 codicum
2189 2164 2376 2207 corruptor
2410 2171 2446 2208 p.
2489 2164 2566 2198 108.

1557 2211 1786 2249 Ε111011113101·
1811 2223 1846 2260 p.
1875 2217 1956 2251 112.

1557 2271 1725 2308 muntani
1753 2271 1827 2309 duo
1855 2282 1891 2320 p.
1921 2277 1979 2310 36.

1490 2389 1648 2426 Nersetis
1677 2390 1830 2427 armenii
1856 2392 2139 2429 commentarius
2163 2392 2355 2440 liturgicus
2379 2405 2415 2442 p.
2442 2394 2522 2433 546.

1489 2447 1626 2499 Nervae
1651 2448 1738 2494 imp.
1766 2449 1926 2494 prudens
1955 2451 2146 2488 clementia
2171 2462 2207 2498 p.
2237 2457 2270 2488 3.

1489 2501 1685 2555 Nicephori
1720 2507 1948 2553 imperatoris
1984 2519 2147 2555 perversa
2183 2509 2323 2548 indoles
2353 2522 2388 2558 p.
2415 2515 2495 2549 317.
2527 2513 2571 2550 In

1557 2562 1694 2607 ιιι-00110
1718 2562 1904 2610 bulgarico
1925 2566 2031 2612 periit
2054 2576 2090 2613 p.
2116 2570 2197 2603 321.

1490 2616 1686 2672 Nicephori
1714 2624 1940 2672 patriarchae
1970 2624 2173 2664 constantia
2198 2637 2236 2674 p.
2262 2631 2341 2664 327.
2369 2629 2572 2676 Deponitur

1559 2684 1646 2722 sede
1672 2684 1902 2732 patriarchali
1929 2688 2011 2721 331.

1492 2743 1641 2781 Nicetae
1671 2743 1862 2781 choniatae
1888 2744 2021 2791 scripta
2049 2754 2070 2780 3
2097 2744 2203 2782 nobis
2229 2744 2324 2782 edita
2346 2756 2382 2792 p.
2411 2750 2467 2783 31.
2485 2747 2572 2784 Eius

1562 2802 1655 2841 forte
1683 2803 1826 2842 facinus
1849 2813 1885 2851 p.
1911 2807 1970 2841 29.

1491 2861 1639 2900 Nicetae
1671 2864 1911 2915 maroniensis
1939 2863 2166 2911 dialogorum
2203 2862 2248 2902 de
2275 2864 2430 2912 Spiritus
2456 2867 2572 2903 sancti

1561 2922 1790 2973 processione
1815 2924 2056 2960 summarium
2083 2934 2120 2970 p.
2143 2926 2226 2960 445.

1492 2979 1642 3017 Ν100130
1669 2981 1847 3028 Naupacti
1873 2981 2004 3028 fragm.
2031 2992 2131 3018 nunc
2162 2982 2278 3028 primo
2301 2981 2440 3020 editum
2457 2993 2492 3030 p.
2512 2987 2571 3020 28.

1491 3037 1641 3075 Ν100130
1658 3038 1875 3086 paphlagoni
1892 3039 1983 3076 salso
1999 3038 2198 3086 adscriptae
2215 3040 2255 3076 in
2273 3039 2493 3078 editionibus
2509 3051 2573 3088 pa·—

1561 3096 1752 3143 raphrases
1768 3097 1970 3134 carminum
1985 3095 2205 3135 Nazianzeni
2221 3096 2266 3134 de
2282 3098 2469 3145 principiis
2483 3110 2518 3146 p.
2536 3103 2570 3135 7.

1492 3154 1640 3191 Ν100130
1661 3147 1818 3193 Stethati
1845 3156 2020 3204 scriptum
2042 3162 2208 3194 exustum
2224 3184 2234 3202 ,
2264 3156 2327 3194 sed
2352 3153 2472 3195 adhuc
2497 3168 2575 3206 perb

1562 3213 1702 3253 durans
1727 3227 1762 3263 p.
1795 3220 1850 3253 10.

1492 3271 1642 3310 Nicetes
1666 3274 1797 3311 Serron
1813 3279 1968 3322 magnus
1990 3277 2201 3312 catenarum
2215 3273 2432 3313 biblicamm
2451 3281 2577 3313 auctor

1562 3341 1597 3378 p.
1631 3335 1687 3369 15.
1713 3338 1750 3369 et
1781 3336 1834 3370 10.

1493 3385 1639 3427 Nicetas
1678 3391 1905 3438 metropolita
1933 3389 2271 3437 thessalonicensis,
2306 3385 2493 3431 addendus
2522 3398 2576 3430 est

1522 3495 1525 3498 Ι
1562 3447 1711 3485 Α113110.
1723 3450 1855 3486 Extant
1864 3449 1941 3486 eius
1954 3449 2087 3496 scripta
2098 3440 2414 3497 in‘codd.vat.857‚
2423 3456 2459 3488 et
2471 3453 2574 3488 1023.

1493 3502 1709 3542 Nicetarum
1735 3507 1868 3554 scripta
1897 3505 1992 3554 apud
2014 3516 2082 3544 nos
2108 3517 2143 3555 p.
2167 3512 2202 3544 7.
2222 3511 2257 3544 9.

1492 3561 1637 3604 Nicolai
1663 3566 1747 3608 (S.)
1767 3565 1948 3612 myrensis
1972 3574 2065 3601 urna
2096 3564 2301 3613 prodigiosa
2329 3577 2364 3613 p.
2390 3567 2477 3602 ΧΠ.

1492 3617 1668 3661 Nicolaus
1693 3623 1847 3670 'Aegypti
1876 3621 2076 3669 praefectus
2092 3651 2103 3668 ,
2126 3623 2182 3661 vel
2208 3623 2281 3661 dux
2312 3630 2349 3661 et
2376 3623 2577 3673 augustalis

1558 3688 1600 3728 p.
1630 3684 1710 3717 271.
1740 3683 1821 3717 274.
1850 3684 1930 3718 2⁷6.

1493 3738 1669 3776 Nicolaus
1692 3738 1830 3776 studita
1857 3738 2132 3784 sanctissimus,
2164 3739 2346 3777 Theodori
2371 3740 2408 3777 in
2437 3750 2579 3778 carcere

1561 3796 1681 3834 socius
1707 3807 1743 3845 p.
1776 3800 1856 3834 337.
1885 3796 2026 3841 (Huius
2053 3803 2151 3835 extat
2175 3798 2246 3836 vita
2270 3797 2367 3847 apud
2400 3798 2576 3837 combeli-

1562 3855 1657 3893 sium
1684 3855 1722 3892 in
1744 3855 1916 3893 Actuario
1942 3856 1983 3892 B.
2008 3856 2078 3894 ΡΡ.
2106 3857 2149 3893 Τ.
2170 3857 2244 3901 11.)
