<?xml version="1.0" encoding="UTF-8"?>
<!DOCTYPE html PUBLIC "-//W3C//DTD XHTML 1.0 Transitional//EN"
    "http://www.w3.org/TR/xhtml1/DTD/xhtml1-transitional.dtd">
<html xmlns="http://www.w3.org/1999/xhtml" xml:lang="en" lang="en">
 <head>
  <title>
</title>
<meta http-equiv="Content-Type" content="text/html;charset=utf-8" />
  <meta name='ocr-system' content='tesseract 3.04.00' />
  <meta name='ocr-capabilities' content='ocr_page ocr_carea ocr_par ocr_line ocrx_word'/>
</head>
<body>
  <div class='ocr_page' id='page_1' title='image "./novaepatrumbibli06maiauoft/novaepatrumbibli06maiauoft_0853.png"; bbox 0 0 2970 4380; ppageno 0'>
   <div class='ocr_carea' id='block_1_1' title="bbox 2458 285 2551 334">
    <p class='ocr_par' dir='ltr' id='par_1_1' title="bbox 2458 285 2551 334">
     <span class='ocr_line' id='line_1_1' title="bbox 2458 285 2551 334; baseline 0.043 -3"><span class='ocrx_word' id='word_1_1' title='bbox 2458 285 2551 334; x_wconf 84' lang='lat'><strong>593</strong></span> 
     </span>
    </p>
   </div>
   <div class='ocr_carea' id='block_1_2' title="bbox 741 368 2125 424">
    <p class='ocr_par' dir='ltr' id='par_1_2' title="bbox 741 368 2125 424">
     <span class='ocr_line' id='line_1_2' title="bbox 741 368 2125 424; baseline 0.002 -3"><span class='ocrx_word' id='word_1_2' title='bbox 741 370 1018 422; x_wconf 86' lang='lat' dir='ltr'>INDEX</span> <span class='ocrx_word' id='word_1_3' title='bbox 1078 368 1377 423; x_wconf 90' lang='lat' dir='ltr'>RERUM</span> <span class='ocrx_word' id='word_1_4' title='bbox 1433 368 2125 424; x_wconf 82' lang='lat' dir='ltr'><strong>PRAECIPUARUM</strong></span> 
     </span>
    </p>
   </div>
   <div class='ocr_carea' id='block_1_3' title="bbox 998 526 1858 581">
    <p class='ocr_par' dir='ltr' id='par_1_3' title="bbox 998 526 1858 581">
     <span class='ocr_line' id='line_1_3' title="bbox 998 526 1858 581; baseline -0.001 -16"><span class='ocrx_word' id='word_1_5' title='bbox 998 531 1067 581; x_wconf 16' lang='lat' dir='ltr'><strong>*IN</strong></span> <span class='ocrx_word' id='word_1_6' title='bbox 1103 530 1334 566; x_wconf 68' lang='lat' dir='ltr'><strong>SECUNDA</strong></span> <span class='ocrx_word' id='word_1_7' title='bbox 1369 530 1646 564; x_wconf 83' lang='lat' dir='ltr'><strong>VOLUMlNlS</strong></span> <span class='ocrx_word' id='word_1_8' title='bbox 1685 526 1858 564; x_wconf 68' lang='lat' dir='ltr'><strong>PARTE.</strong></span> 
     </span>
    </p>
   </div>
   <div class='ocr_carea' id='block_1_4' title="bbox 843 668 876 702">
    <p class='ocr_par' dir='ltr' id='par_1_4' title="bbox 843 668 876 702">
     <span class='ocr_line' id='line_1_4' title="bbox 843 668 876 702; baseline 0 0"><span class='ocrx_word' id='word_1_9' title='bbox 843 668 876 702; x_wconf 79' lang='lat' dir='ltr'>A</span> 
     </span>
    </p>
   </div>
   <div class='ocr_carea' id='block_1_5' title="bbox 321 763 1413 3239">
    <p class='ocr_par' dir='ltr' id='par_1_5' title="bbox 326 763 1405 892">
     <span class='ocr_line' id='line_1_5' title="bbox 326 763 1405 832; baseline -0.005 -8"><span class='ocrx_word' id='word_1_10' title='bbox 326 763 480 825; x_wconf 77' lang='lat' dir='ltr'><strong>Abares</strong></span> <span class='ocrx_word' id='word_1_11' title='bbox 521 783 689 822; x_wconf 82' lang='lat' dir='ltr'><strong>obsident</strong></span> <span class='ocrx_word' id='word_1_12' title='bbox 725 783 1081 832; x_wconf 76' lang='lat' dir='ltr'><strong>Constantinopolim</strong></span> <span class='ocrx_word' id='word_1_13' title='bbox 1123 783 1193 821; x_wconf 89' lang='lat' dir='ltr'><strong>sub</strong></span> <span class='ocrx_word' id='word_1_14' title='bbox 1232 782 1405 822; x_wconf 79' lang='lat' dir='ltr'><strong>Heraclio</strong></span> 
     </span>
     <span class='ocr_line' id='line_1_6' title="bbox 391 848 534 892; baseline -0.014 -10"><span class='ocrx_word' id='word_1_15' title='bbox 391 856 425 892; x_wconf 92' lang='lat' dir='ltr'><strong>p.</strong></span> <span class='ocrx_word' id='word_1_16' title='bbox 452 848 534 881; x_wconf 82' lang='lat'><strong>423.</strong></span> 
     </span>
    </p>

    <p class='ocr_par' dir='ltr' id='par_1_6' title="bbox 321 900 1399 951">
     <span class='ocr_line' id='line_1_7' title="bbox 321 900 1399 951; baseline -0.004 -10"><span class='ocrx_word' id='word_1_17' title='bbox 321 904 452 951; x_wconf 83' lang='lat' dir='ltr'><strong>Adagii</strong></span> <span class='ocrx_word' id='word_1_18' title='bbox 471 903 591 950; x_wconf 84' lang='lat' dir='ltr'><strong>graeci</strong></span> <span class='ocrx_word' id='word_1_19' title='bbox 606 902 797 950; x_wconf 78' lang='lat' dir='ltr'><strong>explicatio</strong></span> <span class='ocrx_word' id='word_1_20' title='bbox 814 912 849 950; x_wconf 91' lang='lat' dir='ltr'><strong>p.</strong></span> <span class='ocrx_word' id='word_1_21' title='bbox 867 905 926 938; x_wconf 90' lang='grc'><strong>42.</strong></span> <span class='ocrx_word' id='word_1_22' title='bbox 945 900 1057 939; x_wconf 88' lang='lat' dir='ltr'><strong>Aliud</strong></span> <span class='ocrx_word' id='word_1_23' title='bbox 1076 901 1245 950; x_wconf 80' lang='lat' dir='ltr'><strong>adagium</strong></span> <span class='ocrx_word' id='word_1_24' title='bbox 1266 913 1301 950; x_wconf 89' lang='lat' dir='ltr'><strong>p.</strong></span> <span class='ocrx_word' id='word_1_25' title='bbox 1317 905 1399 939; x_wconf 87' lang='grc'><strong>531.</strong></span> 
     </span>
    </p>

    <p class='ocr_par' dir='ltr' id='par_1_7' title="bbox 321 959 1232 1010">
     <span class='ocr_line' id='line_1_8' title="bbox 321 959 1232 1010; baseline -0.003 -10"><span class='ocrx_word' id='word_1_26' title='bbox 321 963 516 1010; x_wconf 82' lang='lat' dir='ltr'><strong>Aethiopes</strong></span> <span class='ocrx_word' id='word_1_27' title='bbox 540 961 735 999; x_wconf 81' lang='lat' dir='ltr'><strong>orientales</strong></span> <span class='ocrx_word' id='word_1_28' title='bbox 760 966 797 998; x_wconf 90' lang='lat' dir='ltr'><strong>et</strong></span> <span class='ocrx_word' id='word_1_29' title='bbox 819 959 1062 998; x_wconf 89' lang='lat' dir='ltr'><strong>occidentales</strong></span> <span class='ocrx_word' id='word_1_30' title='bbox 1090 972 1125 1009; x_wconf 89' lang='lat' dir='ltr'><strong>p.</strong></span> <span class='ocrx_word' id='word_1_31' title='bbox 1150 965 1232 998; x_wconf 91' lang='grc'><strong>403.</strong></span> 
     </span>
    </p>

    <p class='ocr_par' dir='ltr' id='par_1_8' title="bbox 321 1019 1402 1128">
     <span class='ocr_line' id='line_1_9' title="bbox 321 1019 1402 1069; baseline -0.004 -9"><span class='ocrx_word' id='word_1_32' title='bbox 321 1023 453 1060; x_wconf 88' lang='lat' dir='ltr'><strong>Alania</strong></span> <span class='ocrx_word' id='word_1_33' title='bbox 474 1033 496 1059; x_wconf 88' lang='lat' dir='ltr'><strong>a</strong></span> <span class='ocrx_word' id='word_1_34' title='bbox 518 1020 697 1058; x_wconf 88' lang='lat' dir='ltr'><strong>caucasiis</strong></span> <span class='ocrx_word' id='word_1_35' title='bbox 721 1019 907 1058; x_wconf 86' lang='lat' dir='ltr'><strong>montibus</strong></span> <span class='ocrx_word' id='word_1_36' title='bbox 928 1030 1046 1069; x_wconf 91' lang='lat' dir='ltr'><strong>usque</strong></span> <span class='ocrx_word' id='word_1_37' title='bbox 1067 1019 1112 1057; x_wconf 92' lang='lat' dir='ltr'><strong>ad</strong></span> <span class='ocrx_word' id='word_1_38' title='bbox 1137 1019 1258 1057; x_wconf 89' lang='lat' dir='ltr'><strong>Iberas</strong></span> <span class='ocrx_word' id='word_1_39' title='bbox 1282 1024 1402 1056; x_wconf 86' lang='lat' dir='ltr'><strong>exten-</strong></span> 
     </span>
     <span class='ocr_line' id='line_1_10' title="bbox 391 1081 662 1128; baseline -0.007 -10"><span class='ocrx_word' id='word_1_40' title='bbox 391 1081 491 1119; x_wconf 81' lang='lat' dir='ltr'><strong>ditur</strong></span> <span class='ocrx_word' id='word_1_41' title='bbox 518 1091 554 1128; x_wconf 92' lang='lat' dir='ltr'><strong>p.</strong></span> <span class='ocrx_word' id='word_1_42' title='bbox 581 1083 662 1117; x_wconf 81' lang='lat'><strong>382.</strong></span> 
     </span>
    </p>

    <p class='ocr_par' dir='ltr' id='par_1_9' title="bbox 322 1136 1405 1306">
     <span class='ocr_line' id='line_1_11' title="bbox 322 1136 1405 1184; baseline -0.005 -6"><span class='ocrx_word' id='word_1_43' title='bbox 322 1141 434 1178; x_wconf 86' lang='lat' dir='ltr'><strong>Alani</strong></span> <span class='ocrx_word' id='word_1_44' title='bbox 454 1139 604 1176; x_wconf 90' lang='lat' dir='ltr'><strong>nomine</strong></span> <span class='ocrx_word' id='word_1_45' title='bbox 626 1144 733 1176; x_wconf 89' lang='lat' dir='ltr'><strong>tenus</strong></span> <span class='ocrx_word' id='word_1_46' title='bbox 750 1137 940 1175; x_wconf 87' lang='lat' dir='ltr'><strong>christiani</strong></span> <span class='ocrx_word' id='word_1_47' title='bbox 967 1148 1002 1184; x_wconf 89' lang='lat' dir='ltr'><strong>p.</strong></span> <span class='ocrx_word' id='word_1_48' title='bbox 1021 1141 1103 1174; x_wconf 86' lang='grc'><strong>395.</strong></span> <span class='ocrx_word' id='word_1_49' title='bbox 1125 1137 1284 1174; x_wconf 86' lang='lat' dir='ltr'><strong>&#39;Mittunt</strong></span> <span class='ocrx_word' id='word_1_50' title='bbox 1309 1136 1405 1173; x_wconf 89' lang='lat' dir='ltr'><strong>colo·</strong></span> 
     </span>
     <span class='ocr_line' id='line_1_12' title="bbox 392 1197 1404 1246; baseline -0.004 -10"><span class='ocrx_word' id='word_1_51' title='bbox 392 1200 491 1236; x_wconf 90' lang='lat' dir='ltr'><strong>niam</strong></span> <span class='ocrx_word' id='word_1_52' title='bbox 518 1199 558 1236; x_wconf 92' lang='lat' dir='ltr'><strong>in</strong></span> <span class='ocrx_word' id='word_1_53' title='bbox 581 1197 767 1246; x_wconf 78' lang='lat' dir='ltr'><strong>Scythiam</strong></span> <span class='ocrx_word' id='word_1_54' title='bbox 795 1203 904 1245; x_wconf 85' lang='lat' dir='ltr'><strong>atque</strong></span> <span class='ocrx_word' id='word_1_55' title='bbox 928 1198 1146 1234; x_wconf 84' lang='lat' dir='ltr'><strong>Sarmatiam</strong></span> <span class='ocrx_word' id='word_1_56' title='bbox 1172 1208 1208 1245; x_wconf 89' lang='lat' dir='ltr'><strong>p.</strong></span> <span class='ocrx_word' id='word_1_57' title='bbox 1235 1201 1315 1234; x_wconf 88' lang='grc'><strong>382.</strong></span> <span class='ocrx_word' id='word_1_58' title='bbox 1343 1197 1404 1232; x_wconf 90' lang='grc' dir='ltr'>Ιιι-</span> 
     </span>
     <span class='ocr_line' id='line_1_13' title="bbox 392 1257 1210 1306; baseline -0.005 -9"><span class='ocrx_word' id='word_1_59' title='bbox 392 1259 521 1297; x_wconf 83' lang='lat' dir='ltr'><strong>colunt</strong></span> <span class='ocrx_word' id='word_1_60' title='bbox 545 1259 653 1296; x_wconf 89' lang='lat' dir='ltr'><strong>etiam</strong></span> <span class='ocrx_word' id='word_1_61' title='bbox 680 1268 791 1306; x_wconf 88' lang='lat' dir='ltr'><strong>prope</strong></span> <span class='ocrx_word' id='word_1_62' title='bbox 818 1257 1038 1295; x_wconf 90' lang='lat' dir='ltr'><strong>Chersonem</strong></span> <span class='ocrx_word' id='word_1_63' title='bbox 1068 1268 1103 1304; x_wconf 90' lang='lat' dir='ltr'><strong>p.</strong></span> <span class='ocrx_word' id='word_1_64' title='bbox 1130 1262 1210 1295; x_wconf 88' lang='grc'><strong>383.</strong></span> 
     </span>
    </p>

    <p class='ocr_par' dir='ltr' id='par_1_10' title="bbox 325 1316 1406 1483">
     <span class='ocr_line' id='line_1_14' title="bbox 325 1316 1405 1363; baseline -0.004 -7"><span class='ocrx_word' id='word_1_65' title='bbox 325 1319 554 1357; x_wconf 84' lang='lat' dir='ltr'><strong>Alemannus</strong></span> <span class='ocrx_word' id='word_1_66' title='bbox 587 1317 756 1354; x_wconf 87' lang='lat' dir='ltr'><strong>Nicolaus</strong></span> <span class='ocrx_word' id='word_1_67' title='bbox 786 1316 1010 1354; x_wconf 89' lang='lat' dir='ltr'><strong>Graecorum</strong></span> <span class='ocrx_word' id='word_1_68' title='bbox 1042 1316 1101 1353; x_wconf 87' lang='lat' dir='ltr'><strong>sui</strong></span> <span class='ocrx_word' id='word_1_69' title='bbox 1130 1316 1302 1363; x_wconf 87' lang='lat' dir='ltr'><strong>temporis</strong></span> <span class='ocrx_word' id='word_1_70' title='bbox 1332 1316 1405 1352; x_wconf 85' lang='lat' dir='ltr'><strong>Ro-</strong></span> 
     </span>
     <span class='ocr_line' id='line_1_15' title="bbox 394 1375 1406 1424; baseline -0.004 -9"><span class='ocrx_word' id='word_1_71' title='bbox 394 1389 475 1416; x_wconf 90' lang='lat' dir='ltr'><strong>mae</strong></span> <span class='ocrx_word' id='word_1_72' title='bbox 496 1377 729 1414; x_wconf 86' lang='lat' dir='ltr'><strong>doctissimus</strong></span> <span class='ocrx_word' id='word_1_73' title='bbox 753 1387 788 1424; x_wconf 88' lang='lat' dir='ltr'><strong>p.</strong></span> <span class='ocrx_word' id='word_1_74' title='bbox 812 1377 899 1413; x_wconf 88' lang='lat' dir='ltr'><strong>XX.</strong></span> <span class='ocrx_word' id='word_1_75' title='bbox 925 1375 1191 1413; x_wconf 87' lang='lat' dir='ltr'><strong>Kalendarium</strong></span> <span class='ocrx_word' id='word_1_76' title='bbox 1219 1384 1406 1412; x_wconf 88' lang='lat' dir='ltr'><strong>commen·</strong></span> 
     </span>
     <span class='ocr_line' id='line_1_16' title="bbox 393 1433 1406 1483; baseline -0.004 -8"><span class='ocrx_word' id='word_1_77' title='bbox 393 1438 488 1475; x_wconf 91' lang='lat' dir='ltr'><strong>tario</strong></span> <span class='ocrx_word' id='word_1_78' title='bbox 520 1436 683 1474; x_wconf 88' lang='lat' dir='ltr'><strong>illustrat</strong></span> <span class='ocrx_word' id='word_1_79' title='bbox 712 1446 748 1483; x_wconf 89' lang='lat' dir='ltr'><strong>p.</strong></span> <span class='ocrx_word' id='word_1_80' title='bbox 779 1439 837 1472; x_wconf 84' lang='lat'><strong>29.</strong></span> <span class='ocrx_word' id='word_1_81' title='bbox 867 1446 966 1483; x_wconf 90' lang='lat' dir='ltr'><strong>seqq.</strong></span> <span class='ocrx_word' id='word_1_82' title='bbox 1005 1435 1089 1472; x_wconf 86' lang='lat' dir='ltr'><strong>Eius</strong></span> <span class='ocrx_word' id='word_1_83' title='bbox 1122 1434 1296 1482; x_wconf 88' lang='lat' dir='ltr'><strong>opuscula</strong></span> <span class='ocrx_word' id='word_1_84' title='bbox 1332 1433 1406 1471; x_wconf 89' lang='lat' dir='ltr'><strong>duo</strong></span> 
     </span>
    </p>

    <p class='ocr_par' dir='ltr' id='par_1_11' title="bbox 350 1494 921 1543">
     <span class='ocr_line' id='line_1_17' title="bbox 350 1494 921 1543; baseline -0.002 -11"><span class='ocrx_word' id='word_1_85' title='bbox 350 1530 353 1532; x_wconf 82' lang='grc'><strong>.</strong></span> <span class='ocrx_word' id='word_1_86' title='bbox 395 1496 531 1535; x_wconf 87' lang='lat' dir='ltr'><strong>inedita</strong></span> <span class='ocrx_word' id='word_1_87' title='bbox 561 1507 594 1543; x_wconf 90' lang='lat' dir='ltr'><strong>p.</strong></span> <span class='ocrx_word' id='word_1_88' title='bbox 621 1496 712 1532; x_wconf 89' lang='lat' dir='ltr'><strong>XX.</strong></span> <span class='ocrx_word' id='word_1_89' title='bbox 737 1501 774 1532; x_wconf 88' lang='lat' dir='ltr'><strong>et</strong></span> <span class='ocrx_word' id='word_1_90' title='bbox 795 1494 921 1532; x_wconf 83' lang='lat' dir='ltr'><strong>XXX.</strong></span> 
     </span>
    </p>

    <p class='ocr_par' dir='ltr' id='par_1_12' title="bbox 329 1551 1407 1745">
     <span class='ocr_line' id='line_1_18' title="bbox 329 1551 1407 1603; baseline -0.006 -8"><span class='ocrx_word' id='word_1_91' title='bbox 329 1557 456 1595; x_wconf 89' lang='lat' dir='ltr'><strong>Allatii</strong></span> <span class='ocrx_word' id='word_1_92' title='bbox 486 1555 619 1593; x_wconf 84' lang='lat' dir='ltr'><strong>Leonis</strong></span> <span class='ocrx_word' id='word_1_93' title='bbox 648 1554 781 1603; x_wconf 79' lang='lat' dir='ltr'><strong>patria,</strong></span> <span class='ocrx_word' id='word_1_94' title='bbox 807 1553 989 1591; x_wconf 87' lang='lat' dir='ltr'><strong>institutio</strong></span> <span class='ocrx_word' id='word_1_95' title='bbox 1017 1554 1054 1590; x_wconf 93' lang='lat' dir='ltr'><strong>in</strong></span> <span class='ocrx_word' id='word_1_96' title='bbox 1085 1553 1237 1599; x_wconf 84' lang='lat' dir='ltr'><strong>collegio</strong></span> <span class='ocrx_word' id='word_1_97' title='bbox 1267 1551 1407 1589; x_wconf 87' lang='lat' dir='ltr'><strong>urbano</strong></span> 
     </span>
     <span class='ocr_line' id='line_1_19' title="bbox 395 1610 1408 1659; baseline -0.006 -6"><span class='ocrx_word' id='word_1_98' title='bbox 395 1617 642 1659; x_wconf 82' lang='lat' dir='ltr'><strong>Graecorum,</strong></span> <span class='ocrx_word' id='word_1_99' title='bbox 669 1624 820 1650; x_wconf 86' lang='lat' dir='ltr'><strong>munera</strong></span> <span class='ocrx_word' id='word_1_100' title='bbox 845 1612 961 1657; x_wconf 80' lang='lat' dir='ltr'><strong>varia,</strong></span> <span class='ocrx_word' id='word_1_101' title='bbox 981 1612 1129 1655; x_wconf 77' lang='lat' dir='ltr'><strong>itinera,</strong></span> <span class='ocrx_word' id='word_1_102' title='bbox 1149 1610 1269 1649; x_wconf 89' lang='lat' dir='ltr'><strong>studia</strong></span> <span class='ocrx_word' id='word_1_103' title='bbox 1294 1611 1332 1647; x_wconf 91' lang='lat' dir='ltr'><strong>in</strong></span> <span class='ocrx_word' id='word_1_104' title='bbox 1355 1610 1408 1647; x_wconf 91' lang='lat' dir='ltr'><strong>bi-</strong></span> 
     </span>
     <span class='ocr_line' id='line_1_20' title="bbox 396 1670 1407 1745; baseline -0.007 -32"><span class='ocrx_word' id='word_1_105' title='bbox 396 1674 578 1713; x_wconf 88' lang='lat' dir='ltr'><strong>bliotheca</strong></span> <span class='ocrx_word' id='word_1_106' title='bbox 609 1674 775 1710; x_wconf 87' lang='lat' dir='ltr'><strong>vaticana</strong></span> <span class='ocrx_word' id='word_1_107' title='bbox 804 1683 840 1720; x_wconf 92' lang='lat' dir='ltr'><strong>p.</strong></span> <span class='ocrx_word' id='word_1_108' title='bbox 867 1674 1036 1745; x_wconf 34' lang='lat' dir='ltr'><strong>waseqq</strong></span> <span class='ocrx_word' id='word_1_109' title='bbox 1069 1670 1261 1708; x_wconf 85' lang='lat' dir='ltr'><strong>Mortualis</strong></span> <span class='ocrx_word' id='word_1_110' title='bbox 1290 1680 1407 1706; x_wconf 87' lang='lat' dir='ltr'><strong>annus</strong></span> 
     </span>
    </p>

    <p class='ocr_par' dir='ltr' id='par_1_13' title="bbox 458 1734 528 1770">
     <span class='ocr_line' id='line_1_21' title="bbox 458 1734 528 1770; baseline -0.018 0"><span class='ocrx_word' id='word_1_111' title='bbox 458 1734 528 1770; x_wconf 92' lang='lat' dir='ltr'><strong>XI.</strong></span> 
     </span>
    </p>

    <p class='ocr_par' dir='ltr' id='par_1_14' title="bbox 328 1746 1410 2071">
     <span class='ocr_line' id='line_1_22' title="bbox 328 1746 1410 1839; baseline -0.006 -8"><span class='ocrx_word' id='word_1_112' title='bbox 328 1746 454 1830; x_wconf 61' lang='grc' dir='ltr'>ΑΠξῖίἰ</span> <span class='ocrx_word' id='word_1_113' title='bbox 474 1803 549 1830; x_wconf 90' lang='lat' dir='ltr'><strong>non</strong></span> <span class='ocrx_word' id='word_1_114' title='bbox 568 1791 700 1839; x_wconf 83' lang='lat' dir='ltr'><strong>duplex</strong></span> <span class='ocrx_word' id='word_1_115' title='bbox 726 1790 798 1827; x_wconf 82' lang='lat' dir='ltr'><strong>fuit</strong></span> <span class='ocrx_word' id='word_1_116' title='bbox 818 1788 1039 1827; x_wconf 84' lang='lat' dir='ltr'><strong>bibliotheca</strong></span> <span class='ocrx_word' id='word_1_117' title='bbox 1065 1799 1133 1824; x_wconf 89' lang='lat' dir='ltr'><strong>ms.</strong></span> <span class='ocrx_word' id='word_1_118' title='bbox 1157 1798 1284 1833; x_wconf 72' lang='lat' dir='ltr'><strong>graeca</strong></span> <span class='ocrx_word' id='word_1_119' title='bbox 1306 1793 1343 1824; x_wconf 90' lang='lat' dir='ltr'><strong>et</strong></span> <span class='ocrx_word' id='word_1_120' title='bbox 1358 1787 1410 1825; x_wconf 90' lang='lat' dir='ltr'><strong>la-</strong></span> 
     </span>
     <span class='ocr_line' id='line_1_23' title="bbox 399 1846 1409 1900; baseline -0.009 -10"><span class='ocrx_word' id='word_1_121' title='bbox 399 1853 502 1897; x_wconf 82' lang='lat' dir='ltr'><strong>tina,</strong></span> <span class='ocrx_word' id='word_1_122' title='bbox 528 1850 593 1888; x_wconf 88' lang='lat' dir='ltr'><strong>sed</strong></span> <span class='ocrx_word' id='word_1_123' title='bbox 621 1860 695 1886; x_wconf 88' lang='lat' dir='ltr'><strong>una</strong></span> <span class='ocrx_word' id='word_1_124' title='bbox 727 1854 918 1900; x_wconf 70' lang='lat' dir='ltr'><strong>auctorum</strong></span> <span class='ocrx_word' id='word_1_125' title='bbox 949 1847 1142 1894; x_wconf 84' lang='lat' dir='ltr'><strong>utriusque</strong></span> <span class='ocrx_word' id='word_1_126' title='bbox 1172 1846 1320 1892; x_wconf 79' lang='lat' dir='ltr'><strong>linguae</strong></span> <span class='ocrx_word' id='word_1_127' title='bbox 1350 1846 1409 1882; x_wconf 87' lang='lat' dir='ltr'><strong>in-</strong></span> 
     </span>
     <span class='ocr_line' id='line_1_24' title="bbox 399 1903 1409 1954; baseline -0.005 -7"><span class='ocrx_word' id='word_1_128' title='bbox 399 1911 549 1954; x_wconf 84' lang='lat' dir='ltr'><strong>choata,</strong></span> <span class='ocrx_word' id='word_1_129' title='bbox 569 1914 606 1944; x_wconf 89' lang='lat' dir='ltr'><strong>et</strong></span> <span class='ocrx_word' id='word_1_130' title='bbox 624 1918 707 1944; x_wconf 86' lang='lat' dir='ltr'><strong>mox</strong></span> <span class='ocrx_word' id='word_1_131' title='bbox 729 1906 902 1953; x_wconf 82' lang='lat' dir='ltr'><strong>abrupta,</strong></span> <span class='ocrx_word' id='word_1_132' title='bbox 914 1903 957 1942; x_wconf 51' lang='lat' dir='ltr'><strong>*et</strong></span> <span class='ocrx_word' id='word_1_133' title='bbox 977 1905 1124 1952; x_wconf 91' lang='lat' dir='ltr'><strong>quidem</strong></span> <span class='ocrx_word' id='word_1_134' title='bbox 1142 1915 1183 1942; x_wconf 87' lang='lat' dir='ltr'><strong>ex</strong></span> <span class='ocrx_word' id='word_1_135' title='bbox 1208 1904 1315 1941; x_wconf 89' lang='lat' dir='ltr'><strong>editis</strong></span> <span class='ocrx_word' id='word_1_136' title='bbox 1333 1905 1409 1952; x_wconf 84' lang='lat' dir='ltr'><strong>ple·</strong></span> 
     </span>
     <span class='ocr_line' id='line_1_25' title="bbox 399 1963 1409 2014; baseline -0.003 -10"><span class='ocrx_word' id='word_1_137' title='bbox 399 1976 555 2014; x_wconf 90' lang='lat' dir='ltr'><strong>rumque</strong></span> <span class='ocrx_word' id='word_1_138' title='bbox 582 1965 685 2001; x_wconf 89' lang='lat' dir='ltr'><strong>libris</strong></span> <span class='ocrx_word' id='word_1_139' title='bbox 709 1970 868 2012; x_wconf 88' lang='lat' dir='ltr'><strong>sumpta.</strong></span> <span class='ocrx_word' id='word_1_140' title='bbox 895 1964 954 2000; x_wconf 91' lang='lat' dir='ltr'><strong>Sic</strong></span> <span class='ocrx_word' id='word_1_141' title='bbox 976 1964 1079 2001; x_wconf 84' lang='lat' dir='ltr'><strong>enim</strong></span> <span class='ocrx_word' id='word_1_142' title='bbox 1099 1963 1330 2000; x_wconf 86' lang='lat' dir='ltr'><strong>reformanda</strong></span> <span class='ocrx_word' id='word_1_143' title='bbox 1356 1970 1409 2001; x_wconf 86' lang='lat' dir='ltr'><strong>est</strong></span> 
     </span>
     <span class='ocr_line' id='line_1_26' title="bbox 399 2025 738 2071; baseline -0.012 -8"><span class='ocrx_word' id='word_1_144' title='bbox 399 2025 588 2063; x_wconf 87' lang='lat' dir='ltr'><strong>adnotatio</strong></span> <span class='ocrx_word' id='word_1_145' title='bbox 616 2034 653 2071; x_wconf 91' lang='lat' dir='ltr'><strong>p.</strong></span> <span class='ocrx_word' id='word_1_146' title='bbox 680 2028 738 2059; x_wconf 91' lang='grc'><strong>71.</strong></span> 
     </span>
    </p>

    <p class='ocr_par' dir='ltr' id='par_1_15' title="bbox 330 2079 1361 2128">
     <span class='ocr_line' id='line_1_27' title="bbox 330 2079 1361 2128; baseline -0.005 -7"><span class='ocrx_word' id='word_1_147' title='bbox 330 2083 449 2121; x_wconf 87' lang='lat' dir='ltr'><strong>Alexii</strong></span> <span class='ocrx_word' id='word_1_148' title='bbox 475 2081 653 2120; x_wconf 91' lang='lat' dir='ltr'><strong>Comneni</strong></span> <span class='ocrx_word' id='word_1_149' title='bbox 678 2081 840 2117; x_wconf 86' lang='lat' dir='ltr'><strong>Iohanne</strong></span> <span class='ocrx_word' id='word_1_150' title='bbox 865 2079 976 2127; x_wconf 79' lang='lat' dir='ltr'><strong>geniti</strong></span> <span class='ocrx_word' id='word_1_151' title='bbox 1004 2081 1189 2118; x_wconf 88' lang='lat' dir='ltr'><strong>coronatio</strong></span> <span class='ocrx_word' id='word_1_152' title='bbox 1218 2092 1253 2128; x_wconf 88' lang='lat' dir='ltr'><strong>p.</strong></span> <span class='ocrx_word' id='word_1_153' title='bbox 1282 2085 1361 2118; x_wconf 86' lang='grc'><strong>399.</strong></span> 
     </span>
    </p>

    <p class='ocr_par' dir='ltr' id='par_1_16' title="bbox 329 2139 1406 2188">
     <span class='ocr_line' id='line_1_28' title="bbox 329 2139 1406 2188; baseline -0.002 -9"><span class='ocrx_word' id='word_1_154' title='bbox 329 2141 553 2179; x_wconf 84' lang='lat' dir='ltr'><strong>Ambitionis</strong></span> <span class='ocrx_word' id='word_1_155' title='bbox 569 2149 751 2187; x_wconf 83' lang='lat' dir='ltr'><strong>vanaeque</strong></span> <span class='ocrx_word' id='word_1_156' title='bbox 767 2139 903 2186; x_wconf 88' lang='lat' dir='ltr'><strong>gloriae</strong></span> <span class='ocrx_word' id='word_1_157' title='bbox 921 2140 1136 2187; x_wconf 88' lang='lat' dir='ltr'><strong>vituperatio</strong></span> <span class='ocrx_word' id='word_1_158' title='bbox 1154 2151 1188 2187; x_wconf 92' lang='lat' dir='ltr'><strong>p.</strong></span> <span class='ocrx_word' id='word_1_159' title='bbox 1206 2144 1287 2177; x_wconf 87' lang='grc'><strong>473.</strong></span> <span class='ocrx_word' id='word_1_160' title='bbox 1306 2151 1406 2188; x_wconf 88' lang='lat' dir='ltr'><strong>seqq.</strong></span> 
     </span>
    </p>

    <p class='ocr_par' dir='ltr' id='par_1_17' title="bbox 330 2198 1409 2246">
     <span class='ocr_line' id='line_1_29' title="bbox 330 2198 1409 2246; baseline -0.003 -8"><span class='ocrx_word' id='word_1_161' title='bbox 330 2199 515 2238; x_wconf 87' lang='lat' dir='ltr'><strong>Anastasii</strong></span> <span class='ocrx_word' id='word_1_162' title='bbox 540 2199 749 2237; x_wconf 80' lang='lat' dir='ltr'><strong>antiocheni</strong></span> <span class='ocrx_word' id='word_1_163' title='bbox 774 2198 992 2246; x_wconf 90' lang='lat' dir='ltr'><strong>opusculum</strong></span> <span class='ocrx_word' id='word_1_164' title='bbox 1018 2199 1058 2234; x_wconf 91' lang='lat' dir='ltr'><strong>in</strong></span> <span class='ocrx_word' id='word_1_165' title='bbox 1082 2198 1164 2235; x_wconf 91' lang='lat' dir='ltr'><strong>cod.</strong></span> <span class='ocrx_word' id='word_1_166' title='bbox 1190 2205 1259 2236; x_wconf 92' lang='lat' dir='ltr'><strong>vat.</strong></span> <span class='ocrx_word' id='word_1_167' title='bbox 1288 2210 1324 2245; x_wconf 90' lang='lat' dir='ltr'><strong>p.</strong></span> <span class='ocrx_word' id='word_1_168' title='bbox 1350 2204 1409 2236; x_wconf 89' lang='grc'><strong>71.</strong></span> 
     </span>
    </p>

    <p class='ocr_par' dir='ltr' id='par_1_18' title="bbox 330 2250 1413 2365">
     <span class='ocr_line' id='line_1_30' title="bbox 330 2250 1413 2296; baseline -0.002 0"><span class='ocrx_word' id='word_1_169' title='bbox 330 2250 566 2296; x_wconf 81' lang='lat' dir='ltr'><strong>Andronicus</strong></span> <span class='ocrx_word' id='word_1_170' title='bbox 588 2257 831 2295; x_wconf 83' lang='lat' dir='ltr'><strong>Tarchaniota</strong></span> <span class='ocrx_word' id='word_1_171' title='bbox 851 2257 1015 2294; x_wconf 86' lang='lat' dir='ltr'><strong>oratione</strong></span> <span class='ocrx_word' id='word_1_172' title='bbox 1038 2256 1187 2294; x_wconf 85' lang='lat' dir='ltr'><strong>funebri</strong></span> <span class='ocrx_word' id='word_1_173' title='bbox 1210 2257 1413 2294; x_wconf 87' lang='lat' dir='ltr'><strong>celebratur</strong></span> 
     </span>
     <span class='ocr_line' id='line_1_31' title="bbox 402 2321 677 2365; baseline -0.004 -11"><span class='ocrx_word' id='word_1_174' title='bbox 402 2330 438 2365; x_wconf 94' lang='lat' dir='ltr'><strong>p.</strong></span> <span class='ocrx_word' id='word_1_175' title='bbox 464 2321 547 2354; x_wconf 86' lang='grc'><strong>422.</strong></span> <span class='ocrx_word' id='word_1_176' title='bbox 675 2344 677 2347; x_wconf 87' lang='grc'><strong>-</strong></span> 
     </span>
    </p>

    <p class='ocr_par' dir='ltr' id='par_1_19' title="bbox 330 2373 1204 2422">
     <span class='ocr_line' id='line_1_32' title="bbox 330 2373 1204 2422; baseline -0.002 -10"><span class='ocrx_word' id='word_1_177' title='bbox 330 2375 464 2421; x_wconf 77' lang='lat' dir='ltr'><strong>Angeli</strong></span> <span class='ocrx_word' id='word_1_178' title='bbox 491 2385 557 2411; x_wconf 86' lang='lat' dir='ltr'><strong>eur</strong></span> <span class='ocrx_word' id='word_1_179' title='bbox 585 2374 783 2422; x_wconf 84' lang='lat' dir='ltr'><strong>pingantur</strong></span> <span class='ocrx_word' id='word_1_180' title='bbox 808 2373 935 2420; x_wconf 84' lang='lat' dir='ltr'><strong>aligeri</strong></span> <span class='ocrx_word' id='word_1_181' title='bbox 960 2385 995 2421; x_wconf 88' lang='lat' dir='ltr'><strong>p.</strong></span> <span class='ocrx_word' id='word_1_182' title='bbox 1022 2374 1204 2411; x_wconf 85' lang='lat' dir='ltr'><strong>XXXIX.</strong></span> 
     </span>
    </p>

    <p class='ocr_par' dir='ltr' id='par_1_20' title="bbox 333 2431 1410 2479">
     <span class='ocr_line' id='line_1_33' title="bbox 333 2431 1410 2479; baseline 0.001 -12"><span class='ocrx_word' id='word_1_183' title='bbox 333 2431 482 2477; x_wconf 78' lang='lat' dir='ltr'><strong>Augen</strong></span> <span class='ocrx_word' id='word_1_184' title='bbox 492 2433 623 2468; x_wconf 87' lang='lat' dir='ltr'><strong>missae</strong></span> <span class='ocrx_word' id='word_1_185' title='bbox 647 2431 824 2467; x_wconf 78' lang='lat' dir='ltr'><strong>sacrificio</strong></span> <span class='ocrx_word' id='word_1_186' title='bbox 848 2432 1057 2468; x_wconf 86' lang='lat' dir='ltr'><strong>assistentes</strong></span> <span class='ocrx_word' id='word_1_187' title='bbox 1084 2443 1119 2479; x_wconf 93' lang='lat' dir='ltr'><strong>p.</strong></span> <span class='ocrx_word' id='word_1_188' title='bbox 1137 2436 1218 2468; x_wconf 82' lang='grc'><strong>564.</strong></span> <span class='ocrx_word' id='word_1_189' title='bbox 1234 2436 1317 2468; x_wconf 78' lang='grc'><strong>577.</strong></span> <span class='ocrx_word' id='word_1_190' title='bbox 1337 2443 1410 2479; x_wconf 87' lang='lat' dir='ltr'><strong>seq.</strong></span> 
     </span>
    </p>

    <p class='ocr_par' dir='ltr' id='par_1_21' title="bbox 332 2487 1236 2534">
     <span class='ocr_line' id='line_1_34' title="bbox 332 2487 1236 2534; baseline 0 -10"><span class='ocrx_word' id='word_1_191' title='bbox 332 2489 467 2524; x_wconf 85' lang='lat' dir='ltr'><strong>Anima</strong></span> <span class='ocrx_word' id='word_1_192' title='bbox 494 2491 506 2524; x_wconf 80' lang='lat'><em>&lt;</em></span> <span class='ocrx_word' id='word_1_193' title='bbox 519 2487 590 2530; x_wconf 87' lang='lat' dir='ltr'><strong>de)</strong></span> <span class='ocrx_word' id='word_1_194' title='bbox 616 2493 793 2523; x_wconf 85' lang='lat' dir='ltr'><strong>tractatus</strong></span> <span class='ocrx_word' id='word_1_195' title='bbox 817 2489 935 2533; x_wconf 84' lang='lat' dir='ltr'><strong>graeci</strong></span> <span class='ocrx_word' id='word_1_196' title='bbox 959 2488 1090 2524; x_wconf 89' lang='lat' dir='ltr'><strong>edendi</strong></span> <span class='ocrx_word' id='word_1_197' title='bbox 1117 2500 1151 2534; x_wconf 92' lang='lat' dir='ltr'><strong>p.</strong></span> <span class='ocrx_word' id='word_1_198' title='bbox 1179 2492 1236 2524; x_wconf 86' lang='lat'><strong>92.</strong></span> 
     </span>
    </p>

    <p class='ocr_par' dir='ltr' id='par_1_22' title="bbox 334 2544 1410 2649">
     <span class='ocr_line' id='line_1_35' title="bbox 334 2544 1410 2593; baseline 0 -11"><span class='ocrx_word' id='word_1_199' title='bbox 334 2547 508 2593; x_wconf 85' lang='lat' dir='ltr'><strong>Antitypa</strong></span> <span class='ocrx_word' id='word_1_200' title='bbox 538 2555 586 2580; x_wconf 89' lang='lat' dir='ltr'><strong>ss.</strong></span> <span class='ocrx_word' id='word_1_201' title='bbox 613 2545 863 2580; x_wconf 82' lang='lat' dir='ltr'><strong>Eucharistiae</strong></span> <span class='ocrx_word' id='word_1_202' title='bbox 890 2544 988 2580; x_wconf 83' lang='lat' dir='ltr'><strong>haud</strong></span> <span class='ocrx_word' id='word_1_203' title='bbox 1015 2551 1095 2590; x_wconf 92' lang='lat' dir='ltr'><strong>post</strong></span> <span class='ocrx_word' id='word_1_204' title='bbox 1120 2545 1184 2582; x_wconf 88' lang='lat' dir='ltr'><strong>sed</strong></span> <span class='ocrx_word' id='word_1_205' title='bbox 1210 2552 1295 2582; x_wconf 85' lang='lat' dir='ltr'><strong>ante</strong></span> <span class='ocrx_word' id='word_1_206' title='bbox 1324 2557 1410 2582; x_wconf 87' lang='lat' dir='ltr'><strong>cou-</strong></span> 
     </span>
     <span class='ocr_line' id='line_1_36' title="bbox 403 2594 814 2649; baseline -0.007 -8"><span class='ocrx_word' id='word_1_207' title='bbox 403 2594 641 2641; x_wconf 85' lang='lat' dir='ltr'><strong>secrationem</strong></span> <span class='ocrx_word' id='word_1_208' title='bbox 671 2613 706 2649; x_wconf 89' lang='lat' dir='ltr'><strong>p.</strong></span> <span class='ocrx_word' id='word_1_209' title='bbox 733 2606 814 2638; x_wconf 90' lang='grc'><strong>482.</strong></span> 
     </span>
    </p>

    <p class='ocr_par' dir='ltr' id='par_1_23' title="bbox 334 2660 1256 2709">
     <span class='ocr_line' id='line_1_37' title="bbox 334 2660 1256 2709; baseline -0.003 -9"><span class='ocrx_word' id='word_1_210' title='bbox 334 2662 481 2700; x_wconf 83' lang='lat' dir='ltr'><strong>Arcadii</strong></span> <span class='ocrx_word' id='word_1_211' title='bbox 508 2662 595 2709; x_wconf 90' lang='lat' dir='ltr'><strong>imp.</strong></span> <span class='ocrx_word' id='word_1_212' title='bbox 621 2661 764 2697; x_wconf 81' lang='lat' dir='ltr'><strong>litterae</strong></span> <span class='ocrx_word' id='word_1_213' title='bbox 790 2671 824 2707; x_wconf 90' lang='lat' dir='ltr'><strong>p.</strong></span> <span class='ocrx_word' id='word_1_214' title='bbox 851 2664 932 2697; x_wconf 97' lang='grc'><strong>267.</strong></span> <span class='ocrx_word' id='word_1_215' title='bbox 958 2665 1041 2697; x_wconf 87' lang='grc'><strong>273.</strong></span> <span class='ocrx_word' id='word_1_216' title='bbox 1066 2660 1147 2697; x_wconf 82' lang='grc'><strong>274.</strong></span> <span class='ocrx_word' id='word_1_217' title='bbox 1175 2665 1256 2697; x_wconf 81' lang='grc'><strong>287.</strong></span> 
     </span>
    </p>

    <p class='ocr_par' dir='ltr' id='par_1_24' title="bbox 336 2719 1410 2768">
     <span class='ocr_line' id='line_1_38' title="bbox 336 2719 1410 2768; baseline -0.001 -9"><span class='ocrx_word' id='word_1_218' title='bbox 336 2721 514 2759; x_wconf 88' lang='lat' dir='ltr'><strong>Arcadius</strong></span> <span class='ocrx_word' id='word_1_219' title='bbox 543 2721 632 2768; x_wconf 87' lang='lat' dir='ltr'><strong>imp.</strong></span> <span class='ocrx_word' id='word_1_220' title='bbox 658 2719 800 2766; x_wconf 82' lang='lat' dir='ltr'><strong>legebat</strong></span> <span class='ocrx_word' id='word_1_221' title='bbox 826 2720 994 2765; x_wconf 78' lang='lat' dir='ltr'><strong>origenis</strong></span> <span class='ocrx_word' id='word_1_222' title='bbox 1023 2719 1235 2766; x_wconf 85' lang='lat' dir='ltr'><strong>periarchon</strong></span> <span class='ocrx_word' id='word_1_223' title='bbox 1263 2731 1301 2768; x_wconf 90' lang='lat' dir='ltr'><strong>p.</strong></span> <span class='ocrx_word' id='word_1_224' title='bbox 1326 2725 1410 2759; x_wconf 92' lang='grc'><strong>278.</strong></span> 
     </span>
    </p>

    <p class='ocr_par' dir='ltr' id='par_1_25' title="bbox 336 2777 1411 2886">
     <span class='ocr_line' id='line_1_39' title="bbox 336 2777 1411 2828; baseline -0.001 -10"><span class='ocrx_word' id='word_1_225' title='bbox 336 2781 509 2819; x_wconf 86' lang='lat' dir='ltr'><strong>Arsacius</strong></span> <span class='ocrx_word' id='word_1_226' title='bbox 529 2779 719 2816; x_wconf 87' lang='lat' dir='ltr'><strong>ordinatur</strong></span> <span class='ocrx_word' id='word_1_227' title='bbox 742 2778 824 2815; x_wconf 92' lang='lat' dir='ltr'><strong>loco</strong></span> <span class='ocrx_word' id='word_1_228' title='bbox 847 2777 1112 2826; x_wconf 82' lang='lat' dir='ltr'><strong>chrysostomi,</strong></span> <span class='ocrx_word' id='word_1_229' title='bbox 1132 2783 1169 2815; x_wconf 88' lang='lat' dir='ltr'><strong>et</strong></span> <span class='ocrx_word' id='word_1_230' title='bbox 1189 2789 1272 2816; x_wconf 83' lang='lat' dir='ltr'><strong>mox</strong></span> <span class='ocrx_word' id='word_1_231' title='bbox 1294 2781 1411 2828; x_wconf 86' lang='lat' dir='ltr'><strong>expel-</strong></span> 
     </span>
     <span class='ocr_line' id='line_1_40' title="bbox 406 2840 663 2886; baseline -0.012 -10"><span class='ocrx_word' id='word_1_232' title='bbox 406 2840 497 2876; x_wconf 85' lang='lat' dir='ltr'><strong>litur</strong></span> <span class='ocrx_word' id='word_1_233' title='bbox 519 2849 555 2886; x_wconf 90' lang='lat' dir='ltr'><strong>p.</strong></span> <span class='ocrx_word' id='word_1_234' title='bbox 581 2841 663 2875; x_wconf 85' lang='lat'><strong>282.</strong></span> 
     </span>
    </p>

    <p class='ocr_par' dir='ltr' id='par_1_26' title="bbox 335 2894 1410 3004">
     <span class='ocr_line' id='line_1_41' title="bbox 335 2894 1410 2944; baseline -0.001 -9"><span class='ocrx_word' id='word_1_235' title='bbox 335 2897 529 2936; x_wconf 79' lang='lat' dir='ltr'><strong>Athanasii</strong></span> <span class='ocrx_word' id='word_1_236' title='bbox 562 2897 598 2933; x_wconf 91' lang='lat' dir='ltr'><strong>S.</strong></span> <span class='ocrx_word' id='word_1_237' title='bbox 630 2906 672 2933; x_wconf 89' lang='lat' dir='ltr'><strong>ex</strong></span> <span class='ocrx_word' id='word_1_238' title='bbox 703 2894 853 2932; x_wconf 89' lang='lat' dir='ltr'><strong>homilia</strong></span> <span class='ocrx_word' id='word_1_239' title='bbox 886 2896 1130 2944; x_wconf 84' lang='lat' dir='ltr'><strong>mystagogica</strong></span> <span class='ocrx_word' id='word_1_240' title='bbox 1164 2895 1410 2944; x_wconf 85' lang='lat' dir='ltr'><strong>fragmentum</strong></span> 
     </span>
     <span class='ocr_line' id='line_1_42' title="bbox 407 2959 551 3004; baseline 0 -11"><span class='ocrx_word' id='word_1_241' title='bbox 407 2968 442 3004; x_wconf 91' lang='lat' dir='ltr'><strong>p.</strong></span> <span class='ocrx_word' id='word_1_242' title='bbox 468 2959 551 2993; x_wconf 87' lang='grc'><strong>239.</strong></span> 
     </span>
    </p>

    <p class='ocr_par' dir='ltr' id='par_1_27' title="bbox 336 3012 1236 3061">
     <span class='ocr_line' id='line_1_43' title="bbox 336 3012 1236 3061; baseline 0 -10"><span class='ocrx_word' id='word_1_243' title='bbox 336 3015 540 3052; x_wconf 86' lang='lat' dir='ltr'><strong>Athleticae</strong></span> <span class='ocrx_word' id='word_1_244' title='bbox 563 3013 707 3051; x_wconf 87' lang='lat' dir='ltr'><strong>scholae</strong></span> <span class='ocrx_word' id='word_1_245' title='bbox 732 3023 860 3060; x_wconf 86' lang='lat' dir='ltr'><strong>graeca</strong></span> <span class='ocrx_word' id='word_1_246' title='bbox 885 3012 1060 3050; x_wconf 87' lang='lat' dir='ltr'><strong>vocabula</strong></span> <span class='ocrx_word' id='word_1_247' title='bbox 1088 3024 1125 3061; x_wconf 90' lang='lat' dir='ltr'><strong>p.</strong></span> <span class='ocrx_word' id='word_1_248' title='bbox 1151 3018 1236 3051; x_wconf 90' lang='grc'><strong>466.</strong></span> 
     </span>
    </p>

    <p class='ocr_par' dir='ltr' id='par_1_28' title="bbox 336 3072 1411 3180">
     <span class='ocr_line' id='line_1_44' title="bbox 336 3072 1411 3112; baseline 0.001 -1"><span class='ocrx_word' id='word_1_249' title='bbox 336 3073 493 3111; x_wconf 86' lang='lat' dir='ltr'><strong>Athonis</strong></span> <span class='ocrx_word' id='word_1_250' title='bbox 530 3073 666 3109; x_wconf 90' lang='lat' dir='ltr'><strong>montis</strong></span> <span class='ocrx_word' id='word_1_251' title='bbox 697 3072 847 3110; x_wconf 89' lang='lat' dir='ltr'><strong>vastatio</strong></span> <span class='ocrx_word' id='word_1_252' title='bbox 877 3083 960 3109; x_wconf 90' lang='lat' dir='ltr'><strong>cum</strong></span> <span class='ocrx_word' id='word_1_253' title='bbox 999 3073 1263 3110; x_wconf 81' lang='lat' dir='ltr'><strong>monachorum</strong></span> <span class='ocrx_word' id='word_1_254' title='bbox 1303 3074 1411 3112; x_wconf 90' lang='lat' dir='ltr'><strong>caede</strong></span> 
     </span>
     <span class='ocr_line' id='line_1_45' title="bbox 408 3134 784 3180; baseline -0.008 -12"><span class='ocrx_word' id='word_1_255' title='bbox 408 3142 444 3180; x_wconf 88' lang='lat' dir='ltr'><strong>p.</strong></span> <span class='ocrx_word' id='word_1_256' title='bbox 471 3134 555 3168; x_wconf 80' lang='lat'><strong>438.</strong></span> <span class='ocrx_word' id='word_1_257' title='bbox 778 3139 784 3144; x_wconf 91' lang='lat'><em>·</em></span> 
     </span>
    </p>

    <p class='ocr_par' dir='ltr' id='par_1_29' title="bbox 338 3189 1407 3239">
     <span class='ocr_line' id='line_1_46' title="bbox 338 3189 1407 3239; baseline 0.003 -12"><span class='ocrx_word' id='word_1_258' title='bbox 338 3189 519 3227; x_wconf 83' lang='lat' dir='ltr'><strong>Avaritiae</strong></span> <span class='ocrx_word' id='word_1_259' title='bbox 540 3189 749 3236; x_wconf 79' lang='lat' dir='ltr'><strong>gravissima</strong></span> <span class='ocrx_word' id='word_1_260' title='bbox 767 3189 981 3236; x_wconf 88' lang='lat' dir='ltr'><strong>vituperatio</strong></span> <span class='ocrx_word' id='word_1_261' title='bbox 999 3200 1034 3237; x_wconf 91' lang='lat' dir='ltr'><strong>p.</strong></span> <span class='ocrx_word' id='word_1_262' title='bbox 1051 3194 1133 3227; x_wconf 88' lang='grc'><strong>463.</strong></span> <span class='ocrx_word' id='word_1_263' title='bbox 1152 3201 1251 3239; x_wconf 85' lang='lat' dir='ltr'><strong>seqq.</strong></span> <span class='ocrx_word' id='word_1_264' title='bbox 1272 3196 1309 3229; x_wconf 85' lang='lat' dir='ltr'><strong>et</strong></span> <span class='ocrx_word' id='word_1_265' title='bbox 1324 3195 1407 3230; x_wconf 85' lang='grc'><strong>499.</strong></span> 
     </span>
    </p>
   </div>
   <div class='ocr_carea' id='block_1_6' title="bbox 405 3258 893 3341">
    <p class='ocr_par' dir='ltr' id='par_1_30' title="bbox 405 3258 893 3341">
     <span class='ocr_line' id='line_1_47' title="bbox 405 3258 506 3295; baseline -0.02 -10"><span class='ocrx_word' id='word_1_266' title='bbox 405 3258 506 3295; x_wconf 88' lang='lat' dir='ltr'><strong>seqq.</strong></span> 
     </span>
     <span class='ocr_line' id='line_1_48' title="bbox 864 3307 893 3341; baseline 0 0"><span class='ocrx_word' id='word_1_267' title='bbox 864 3307 893 3341; x_wconf 91' lang='lat' dir='ltr'><strong>B</strong></span> 
     </span>
    </p>
   </div>
   <div class='ocr_carea' id='block_1_7' title="bbox 339 3358 1411 3823">
    <p class='ocr_par' dir='ltr' id='par_1_31' title="bbox 339 3358 1411 3823">
     <span class='ocr_line' id='line_1_49' title="bbox 339 3358 1410 3415; baseline 0.003 -13"><span class='ocrx_word' id='word_1_268' title='bbox 339 3358 605 3404; x_wconf 86' lang='lat' dir='ltr'><strong>Bartholomaei</strong></span> <span class='ocrx_word' id='word_1_269' title='bbox 628 3364 720 3408; x_wconf 91' lang='lat' dir='ltr'><strong>(S.)</strong></span> <span class='ocrx_word' id='word_1_270' title='bbox 745 3363 1080 3412; x_wconf 78' lang='lat' dir='ltr'><strong>cryptoferratensis</strong></span> <span class='ocrx_word' id='word_1_271' title='bbox 1109 3365 1180 3402; x_wconf 90' lang='lat' dir='ltr'><strong>vita</strong></span> <span class='ocrx_word' id='word_1_272' title='bbox 1208 3377 1309 3404; x_wconf 88' lang='lat' dir='ltr'><strong>nunc</strong></span> <span class='ocrx_word' id='word_1_273' title='bbox 1336 3370 1410 3415; x_wconf 89' lang='lat' dir='ltr'><strong>pri-</strong></span> 
     </span>
     <span class='ocr_line' id='line_1_50' title="bbox 409 3421 1410 3472; baseline 0.003 -12"><span class='ocrx_word' id='word_1_274' title='bbox 409 3434 511 3461; x_wconf 90' lang='lat' dir='ltr'><strong>mum</strong></span> <span class='ocrx_word' id='word_1_275' title='bbox 533 3421 629 3460; x_wconf 90' lang='lat' dir='ltr'><strong>edita</strong></span> <span class='ocrx_word' id='word_1_276' title='bbox 648 3432 683 3469; x_wconf 92' lang='lat' dir='ltr'><strong>p.</strong></span> <span class='ocrx_word' id='word_1_277' title='bbox 703 3425 784 3458; x_wconf 85' lang='grc'><strong>514.</strong></span> <span class='ocrx_word' id='word_1_278' title='bbox 804 3431 904 3469; x_wconf 84' lang='lat' dir='ltr'><strong>seqq.</strong></span> <span class='ocrx_word' id='word_1_279' title='bbox 923 3431 1006 3458; x_wconf 91' lang='lat' dir='ltr'><strong>cum</strong></span> <span class='ocrx_word' id='word_1_280' title='bbox 1030 3424 1247 3472; x_wconf 78' lang='lat' dir='ltr'><strong>panegyrico</strong></span> <span class='ocrx_word' id='word_1_281' title='bbox 1264 3425 1302 3461; x_wconf 93' lang='lat' dir='ltr'><strong>in</strong></span> <span class='ocrx_word' id='word_1_282' title='bbox 1319 3435 1410 3463; x_wconf 90' lang='lat' dir='ltr'><strong>eun-</strong></span> 
     </span>
     <span class='ocr_line' id='line_1_51' title="bbox 409 3480 1411 3531; baseline 0.001 -11"><span class='ocrx_word' id='word_1_283' title='bbox 409 3483 491 3520; x_wconf 91' lang='lat' dir='ltr'><strong>dem</strong></span> <span class='ocrx_word' id='word_1_284' title='bbox 518 3492 552 3530; x_wconf 88' lang='lat' dir='ltr'><strong>p.</strong></span> <span class='ocrx_word' id='word_1_285' title='bbox 572 3485 654 3518; x_wconf 86' lang='grc'><strong>530.</strong></span> <span class='ocrx_word' id='word_1_286' title='bbox 679 3482 803 3517; x_wconf 88' lang='lat' dir='ltr'><strong>Bonus</strong></span> <span class='ocrx_word' id='word_1_287' title='bbox 822 3490 1007 3517; x_wconf 87' lang='lat' dir='ltr'><strong>sacrorum</strong></span> <span class='ocrx_word' id='word_1_288' title='bbox 1034 3480 1212 3518; x_wconf 90' lang='lat' dir='ltr'><strong>librorum</strong></span> <span class='ocrx_word' id='word_1_289' title='bbox 1237 3483 1411 3531; x_wconf 87' lang='lat' dir='ltr'><strong>interpres</strong></span> 
     </span>
     <span class='ocr_line' id='line_1_52' title="bbox 409 3538 1410 3590; baseline -0.001 -11"><span class='ocrx_word' id='word_1_290' title='bbox 409 3542 482 3579; x_wconf 85' lang='lat' dir='ltr'><strong>fuit</strong></span> <span class='ocrx_word' id='word_1_291' title='bbox 507 3552 543 3590; x_wconf 89' lang='lat' dir='ltr'><strong>p.</strong></span> <span class='ocrx_word' id='word_1_292' title='bbox 573 3543 653 3577; x_wconf 85' lang='grc'><strong>532.</strong></span> <span class='ocrx_word' id='word_1_293' title='bbox 686 3538 936 3586; x_wconf 81' lang='lat' dir='ltr'><strong>calligraphus</strong></span> <span class='ocrx_word' id='word_1_294' title='bbox 961 3540 1153 3586; x_wconf 83' lang='lat' dir='ltr'><strong>egregius,</strong></span> <span class='ocrx_word' id='word_1_295' title='bbox 1184 3546 1273 3577; x_wconf 91' lang='lat' dir='ltr'><strong>teste</strong></span> <span class='ocrx_word' id='word_1_296' title='bbox 1301 3542 1410 3578; x_wconf 88' lang='lat' dir='ltr'><strong>etiam</strong></span> 
     </span>
     <span class='ocr_line' id='line_1_53' title="bbox 412 3598 1408 3647; baseline -0.004 -8"><span class='ocrx_word' id='word_1_297' title='bbox 412 3601 553 3645; x_wconf 84' lang='lat' dir='ltr'><strong>codice,</strong></span> <span class='ocrx_word' id='word_1_298' title='bbox 579 3599 642 3647; x_wconf 89' lang='lat' dir='ltr'><strong>qui</strong></span> <span class='ocrx_word' id='word_1_299' title='bbox 668 3602 845 3645; x_wconf 83' lang='lat' dir='ltr'><strong>superest,</strong></span> <span class='ocrx_word' id='word_1_300' title='bbox 874 3607 982 3633; x_wconf 89' lang='lat' dir='ltr'><strong>manu</strong></span> <span class='ocrx_word' id='word_1_301' title='bbox 1008 3598 1086 3633; x_wconf 90' lang='lat' dir='ltr'><strong>eius</strong></span> <span class='ocrx_word' id='word_1_302' title='bbox 1111 3599 1245 3645; x_wconf 88' lang='lat' dir='ltr'><strong>scripto</strong></span> <span class='ocrx_word' id='word_1_303' title='bbox 1267 3610 1301 3646; x_wconf 92' lang='lat' dir='ltr'><strong>p.</strong></span> <span class='ocrx_word' id='word_1_304' title='bbox 1328 3603 1408 3637; x_wconf 87' lang='grc'><strong>526.</strong></span> 
     </span>
     <span class='ocr_line' id='line_1_54' title="bbox 413 3656 1410 3707; baseline -0.001 -11"><span class='ocrx_word' id='word_1_305' title='bbox 413 3661 564 3698; x_wconf 79' lang='lat' dir='ltr'><strong>Ieiuniis</strong></span> <span class='ocrx_word' id='word_1_306' title='bbox 577 3659 738 3707; x_wconf 89' lang='lat' dir='ltr'><strong>apprime</strong></span> <span class='ocrx_word' id='word_1_307' title='bbox 754 3656 896 3694; x_wconf 87' lang='lat' dir='ltr'><strong>deditus</strong></span> <span class='ocrx_word' id='word_1_308' title='bbox 911 3667 947 3703; x_wconf 92' lang='lat' dir='ltr'><strong>p.</strong></span> <span class='ocrx_word' id='word_1_309' title='bbox 962 3660 1030 3693; x_wconf 88' lang='grc'><strong>516</strong></span> <span class='ocrx_word' id='word_1_310' title='bbox 1041 3683 1051 3700; x_wconf 92' lang='grc'><strong>,</strong></span> <span class='ocrx_word' id='word_1_311' title='bbox 1069 3661 1105 3692; x_wconf 90' lang='lat' dir='ltr'><strong>et</strong></span> <span class='ocrx_word' id='word_1_312' title='bbox 1120 3661 1200 3693; x_wconf 90' lang='grc'><strong>526.</strong></span> <span class='ocrx_word' id='word_1_313' title='bbox 1218 3657 1410 3705; x_wconf 87' lang='lat' dir='ltr'><strong>Templum</strong></span> 
     </span>
     <span class='ocr_line' id='line_1_55' title="bbox 413 3714 1410 3767; baseline 0 -14"><span class='ocrx_word' id='word_1_314' title='bbox 413 3718 699 3767; x_wconf 81' lang='lat' dir='ltr'><strong>Cryptoferratae</strong></span> <span class='ocrx_word' id='word_1_315' title='bbox 732 3716 856 3754; x_wconf 91' lang='lat' dir='ltr'><strong>condit</strong></span> <span class='ocrx_word' id='word_1_316' title='bbox 890 3725 924 3762; x_wconf 92' lang='lat' dir='ltr'><strong>p.</strong></span> <span class='ocrx_word' id='word_1_317' title='bbox 957 3719 1037 3751; x_wconf 89' lang='grc'><strong>518.</strong></span> <span class='ocrx_word' id='word_1_318' title='bbox 1074 3714 1154 3751; x_wconf 88' lang='lat' dir='ltr'><strong>Illic</strong></span> <span class='ocrx_word' id='word_1_319' title='bbox 1193 3716 1410 3753; x_wconf 89' lang='lat' dir='ltr'><strong>miraculum</strong></span> 
     </span>
     <span class='ocr_line' id='line_1_56' title="bbox 414 3772 1409 3823; baseline 0 -12"><span class='ocrx_word' id='word_1_320' title='bbox 414 3781 450 3817; x_wconf 84' lang='lat' dir='ltr'><strong>p.</strong></span> <span class='ocrx_word' id='word_1_321' title='bbox 468 3778 549 3812; x_wconf 83' lang='grc'><strong>519.</strong></span> <span class='ocrx_word' id='word_1_322' title='bbox 571 3775 679 3813; x_wconf 82' lang='lat' dir='ltr'><strong>Aliud</strong></span> <span class='ocrx_word' id='word_1_323' title='bbox 698 3787 732 3823; x_wconf 91' lang='lat' dir='ltr'><strong>p.</strong></span> <span class='ocrx_word' id='word_1_324' title='bbox 753 3779 832 3812; x_wconf 89' lang='grc'><strong>526.</strong></span> <span class='ocrx_word' id='word_1_325' title='bbox 859 3772 1024 3810; x_wconf 80' lang='lat' dir='ltr'><strong>Pontifici</strong></span> <span class='ocrx_word' id='word_1_326' title='bbox 1040 3783 1131 3810; x_wconf 91' lang='lat' dir='ltr'><strong>rom.</strong></span> <span class='ocrx_word' id='word_1_327' title='bbox 1154 3773 1409 3820; x_wconf 87' lang='lat' dir='ltr'><strong>paenitentiam</strong></span> 
     </span>
    </p>
   </div>
   <div class='ocr_carea' id='block_1_8' title="bbox 415 3830 1427 3880">
    <p class='ocr_par' dir='ltr' id='par_1_32' title="bbox 415 3830 1427 3880">
     <span class='ocr_line' id='line_1_57' title="bbox 415 3830 1427 3880; baseline 0.006 -16"><span class='ocrx_word' id='word_1_328' title='bbox 415 3830 547 3868; x_wconf 78' lang='lat' dir='ltr'><strong>suadet</strong></span> <span class='ocrx_word' id='word_1_329' title='bbox 563 3845 597 3880; x_wconf 91' lang='lat' dir='ltr'><strong>p.</strong></span> <span class='ocrx_word' id='word_1_330' title='bbox 615 3839 694 3871; x_wconf 81' lang='lat'><strong>520.</strong></span> <span class='ocrx_word' id='word_1_331' title='bbox 721 3834 860 3872; x_wconf 85' lang='lat' dir='ltr'><strong>Caietae</strong></span> <span class='ocrx_word' id='word_1_332' title='bbox 885 3832 1073 3869; x_wconf 89' lang='lat' dir='ltr'><strong>dominum</strong></span> <span class='ocrx_word' id='word_1_333' title='bbox 1100 3831 1302 3879; x_wconf 86' lang='lat' dir='ltr'><strong>captivitate</strong></span> <span class='ocrx_word' id='word_1_334' title='bbox 1323 3832 1427 3870; x_wconf 61' lang='lat' dir='ltr'><strong>libe·&gt;</strong></span> 
     </span>
    </p>
   </div>
   <div class='ocr_carea' id='block_1_9' title="bbox 441 3888 582 3929">
    <p class='ocr_par' dir='ltr' id='par_1_33' title="bbox 441 3888 582 3929">
     <span class='ocr_line' id='line_1_58' title="bbox 441 3888 582 3929; baseline 0.028 -4"><span class='ocrx_word' id='word_1_335' title='bbox 441 3888 487 3926; x_wconf 92' lang='lat' dir='ltr'><strong>T.</strong></span> <span class='ocrx_word' id='word_1_336' title='bbox 516 3889 582 3929; x_wconf 90' lang='lat' dir='ltr'><strong>Vl.</strong></span> 
     </span>
    </p>
   </div>
   <div class='ocr_carea' id='block_1_10' title="bbox 1475 667 2560 1012">
    <p class='ocr_par' dir='ltr' id='par_1_34' title="bbox 1543 667 2559 832">
     <span class='ocr_line' id='line_1_59' title="bbox 1543 667 2559 718; baseline 0.003 -14"><span class='ocrx_word' id='word_1_337' title='bbox 1543 673 1601 704; x_wconf 88' lang='lat' dir='ltr'><strong>rat</strong></span> <span class='ocrx_word' id='word_1_338' title='bbox 1631 667 1775 715; x_wconf 82' lang='grc' dir='ltr'><strong>ρ.’520.</strong></span> <span class='ocrx_word' id='word_1_339' title='bbox 1806 667 1996 707; x_wconf 89' lang='lat' dir='ltr'><strong>Laudatur</strong></span> <span class='ocrx_word' id='word_1_340' title='bbox 2022 680 2045 707; x_wconf 79' lang='lat' dir='ltr'><strong>a</strong></span> <span class='ocrx_word' id='word_1_341' title='bbox 2071 670 2226 718; x_wconf 87' lang='lat' dir='ltr'><strong>Deipara</strong></span> <span class='ocrx_word' id='word_1_342' title='bbox 2258 681 2293 718; x_wconf 89' lang='lat' dir='ltr'><strong>p.</strong></span> <span class='ocrx_word' id='word_1_343' title='bbox 2327 673 2415 715; x_wconf 84' lang='grc'><strong>521,</strong></span> <span class='ocrx_word' id='word_1_344' title='bbox 2447 676 2484 707; x_wconf 90' lang='lat' dir='ltr'><strong>et</strong></span> <span class='ocrx_word' id='word_1_345' title='bbox 2510 670 2559 707; x_wconf 87' lang='lat' dir='ltr'><strong>ab</strong></span> 
     </span>
     <span class='ocr_line' id='line_1_60' title="bbox 1543 726 2557 776; baseline 0.002 -13"><span class='ocrx_word' id='word_1_346' title='bbox 1543 726 1718 774; x_wconf 89' lang='lat' dir='ltr'><strong>apostolis</strong></span> <span class='ocrx_word' id='word_1_347' title='bbox 1743 727 1851 764; x_wconf 88' lang='lat' dir='ltr'><strong>Petro</strong></span> <span class='ocrx_word' id='word_1_348' title='bbox 1879 738 1923 765; x_wconf 87' lang='lat' dir='ltr'><strong>ac</strong></span> <span class='ocrx_word' id='word_1_349' title='bbox 1947 727 2064 766; x_wconf 87' lang='lat' dir='ltr'><strong>Paulo</strong></span> <span class='ocrx_word' id='word_1_350' title='bbox 2088 738 2124 776; x_wconf 89' lang='lat' dir='ltr'><strong>p.</strong></span> <span class='ocrx_word' id='word_1_351' title='bbox 2150 732 2232 766; x_wconf 86' lang='grc'><strong>523.</strong></span> <span class='ocrx_word' id='word_1_352' title='bbox 2258 728 2385 766; x_wconf 87' lang='lat' dir='ltr'><strong>Gloria</strong></span> <span class='ocrx_word' id='word_1_353' title='bbox 2414 728 2492 766; x_wconf 90' lang='lat' dir='ltr'><strong>eius</strong></span> <span class='ocrx_word' id='word_1_354' title='bbox 2518 729 2557 765; x_wconf 84' lang='lat' dir='ltr'><strong>in</strong></span> 
     </span>
     <span class='ocr_line' id='line_1_61' title="bbox 1545 784 1851 832; baseline 0.003 -11"><span class='ocrx_word' id='word_1_355' title='bbox 1545 784 1682 822; x_wconf 89' lang='lat' dir='ltr'><strong>visione</strong></span> <span class='ocrx_word' id='word_1_356' title='bbox 1708 796 1742 832; x_wconf 94' lang='lat' dir='ltr'><strong>p.</strong></span> <span class='ocrx_word' id='word_1_357' title='bbox 1769 789 1851 822; x_wconf 89' lang='grc'><strong>529.</strong></span> 
     </span>
    </p>

    <p class='ocr_par' dir='ltr' id='par_1_35' title="bbox 1475 844 2558 1012">
     <span class='ocr_line' id='line_1_62' title="bbox 1475 844 2558 895; baseline 0.002 -15"><span class='ocrx_word' id='word_1_358' title='bbox 1475 844 1609 881; x_wconf 90' lang='lat' dir='ltr'><strong>Basilio</strong></span> <span class='ocrx_word' id='word_1_359' title='bbox 1632 854 1764 891; x_wconf 81' lang='lat' dir='ltr'><strong>magno</strong></span> <span class='ocrx_word' id='word_1_360' title='bbox 1784 845 1970 892; x_wconf 84' lang='lat' dir='ltr'><strong>supposita</strong></span> <span class='ocrx_word' id='word_1_361' title='bbox 1998 845 2130 882; x_wconf 83' lang='lat' dir='ltr'><strong>missae</strong></span> <span class='ocrx_word' id='word_1_362' title='bbox 2159 845 2351 893; x_wconf 80' lang='lat' dir='ltr'><strong>explicatio</strong></span> <span class='ocrx_word' id='word_1_363' title='bbox 2374 846 2558 895; x_wconf 84' lang='lat' dir='ltr'><strong>quaedam</strong></span> 
     </span>
     <span class='ocr_line' id='line_1_63' title="bbox 1547 903 2560 954; baseline 0.003 -14"><span class='ocrx_word' id='word_1_364' title='bbox 1547 914 1581 951; x_wconf 90' lang='lat' dir='ltr'><strong>p.</strong></span> <span class='ocrx_word' id='word_1_365' title='bbox 1600 908 1682 941; x_wconf 83' lang='grc'><strong>551.</strong></span> <span class='ocrx_word' id='word_1_366' title='bbox 1711 903 1882 942; x_wconf 82' lang='lat' dir='ltr'><strong>Eiusdem</strong></span> <span class='ocrx_word' id='word_1_367' title='bbox 1901 904 2028 942; x_wconf 85' lang='lat' dir='ltr'><strong>Basilii</strong></span> <span class='ocrx_word' id='word_1_368' title='bbox 2050 904 2190 942; x_wconf 82' lang='lat' dir='ltr'><strong>dictum</strong></span> <span class='ocrx_word' id='word_1_369' title='bbox 2215 916 2237 942; x_wconf 91' lang='lat' dir='ltr'><strong>a</strong></span> <span class='ocrx_word' id='word_1_370' title='bbox 2258 906 2398 954; x_wconf 81' lang='lat' dir='ltr'><strong>synodo</strong></span> <span class='ocrx_word' id='word_1_371' title='bbox 2420 905 2560 954; x_wconf 79' lang='lat' dir='ltr'><strong>by·zan</strong></span> 
     </span>
     <span class='ocr_line' id='line_1_64' title="bbox 1546 961 2181 1012; baseline 0.005 -13"><span class='ocrx_word' id='word_1_372' title='bbox 1546 961 1620 999; x_wconf 89' lang='lat' dir='ltr'><strong>tina</strong></span> <span class='ocrx_word' id='word_1_373' title='bbox 1646 962 1902 1001; x_wconf 84' lang='lat' dir='ltr'><strong>confirmatum</strong></span> <span class='ocrx_word' id='word_1_374' title='bbox 1925 974 1962 1012; x_wconf 88' lang='lat' dir='ltr'><strong>p.</strong></span> <span class='ocrx_word' id='word_1_375' title='bbox 1987 966 2070 1003; x_wconf 86' lang='grc'><strong>486.</strong></span> <span class='ocrx_word' id='word_1_376' title='bbox 2095 963 2181 1002; x_wconf 89' lang='lat' dir='ltr'><strong>adn.</strong></span> 
     </span>
    </p>
   </div>
   <div class='ocr_carea' id='block_1_11' title="bbox 1460 992 2555 1072">
    <p class='ocr_par' dir='ltr' id='par_1_36' title="bbox 1460 992 2555 1072">
     <span class='ocr_line' id='line_1_65' title="bbox 1460 992 2555 1072; baseline 0.005 -15"><span class='ocrx_word' id='word_1_377' title='bbox 1460 1022 1610 1071; x_wconf 57' lang='lat' dir='ltr'><strong>bema,</strong></span> <span class='ocrx_word' id='word_1_378' title='bbox 1636 1032 1699 1058; x_wconf 90' lang='lat' dir='ltr'><strong>seu</strong></span> <span class='ocrx_word' id='word_1_379' title='bbox 1727 1021 2015 1072; x_wconf 82' lang='lat' dir='ltr'><strong>presbyterium,</strong></span> <span class='ocrx_word' id='word_1_380' title='bbox 2039 1033 2183 1072; x_wconf 82' lang='lat' dir='ltr'><strong>semper</strong></span> <span class='ocrx_word' id='word_1_381' title='bbox 2211 992 2484 1062; x_wconf 79' lang='lat' dir='ltr'><strong>semicirculare</strong></span> <span class='ocrx_word' id='word_1_382' title='bbox 2516 1027 2555 1062; x_wconf 91' lang='lat' dir='ltr'><strong>in</strong></span> 
     </span>
    </p>
   </div>
   <div class='ocr_carea' id='block_1_12' title="bbox 1473 1081 2579 3882">
    <p class='ocr_par' dir='ltr' id='par_1_37' title="bbox 1547 1081 2041 1130">
     <span class='ocr_line' id='line_1_66' title="bbox 1547 1081 2041 1130; baseline 0.006 -13"><span class='ocrx_word' id='word_1_383' title='bbox 1547 1081 1708 1118; x_wconf 89' lang='lat' dir='ltr'><strong>ecclesiis</strong></span> <span class='ocrx_word' id='word_1_384' title='bbox 1734 1082 1871 1129; x_wconf 85' lang='lat' dir='ltr'><strong>graecis</strong></span> <span class='ocrx_word' id='word_1_385' title='bbox 1896 1092 1931 1130; x_wconf 89' lang='lat' dir='ltr'><strong>p.</strong></span> <span class='ocrx_word' id='word_1_386' title='bbox 1959 1086 2041 1120; x_wconf 84' lang='grc'><strong>565.</strong></span> 
     </span>
    </p>

    <p class='ocr_par' dir='ltr' id='par_1_38' title="bbox 1473 1137 2555 1248">
     <span class='ocr_line' id='line_1_67' title="bbox 1473 1137 2555 1189; baseline 0.001 -13"><span class='ocrx_word' id='word_1_387' title='bbox 1473 1137 1651 1176; x_wconf 77' lang='lat' dir='ltr'><strong>Besarion</strong></span> <span class='ocrx_word' id='word_1_388' title='bbox 1671 1138 1909 1178; x_wconf 88' lang='lat' dir='ltr'><strong>admirandus</strong></span> <span class='ocrx_word' id='word_1_389' title='bbox 1928 1140 2127 1178; x_wconf 87' lang='lat' dir='ltr'><strong>monachus</strong></span> <span class='ocrx_word' id='word_1_390' title='bbox 2150 1140 2287 1179; x_wconf 85' lang='lat' dir='ltr'><strong>studita</strong></span> <span class='ocrx_word' id='word_1_391' title='bbox 2306 1152 2342 1189; x_wconf 89' lang='lat' dir='ltr'><strong>p.</strong></span> <span class='ocrx_word' id='word_1_392' title='bbox 2361 1146 2442 1180; x_wconf 88' lang='grc'><strong>344.</strong></span> <span class='ocrx_word' id='word_1_393' title='bbox 2472 1145 2555 1187; x_wconf 49' lang='lat' dir='ltr'><strong>(Est</strong></span> 
     </span>
     <span class='ocr_line' id='line_1_68' title="bbox 1547 1197 2393 1248; baseline 0.005 -15"><span class='ocrx_word' id='word_1_394' title='bbox 1547 1197 1643 1234; x_wconf 85' lang='lat' dir='ltr'><strong>enim</strong></span> <span class='ocrx_word' id='word_1_395' title='bbox 1668 1198 1839 1235; x_wconf 88' lang='lat' dir='ltr'><strong>Besarion</strong></span> <span class='ocrx_word' id='word_1_396' title='bbox 1865 1209 2020 1245; x_wconf 89' lang='lat' dir='ltr'><strong>nomen,</strong></span> <span class='ocrx_word' id='word_1_397' title='bbox 2045 1210 2121 1236; x_wconf 93' lang='lat' dir='ltr'><strong>non</strong></span> <span class='ocrx_word' id='word_1_398' title='bbox 2147 1210 2365 1248; x_wconf 84' lang='lat' dir='ltr'><strong>cognomen</strong></span> <span class='ocrx_word' id='word_1_399' title='bbox 2382 1205 2393 1245; x_wconf 90' lang='lat'><strong>)</strong></span> 
     </span>
    </p>

    <p class='ocr_par' dir='ltr' id='par_1_39' title="bbox 1475 1255 2555 1363">
     <span class='ocr_line' id='line_1_69' title="bbox 1475 1255 2555 1306; baseline 0.004 -14"><span class='ocrx_word' id='word_1_400' title='bbox 1475 1258 1528 1294; x_wconf 71' lang='lat' dir='ltr'><strong>Bt</strong></span> <span class='ocrx_word' id='word_1_401' title='bbox 1530 1255 1684 1294; x_wconf 78' lang='lat' dir='ltr'><strong>sationis</strong></span> <span class='ocrx_word' id='word_1_402' title='bbox 1714 1256 1917 1295; x_wconf 80' lang='lat' dir='ltr'><strong>cardinalis</strong></span> <span class='ocrx_word' id='word_1_403' title='bbox 1950 1258 2101 1306; x_wconf 84' lang='lat' dir='ltr'><strong>epistola</strong></span> <span class='ocrx_word' id='word_1_404' title='bbox 2133 1259 2293 1306; x_wconf 91' lang='lat' dir='ltr'><strong>primum</strong></span> <span class='ocrx_word' id='word_1_405' title='bbox 2328 1269 2430 1296; x_wconf 82' lang='lat' dir='ltr'><strong>nune</strong></span> <span class='ocrx_word' id='word_1_406' title='bbox 2459 1259 2555 1296; x_wconf 89' lang='lat' dir='ltr'><strong>edita</strong></span> 
     </span>
     <span class='ocr_line' id='line_1_70' title="bbox 1548 1319 1692 1363; baseline 0 -12"><span class='ocrx_word' id='word_1_407' title='bbox 1548 1326 1583 1363; x_wconf 92' lang='lat' dir='ltr'><strong>p</strong></span> <span class='ocrx_word' id='word_1_408' title='bbox 1610 1319 1692 1352; x_wconf 82' lang='lat'><strong>200.</strong></span> 
     </span>
    </p>

    <p class='ocr_par' dir='ltr' id='par_1_40' title="bbox 1479 1332 2557 1482">
     <span class='ocr_line' id='line_1_71' title="bbox 1479 1332 2557 1422; baseline 0.004 -12"><span class='ocrx_word' id='word_1_409' title='bbox 1479 1373 1706 1411; x_wconf 85' lang='lat' dir='ltr'><strong>Bibliotheca</strong></span> <span class='ocrx_word' id='word_1_410' title='bbox 1734 1373 1907 1412; x_wconf 85' lang='lat' dir='ltr'><strong>Electoris</strong></span> <span class='ocrx_word' id='word_1_411' title='bbox 1933 1373 2085 1422; x_wconf 90' lang='lat' dir='ltr'><strong>palatini</strong></span> <span class='ocrx_word' id='word_1_412' title='bbox 2111 1332 2298 1413; x_wconf 85' lang='lat' dir='ltr'><strong>devehitur</strong></span> <span class='ocrx_word' id='word_1_413' title='bbox 2323 1377 2478 1415; x_wconf 77' lang='lat' dir='ltr'><strong>Romam</strong></span> <span class='ocrx_word' id='word_1_414' title='bbox 2510 1377 2557 1414; x_wconf 89' lang='lat' dir='ltr'><strong>ab</strong></span> 
     </span>
     <span class='ocr_line' id='line_1_72' title="bbox 1546 1432 2019 1482; baseline 0.002 -13"><span class='ocrx_word' id='word_1_415' title='bbox 1546 1432 1683 1470; x_wconf 74' lang='lat' dir='ltr'><strong>Allatio</strong></span> <span class='ocrx_word' id='word_1_416' title='bbox 1709 1444 1743 1481; x_wconf 94' lang='lat' dir='ltr'><strong>p.</strong></span> <span class='ocrx_word' id='word_1_417' title='bbox 1771 1435 1894 1470; x_wconf 92' lang='lat' dir='ltr'><strong>XXII.</strong></span> <span class='ocrx_word' id='word_1_418' title='bbox 1918 1444 2019 1482; x_wconf 88' lang='lat' dir='ltr'><strong>seqq.</strong></span> 
     </span>
    </p>

    <p class='ocr_par' dir='ltr' id='par_1_41' title="bbox 1478 1492 2558 1600">
     <span class='ocr_line' id='line_1_73' title="bbox 1478 1492 2558 1541; baseline 0.005 -13"><span class='ocrx_word' id='word_1_419' title='bbox 1478 1492 1726 1530; x_wconf 85' lang='lat' dir='ltr'><strong>Bibliothecae</strong></span> <span class='ocrx_word' id='word_1_420' title='bbox 1746 1493 1931 1531; x_wconf 87' lang='lat' dir='ltr'><strong>vaticanae</strong></span> <span class='ocrx_word' id='word_1_421' title='bbox 1948 1493 2087 1532; x_wconf 82' lang='lat' dir='ltr'><strong>indices</strong></span> <span class='ocrx_word' id='word_1_422' title='bbox 2107 1494 2245 1541; x_wconf 81' lang='lat' dir='ltr'><strong>graeci,</strong></span> <span class='ocrx_word' id='word_1_423' title='bbox 2265 1500 2412 1532; x_wconf 89' lang='lat' dir='ltr'><strong>auctore</strong></span> <span class='ocrx_word' id='word_1_424' title='bbox 2431 1496 2558 1533; x_wconf 82' lang='lat' dir='ltr'><strong>Leone</strong></span> 
     </span>
     <span class='ocr_line' id='line_1_74' title="bbox 1547 1551 1930 1600; baseline 0.008 -13"><span class='ocrx_word' id='word_1_425' title='bbox 1547 1551 1684 1588; x_wconf 81' lang='lat' dir='ltr'><strong>A.llati0</strong></span> <span class='ocrx_word' id='word_1_426' title='bbox 1710 1564 1746 1600; x_wconf 91' lang='lat' dir='ltr'><strong>p.</strong></span> <span class='ocrx_word' id='word_1_427' title='bbox 1771 1553 1930 1590; x_wconf 85' lang='lat' dir='ltr'><strong>XXVII.</strong></span> 
     </span>
    </p>

    <p class='ocr_par' dir='ltr' id='par_1_42' title="bbox 1477 1610 2299 1660">
     <span class='ocr_line' id='line_1_75' title="bbox 1477 1610 2299 1660; baseline 0.004 -14"><span class='ocrx_word' id='word_1_428' title='bbox 1477 1610 1716 1657; x_wconf 80' lang='lat' dir='ltr'><strong>Biographiae</strong></span> <span class='ocrx_word' id='word_1_429' title='bbox 1742 1611 1960 1649; x_wconf 83' lang='lat' dir='ltr'><strong>Sanctorum</strong></span> <span class='ocrx_word' id='word_1_430' title='bbox 1987 1611 2128 1650; x_wconf 80' lang='lat' dir='ltr'><strong>utilitas</strong></span> <span class='ocrx_word' id='word_1_431' title='bbox 2155 1623 2190 1660; x_wconf 89' lang='lat' dir='ltr'><strong>p.</strong></span> <span class='ocrx_word' id='word_1_432' title='bbox 2217 1616 2299 1649; x_wconf 87' lang='grc'><strong>514.</strong></span> 
     </span>
    </p>

    <p class='ocr_par' dir='ltr' id='par_1_43' title="bbox 1478 1670 2310 1719">
     <span class='ocr_line' id='line_1_76' title="bbox 1478 1670 2310 1719; baseline 0.004 -15"><span class='ocrx_word' id='word_1_433' title='bbox 1478 1670 1604 1705; x_wconf 86' lang='lat' dir='ltr'><strong>Bonus</strong></span> <span class='ocrx_word' id='word_1_434' title='bbox 1629 1670 1993 1718; x_wconf 81' lang='lat' dir='ltr'><strong>constantinopoleos</strong></span> <span class='ocrx_word' id='word_1_435' title='bbox 2017 1681 2142 1719; x_wconf 86' lang='lat' dir='ltr'><strong>prorex</strong></span> <span class='ocrx_word' id='word_1_436' title='bbox 2165 1682 2201 1719; x_wconf 89' lang='lat' dir='ltr'><strong>p.</strong></span> <span class='ocrx_word' id='word_1_437' title='bbox 2227 1675 2310 1709; x_wconf 90' lang='grc'><strong>426.</strong></span> 
     </span>
    </p>

    <p class='ocr_par' dir='ltr' id='par_1_44' title="bbox 1476 1727 2070 1777">
     <span class='ocr_line' id='line_1_77' title="bbox 1476 1727 2070 1777; baseline 0.003 -13"><span class='ocrx_word' id='word_1_438' title='bbox 1476 1727 1655 1776; x_wconf 85' lang='lat' dir='ltr'><strong>Bosphori</strong></span> <span class='ocrx_word' id='word_1_439' title='bbox 1683 1729 1849 1776; x_wconf 88' lang='lat' dir='ltr'><strong>princeps</strong></span> <span class='ocrx_word' id='word_1_440' title='bbox 1872 1740 1908 1777; x_wconf 92' lang='lat' dir='ltr'><strong>p.</strong></span> <span class='ocrx_word' id='word_1_441' title='bbox 1936 1734 2017 1768; x_wconf 87' lang='grc'><strong>307.</strong></span> <span class='ocrx_word' id='word_1_442' title='bbox 2067 1772 2070 1774; x_wconf 48' lang='lat'><strong>.</strong></span> 
     </span>
    </p>

    <p class='ocr_par' dir='ltr' id='par_1_45' title="bbox 1479 1843 2272 1895">
     <span class='ocr_line' id='line_1_78' title="bbox 1479 1843 2272 1895; baseline 0.005 -15"><span class='ocrx_word' id='word_1_443' title='bbox 1479 1843 1777 1882; x_wconf 83' lang='lat' dir='ltr'><strong>Calendariorum</strong></span> <span class='ocrx_word' id='word_1_444' title='bbox 1804 1846 1900 1884; x_wconf 84' lang='lat' dir='ltr'><strong>varia</strong></span> <span class='ocrx_word' id='word_1_445' title='bbox 1928 1858 2059 1894; x_wconf 81' lang='lat' dir='ltr'><strong>genera</strong></span> <span class='ocrx_word' id='word_1_446' title='bbox 2088 1859 2122 1895; x_wconf 91' lang='lat' dir='ltr'><strong>p.</strong></span> <span class='ocrx_word' id='word_1_447' title='bbox 2148 1849 2272 1884; x_wconf 87' lang='lat' dir='ltr'><strong>XXX.</strong></span> 
     </span>
    </p>

    <p class='ocr_par' dir='ltr' id='par_1_46' title="bbox 1478 1903 2556 2071">
     <span class='ocr_line' id='line_1_79' title="bbox 1478 1903 2556 1954; baseline 0.002 -13"><span class='ocrx_word' id='word_1_448' title='bbox 1478 1904 1596 1941; x_wconf 86' lang='lat' dir='ltr'><strong>Canes</strong></span> <span class='ocrx_word' id='word_1_449' title='bbox 1609 1903 1801 1942; x_wconf 88' lang='lat' dir='ltr'><strong>bellatores</strong></span> <span class='ocrx_word' id='word_1_450' title='bbox 1814 1916 1848 1952; x_wconf 90' lang='lat' dir='ltr'><strong>p.</strong></span> <span class='ocrx_word' id='word_1_451' title='bbox 1861 1909 1942 1943; x_wconf 90' lang='grc'><strong>211.</strong></span> <span class='ocrx_word' id='word_1_452' title='bbox 1953 1916 2030 1954; x_wconf 85' lang='lat' dir='ltr'><strong>seq.</strong></span> <span class='ocrx_word' id='word_1_453' title='bbox 2040 1907 2180 1944; x_wconf 90' lang='lat' dir='ltr'><strong>Canum</strong></span> <span class='ocrx_word' id='word_1_454' title='bbox 2195 1906 2414 1954; x_wconf 86' lang='lat' dir='ltr'><strong>multiplices</strong></span> <span class='ocrx_word' id='word_1_455' title='bbox 2428 1905 2556 1943; x_wconf 87' lang='lat' dir='ltr'><strong>laudes</strong></span> 
     </span>
     <span class='ocr_line' id='line_1_80' title="bbox 1549 1963 2555 2013; baseline 0.002 -14"><span class='ocrx_word' id='word_1_456' title='bbox 1549 1964 1588 2000; x_wconf 90' lang='lat' dir='ltr'><strong>in</strong></span> <span class='ocrx_word' id='word_1_457' title='bbox 1603 1963 1783 2000; x_wconf 88' lang='lat' dir='ltr'><strong>Theodori</strong></span> <span class='ocrx_word' id='word_1_458' title='bbox 1795 1965 1913 2002; x_wconf 86' lang='lat' dir='ltr'><strong>Gazae</strong></span> <span class='ocrx_word' id='word_1_459' title='bbox 1929 1964 2024 2002; x_wconf 89' lang='lat' dir='ltr'><strong>edita</strong></span> <span class='ocrx_word' id='word_1_460' title='bbox 2042 1976 2142 2003; x_wconf 90' lang='lat' dir='ltr'><strong>nune</strong></span> <span class='ocrx_word' id='word_1_461' title='bbox 2153 1966 2311 2013; x_wconf 87' lang='lat' dir='ltr'><strong>primum</strong></span> <span class='ocrx_word' id='word_1_462' title='bbox 2327 1965 2555 2002; x_wconf 86' lang='lat' dir='ltr'><strong>lucubratio-</strong></span> 
     </span>
     <span class='ocr_line' id='line_1_81' title="bbox 1550 2023 2551 2071; baseline 0 -12"><span class='ocrx_word' id='word_1_463' title='bbox 1550 2033 1596 2059; x_wconf 90' lang='lat' dir='ltr'><strong>ne</strong></span> <span class='ocrx_word' id='word_1_464' title='bbox 1618 2033 1653 2070; x_wconf 91' lang='lat' dir='ltr'><strong>p.</strong></span> <span class='ocrx_word' id='word_1_465' title='bbox 1673 2026 1754 2059; x_wconf 88' lang='grc'><strong>203.</strong></span> <span class='ocrx_word' id='word_1_466' title='bbox 1773 2033 1876 2071; x_wconf 86' lang='lat' dir='ltr'><strong>seqq.</strong></span> <span class='ocrx_word' id='word_1_467' title='bbox 1894 2023 2021 2061; x_wconf 90' lang='lat' dir='ltr'><strong>Catelli</strong></span> <span class='ocrx_word' id='word_1_468' title='bbox 2040 2024 2238 2062; x_wconf 88' lang='lat' dir='ltr'><strong>melitensis</strong></span> <span class='ocrx_word' id='word_1_469' title='bbox 2258 2023 2412 2061; x_wconf 81' lang='lat' dir='ltr'><strong>affectus</strong></span> <span class='ocrx_word' id='word_1_470' title='bbox 2436 2034 2470 2070; x_wconf 89' lang='lat' dir='ltr'><strong>p.</strong></span> <span class='ocrx_word' id='word_1_471' title='bbox 2491 2027 2551 2060; x_wconf 89' lang='grc'><strong>84.</strong></span> 
     </span>
    </p>

    <p class='ocr_par' dir='ltr' id='par_1_47' title="bbox 1480 2082 2519 2136">
     <span class='ocr_line' id='line_1_82' title="bbox 1480 2082 2519 2136; baseline 0 -17"><span class='ocrx_word' id='word_1_472' title='bbox 1480 2083 1607 2119; x_wconf 89' lang='lat' dir='ltr'><strong>Canon</strong></span> <span class='ocrx_word' id='word_1_473' title='bbox 1629 2082 1803 2119; x_wconf 88' lang='lat' dir='ltr'><strong>nicaenus</strong></span> <span class='ocrx_word' id='word_1_474' title='bbox 1827 2082 1992 2119; x_wconf 87' lang='lat' dir='ltr'><strong>arabicus</strong></span> <span class='ocrx_word' id='word_1_475' title='bbox 2015 2086 2076 2120; x_wconf 88' lang='grc'><strong>44.</strong></span> <span class='ocrx_word' id='word_1_476' title='bbox 2102 2083 2293 2130; x_wconf 88' lang='lat' dir='ltr'><strong>exponitur</strong></span> <span class='ocrx_word' id='word_1_477' title='bbox 2315 2094 2351 2130; x_wconf 91' lang='lat' dir='ltr'><strong>p.</strong></span> <span class='ocrx_word' id='word_1_478' title='bbox 2377 2087 2459 2119; x_wconf 87' lang='grc'><strong>546.</strong></span> <span class='ocrx_word' id='word_1_479' title='bbox 2515 2132 2519 2136; x_wconf 34' lang='grc'><em>.</em></span> 
     </span>
    </p>

    <p class='ocr_par' dir='ltr' id='par_1_48' title="bbox 1480 2137 2552 2246">
     <span class='ocr_line' id='line_1_83' title="bbox 1480 2137 2552 2179; baseline 0.001 -3"><span class='ocrx_word' id='word_1_480' title='bbox 1480 2140 1722 2177; x_wconf 68' lang='grc' dir='ltr'>(ζιιιιιειοιιῑειιί</span> <span class='ocrx_word' id='word_1_481' title='bbox 1747 2140 1923 2178; x_wconf 87' lang='lat' dir='ltr'><strong>Matthaei</strong></span> <span class='ocrx_word' id='word_1_482' title='bbox 1948 2141 2230 2179; x_wconf 85' lang='lat' dir='ltr'><strong>commentarius</strong></span> <span class='ocrx_word' id='word_1_483' title='bbox 2255 2137 2415 2179; x_wconf 85' lang='lat' dir='ltr'><strong>ineditus</strong></span> <span class='ocrx_word' id='word_1_484' title='bbox 2442 2142 2479 2177; x_wconf 90' lang='lat' dir='ltr'><strong>in</strong></span> <span class='ocrx_word' id='word_1_485' title='bbox 2508 2141 2552 2177; x_wconf 89' lang='lat' dir='ltr'><strong>li-</strong></span> 
     </span>
     <span class='ocr_line' id='line_1_84' title="bbox 1551 2198 2171 2246; baseline 0.002 -11"><span class='ocrx_word' id='word_1_486' title='bbox 1551 2199 1658 2235; x_wconf 85' lang='lat' dir='ltr'><strong>brum</strong></span> <span class='ocrx_word' id='word_1_487' title='bbox 1683 2198 1889 2246; x_wconf 85' lang='lat' dir='ltr'><strong>Sapientiae</strong></span> <span class='ocrx_word' id='word_1_488' title='bbox 1915 2209 1951 2246; x_wconf 90' lang='lat' dir='ltr'><strong>p.</strong></span> <span class='ocrx_word' id='word_1_489' title='bbox 1981 2203 2059 2236; x_wconf 86' lang='grc'><strong>186.</strong></span> <span class='ocrx_word' id='word_1_490' title='bbox 2084 2199 2171 2237; x_wconf 89' lang='lat' dir='ltr'><strong>adn.</strong></span> 
     </span>
    </p>

    <p class='ocr_par' dir='ltr' id='par_1_49' title="bbox 1482 2256 2287 2306">
     <span class='ocr_line' id='line_1_85' title="bbox 1482 2256 2287 2306; baseline 0.001 -12"><span class='ocrx_word' id='word_1_491' title='bbox 1482 2257 1710 2305; x_wconf 79' lang='lat' dir='ltr'><strong>captivitatis</strong></span> <span class='ocrx_word' id='word_1_492' title='bbox 1737 2257 1879 2294; x_wconf 88' lang='lat' dir='ltr'><strong>miseria</strong></span> <span class='ocrx_word' id='word_1_493' title='bbox 1903 2256 2120 2295; x_wconf 86' lang='lat' dir='ltr'><strong>describitur</strong></span> <span class='ocrx_word' id='word_1_494' title='bbox 2145 2269 2180 2306; x_wconf 91' lang='lat' dir='ltr'><strong>p.</strong></span> <span class='ocrx_word' id='word_1_495' title='bbox 2207 2263 2287 2295; x_wconf 91' lang='grc'><strong>436.</strong></span> 
     </span>
    </p>

    <p class='ocr_par' dir='ltr' id='par_1_50' title="bbox 1483 2316 2384 2365">
     <span class='ocr_line' id='line_1_86' title="bbox 1483 2316 2384 2365; baseline -0.001 -11"><span class='ocrx_word' id='word_1_496' title='bbox 1483 2316 1602 2354; x_wconf 91' lang='lat' dir='ltr'><strong>Caroli</strong></span> <span class='ocrx_word' id='word_1_497' title='bbox 1630 2317 1755 2363; x_wconf 89' lang='lat' dir='ltr'><strong>magni</strong></span> <span class='ocrx_word' id='word_1_498' title='bbox 1779 2316 1869 2363; x_wconf 88' lang='lat' dir='ltr'><strong>imp.</strong></span> <span class='ocrx_word' id='word_1_499' title='bbox 1894 2327 2001 2353; x_wconf 88' lang='lat' dir='ltr'><strong>curae</strong></span> <span class='ocrx_word' id='word_1_500' title='bbox 2027 2316 2222 2364; x_wconf 84' lang='lat' dir='ltr'><strong>liturgieae</strong></span> <span class='ocrx_word' id='word_1_501' title='bbox 2242 2329 2276 2365; x_wconf 92' lang='lat' dir='ltr'><strong>p.</strong></span> <span class='ocrx_word' id='word_1_502' title='bbox 2306 2322 2384 2355; x_wconf 82' lang='lat'><strong>105.</strong></span> 
     </span>
    </p>

    <p class='ocr_par' dir='ltr' id='par_1_51' title="bbox 1483 2374 2553 2481">
     <span class='ocr_line' id='line_1_87' title="bbox 1483 2374 2552 2424; baseline 0.001 -12"><span class='ocrx_word' id='word_1_503' title='bbox 1483 2375 1680 2412; x_wconf 90' lang='lat' dir='ltr'><strong>Castamon</strong></span> <span class='ocrx_word' id='word_1_504' title='bbox 1709 2374 1797 2412; x_wconf 92' lang='lat' dir='ltr'><strong>urbs</strong></span> <span class='ocrx_word' id='word_1_505' title='bbox 1829 2380 1932 2422; x_wconf 89' lang='lat' dir='ltr'><strong>capta</strong></span> <span class='ocrx_word' id='word_1_506' title='bbox 1963 2374 2028 2412; x_wconf 93' lang='lat' dir='ltr'><strong>abs</strong></span> <span class='ocrx_word' id='word_1_507' title='bbox 2061 2376 2222 2412; x_wconf 88' lang='lat' dir='ltr'><strong>Iohanne</strong></span> <span class='ocrx_word' id='word_1_508' title='bbox 2250 2378 2435 2414; x_wconf 89' lang='lat' dir='ltr'><strong>Comneno</strong></span> <span class='ocrx_word' id='word_1_509' title='bbox 2466 2377 2552 2424; x_wconf 90' lang='lat' dir='ltr'><strong>imp.</strong></span> 
     </span>
     <span class='ocr_line' id='line_1_88' title="bbox 1554 2434 2553 2481; baseline 0.003 -11"><span class='ocrx_word' id='word_1_510' title='bbox 1554 2445 1590 2481; x_wconf 91' lang='lat' dir='ltr'><strong>p.</strong></span> <span class='ocrx_word' id='word_1_511' title='bbox 1616 2439 1698 2470; x_wconf 90' lang='grc'><strong>408.</strong></span> <span class='ocrx_word' id='word_1_512' title='bbox 1726 2435 1816 2470; x_wconf 89' lang='lat' dir='ltr'><strong>Item</strong></span> <span class='ocrx_word' id='word_1_513' title='bbox 1842 2434 1935 2470; x_wconf 87' lang='lat' dir='ltr'><strong>aliae</strong></span> <span class='ocrx_word' id='word_1_514' title='bbox 1958 2434 2066 2471; x_wconf 89' lang='lat' dir='ltr'><strong>urbes</strong></span> <span class='ocrx_word' id='word_1_515' title='bbox 2094 2445 2128 2480; x_wconf 90' lang='lat' dir='ltr'><strong>p.</strong></span> <span class='ocrx_word' id='word_1_516' title='bbox 2153 2439 2233 2470; x_wconf 89' lang='grc'><strong>410.</strong></span> <span class='ocrx_word' id='word_1_517' title='bbox 2260 2440 2341 2471; x_wconf 90' lang='grc'><strong>411.</strong></span> <span class='ocrx_word' id='word_1_518' title='bbox 2366 2439 2447 2472; x_wconf 92' lang='grc'><strong>412.</strong></span> <span class='ocrx_word' id='word_1_519' title='bbox 2471 2440 2553 2473; x_wconf 89' lang='grc'><strong>413.</strong></span> 
     </span>
    </p>

    <p class='ocr_par' dir='ltr' id='par_1_52' title="bbox 1482 2490 2300 2539">
     <span class='ocr_line' id='line_1_89' title="bbox 1482 2490 2300 2539; baseline 0.001 -12"><span class='ocrx_word' id='word_1_520' title='bbox 1482 2491 1612 2527; x_wconf 82' lang='lat' dir='ltr'><strong>Catelli</strong></span> <span class='ocrx_word' id='word_1_521' title='bbox 1641 2491 1805 2527; x_wconf 89' lang='lat' dir='ltr'><strong>allatiani</strong></span> <span class='ocrx_word' id='word_1_522' title='bbox 1829 2491 1979 2537; x_wconf 91' lang='lat' dir='ltr'><strong>epistola</strong></span> <span class='ocrx_word' id='word_1_523' title='bbox 2006 2490 2145 2537; x_wconf 68' lang='lat' dir='ltr'><strong>poetica</strong></span> <span class='ocrx_word' id='word_1_524' title='bbox 2171 2503 2205 2539; x_wconf 94' lang='lat' dir='ltr'><strong>p.</strong></span> <span class='ocrx_word' id='word_1_525' title='bbox 2234 2493 2300 2528; x_wconf 89' lang='lat' dir='ltr'><strong>IX.</strong></span> 
     </span>
    </p>

    <p class='ocr_par' dir='ltr' id='par_1_53' title="bbox 1481 2548 2553 2712">
     <span class='ocr_line' id='line_1_90' title="bbox 1481 2548 2553 2598; baseline 0.003 -13"><span class='ocrx_word' id='word_1_526' title='bbox 1481 2549 1616 2585; x_wconf 89' lang='lat' dir='ltr'><strong>Catena</strong></span> <span class='ocrx_word' id='word_1_527' title='bbox 1639 2548 1677 2584; x_wconf 92' lang='lat' dir='ltr'><strong>in</strong></span> <span class='ocrx_word' id='word_1_528' title='bbox 1696 2548 1760 2584; x_wconf 91' lang='lat' dir='ltr'><strong>Iob</strong></span> <span class='ocrx_word' id='word_1_529' title='bbox 1778 2553 1903 2585; x_wconf 90' lang='lat' dir='ltr'><strong>utrum</strong></span> <span class='ocrx_word' id='word_1_530' title='bbox 1920 2549 2065 2585; x_wconf 86' lang='lat' dir='ltr'><strong>Nicetae</strong></span> <span class='ocrx_word' id='word_1_531' title='bbox 2086 2560 2133 2585; x_wconf 89' lang='lat' dir='ltr'><strong>an</strong></span> <span class='ocrx_word' id='word_1_532' title='bbox 2153 2550 2402 2598; x_wconf 85' lang='lat' dir='ltr'><strong>Olympiodori</strong></span> <span class='ocrx_word' id='word_1_533' title='bbox 2426 2552 2474 2588; x_wconf 90' lang='lat' dir='ltr'><strong>sit</strong></span> <span class='ocrx_word' id='word_1_534' title='bbox 2495 2551 2553 2588; x_wconf 89' lang='lat' dir='ltr'><strong>di-</strong></span> 
     </span>
     <span class='ocr_line' id='line_1_91' title="bbox 1549 2605 2553 2655; baseline 0.004 -12"><span class='ocrx_word' id='word_1_535' title='bbox 1549 2610 1738 2652; x_wconf 87' lang='lat' dir='ltr'><strong>sputatur,</strong></span> <span class='ocrx_word' id='word_1_536' title='bbox 1758 2616 1842 2643; x_wconf 89' lang='lat' dir='ltr'><strong>cum</strong></span> <span class='ocrx_word' id='word_1_537' title='bbox 1865 2605 2082 2644; x_wconf 86' lang='lat' dir='ltr'><strong>refutatione</strong></span> <span class='ocrx_word' id='word_1_538' title='bbox 2105 2613 2402 2655; x_wconf 81' lang='lat' dir='ltr'><strong>argumentorum</strong></span> <span class='ocrx_word' id='word_1_539' title='bbox 2430 2610 2470 2646; x_wconf 88' lang='lat' dir='ltr'><strong>P.</strong></span> <span class='ocrx_word' id='word_1_540' title='bbox 2487 2612 2553 2647; x_wconf 91' lang='lat' dir='ltr'><strong>Co-</strong></span> 
     </span>
     <span class='ocr_line' id='line_1_92' title="bbox 1552 2664 1915 2712; baseline 0.003 -12"><span class='ocrx_word' id='word_1_541' title='bbox 1552 2664 1669 2701; x_wconf 83' lang='lat' dir='ltr'><strong>mitoli</strong></span> <span class='ocrx_word' id='word_1_542' title='bbox 1694 2675 1728 2711; x_wconf 91' lang='lat' dir='ltr'><strong>p.</strong></span> <span class='ocrx_word' id='word_1_543' title='bbox 1758 2668 1813 2701; x_wconf 90' lang='grc'><strong>17.</strong></span> <span class='ocrx_word' id='word_1_544' title='bbox 1839 2674 1915 2712; x_wconf 91' lang='lat' dir='ltr'><strong>seq.</strong></span> 
     </span>
    </p>

    <p class='ocr_par' dir='ltr' id='par_1_54' title="bbox 1481 2722 2550 2775">
     <span class='ocr_line' id='line_1_93' title="bbox 1481 2722 2550 2775; baseline 0.004 -14"><span class='ocrx_word' id='word_1_545' title='bbox 1481 2722 1679 2761; x_wconf 89' lang='lat' dir='ltr'><strong>Cathedrae</strong></span> <span class='ocrx_word' id='word_1_546' title='bbox 1693 2734 1785 2760; x_wconf 91' lang='lat' dir='ltr'><strong>rom.</strong></span> <span class='ocrx_word' id='word_1_547' title='bbox 1801 2724 1838 2760; x_wconf 92' lang='lat' dir='ltr'><strong>S.</strong></span> <span class='ocrx_word' id='word_1_548' title='bbox 1854 2725 1951 2762; x_wconf 87' lang='lat' dir='ltr'><strong>Petri</strong></span> <span class='ocrx_word' id='word_1_549' title='bbox 1965 2724 2098 2762; x_wconf 86' lang='lat' dir='ltr'><strong>festum</strong></span> <span class='ocrx_word' id='word_1_550' title='bbox 2113 2727 2307 2763; x_wconf 89' lang='lat' dir='ltr'><strong>ventilatur</strong></span> <span class='ocrx_word' id='word_1_551' title='bbox 2325 2738 2360 2775; x_wconf 89' lang='lat' dir='ltr'><strong>p.</strong></span> <span class='ocrx_word' id='word_1_552' title='bbox 2376 2728 2550 2765; x_wconf 85' lang='lat' dir='ltr'><strong>XXXVI.</strong></span> 
     </span>
    </p>

    <p class='ocr_par' dir='ltr' id='par_1_55' title="bbox 1481 2781 2553 2888">
     <span class='ocr_line' id='line_1_94' title="bbox 1481 2781 2553 2824; baseline 0.006 -6"><span class='ocrx_word' id='word_1_553' title='bbox 1481 2782 1694 2819; x_wconf 83' lang='lat' dir='ltr'><strong>catherinae</strong></span> <span class='ocrx_word' id='word_1_554' title='bbox 1715 2783 1753 2819; x_wconf 89' lang='lat' dir='ltr'><strong>S.</strong></span> <span class='ocrx_word' id='word_1_555' title='bbox 1771 2781 1904 2821; x_wconf 82' lang='lat' dir='ltr'><strong>festum</strong></span> <span class='ocrx_word' id='word_1_556' title='bbox 1924 2783 1966 2820; x_wconf 89' lang='lat' dir='ltr'><strong>in</strong></span> <span class='ocrx_word' id='word_1_557' title='bbox 1986 2783 2209 2822; x_wconf 87' lang='lat' dir='ltr'><strong>occidentem</strong></span> <span class='ocrx_word' id='word_1_558' title='bbox 2231 2786 2347 2823; x_wconf 84' lang='lat' dir='ltr'><strong>serius</strong></span> <span class='ocrx_word' id='word_1_559' title='bbox 2370 2787 2553 2824; x_wconf 87' lang='lat' dir='ltr'><strong>invectum</strong></span> 
     </span>
     <span class='ocr_line' id='line_1_95' title="bbox 1551 2841 1744 2888; baseline 0 -12"><span class='ocrx_word' id='word_1_560' title='bbox 1551 2851 1586 2888; x_wconf 92' lang='lat' dir='ltr'><strong>p.</strong></span> <span class='ocrx_word' id='word_1_561' title='bbox 1613 2841 1744 2877; x_wconf 90' lang='lat' dir='ltr'><strong>XLVI.</strong></span> 
     </span>
    </p>

    <p class='ocr_par' dir='ltr' id='par_1_56' title="bbox 1481 2898 2025 2948">
     <span class='ocr_line' id='line_1_96' title="bbox 1481 2898 2025 2948; baseline 0.006 -13"><span class='ocrx_word' id='word_1_562' title='bbox 1481 2898 1660 2936; x_wconf 89' lang='lat' dir='ltr'><strong>Cellulani</strong></span> <span class='ocrx_word' id='word_1_563' title='bbox 1689 2900 1858 2937; x_wconf 88' lang='lat' dir='ltr'><strong>monachi</strong></span> <span class='ocrx_word' id='word_1_564' title='bbox 1882 2911 1917 2948; x_wconf 92' lang='lat' dir='ltr'><strong>p.</strong></span> <span class='ocrx_word' id='word_1_565' title='bbox 1946 2905 2025 2938; x_wconf 89' lang='grc'><strong>371.</strong></span> 
     </span>
    </p>

    <p class='ocr_par' dir='ltr' id='par_1_57' title="bbox 1481 2957 2553 3067">
     <span class='ocr_line' id='line_1_97' title="bbox 1481 2957 2553 3008; baseline 0.004 -13"><span class='ocrx_word' id='word_1_566' title='bbox 1481 2957 1606 3006; x_wconf 86' lang='lat' dir='ltr'><strong>Ceryci</strong></span> <span class='ocrx_word' id='word_1_567' title='bbox 1633 2963 1670 2994; x_wconf 89' lang='lat' dir='ltr'><strong>et</strong></span> <span class='ocrx_word' id='word_1_568' title='bbox 1693 2958 1837 2995; x_wconf 87' lang='lat' dir='ltr'><strong>lulittae</strong></span> <span class='ocrx_word' id='word_1_569' title='bbox 1859 2960 2021 3008; x_wconf 87' lang='lat' dir='ltr'><strong>martyrii</strong></span> <span class='ocrx_word' id='word_1_570' title='bbox 2048 2971 2136 3007; x_wconf 85' lang='lat' dir='ltr'><strong>pura</strong></span> <span class='ocrx_word' id='word_1_571' title='bbox 2165 2966 2201 2998; x_wconf 86' lang='lat' dir='ltr'><strong>et</strong></span> <span class='ocrx_word' id='word_1_572' title='bbox 2227 2961 2366 2999; x_wconf 85' lang='lat' dir='ltr'><strong>sincera</strong></span> <span class='ocrx_word' id='word_1_573' title='bbox 2392 2964 2553 3000; x_wconf 89' lang='lat' dir='ltr'><strong>narratio</strong></span> 
     </span>
     <span class='ocr_line' id='line_1_98' title="bbox 1550 3016 2301 3067; baseline 0.004 -14"><span class='ocrx_word' id='word_1_574' title='bbox 1550 3016 1732 3054; x_wconf 89' lang='lat' dir='ltr'><strong>Theodori</strong></span> <span class='ocrx_word' id='word_1_575' title='bbox 1759 3017 1918 3064; x_wconf 90' lang='lat' dir='ltr'><strong>episcopi</strong></span> <span class='ocrx_word' id='word_1_576' title='bbox 1944 3018 2135 3056; x_wconf 89' lang='lat' dir='ltr'><strong>iconiensis</strong></span> <span class='ocrx_word' id='word_1_577' title='bbox 2159 3030 2195 3067; x_wconf 91' lang='lat' dir='ltr'><strong>p.</strong></span> <span class='ocrx_word' id='word_1_578' title='bbox 2220 3025 2301 3056; x_wconf 88' lang='grc'><strong>417.</strong></span> 
     </span>
    </p>

    <p class='ocr_par' dir='ltr' id='par_1_58' title="bbox 1481 3075 2553 3186">
     <span class='ocr_line' id='line_1_99' title="bbox 1481 3075 2553 3126; baseline 0.006 -15"><span class='ocrx_word' id='word_1_579' title='bbox 1481 3075 1676 3122; x_wconf 87' lang='lat' dir='ltr'><strong>Chaganus</strong></span> <span class='ocrx_word' id='word_1_580' title='bbox 1700 3075 1860 3113; x_wconf 88' lang='lat' dir='ltr'><strong>Abarum</strong></span> <span class='ocrx_word' id='word_1_581' title='bbox 1887 3087 1948 3113; x_wconf 89' lang='lat' dir='ltr'><strong>rex</strong></span> <span class='ocrx_word' id='word_1_582' title='bbox 1971 3088 2006 3124; x_wconf 91' lang='lat' dir='ltr'><strong>p.</strong></span> <span class='ocrx_word' id='word_1_583' title='bbox 2024 3081 2105 3114; x_wconf 88' lang='grc'><strong>424.</strong></span> <span class='ocrx_word' id='word_1_584' title='bbox 2133 3079 2219 3115; x_wconf 87' lang='lat' dir='ltr'><strong>Eius</strong></span> <span class='ocrx_word' id='word_1_585' title='bbox 2242 3079 2356 3126; x_wconf 80' lang='lat' dir='ltr'><strong>figura</strong></span> <span class='ocrx_word' id='word_1_586' title='bbox 2384 3080 2553 3117; x_wconf 79' lang='lat' dir='ltr'><strong>describi·</strong></span> 
     </span>
     <span class='ocr_line' id='line_1_100' title="bbox 1549 3139 2002 3186; baseline -0.004 -15"><span class='ocrx_word' id='word_1_587' title='bbox 1549 3140 1612 3171; x_wconf 86' lang='lat' dir='ltr'><strong>tur</strong></span> <span class='ocrx_word' id='word_1_588' title='bbox 1638 3145 1673 3181; x_wconf 88' lang='lat' dir='ltr'><strong>p.</strong></span> <span class='ocrx_word' id='word_1_589' title='bbox 1698 3139 1780 3171; x_wconf 79' lang='lat'><strong>430.</strong></span> <span class='ocrx_word' id='word_1_590' title='bbox 1995 3181 2002 3186; x_wconf 71' lang='lat'><strong>.</strong></span> 
     </span>
    </p>

    <p class='ocr_par' dir='ltr' id='par_1_59' title="bbox 1481 3193 2549 3298">
     <span class='ocr_line' id='line_1_101' title="bbox 1481 3193 2549 3244; baseline 0.004 -14"><span class='ocrx_word' id='word_1_591' title='bbox 1481 3193 1674 3230; x_wconf 87' lang='lat' dir='ltr'><strong>Chersonis</strong></span> <span class='ocrx_word' id='word_1_592' title='bbox 1703 3193 1891 3241; x_wconf 88' lang='lat' dir='ltr'><strong>episcopus</strong></span> <span class='ocrx_word' id='word_1_593' title='bbox 1923 3193 2091 3242; x_wconf 83' lang='lat' dir='ltr'><strong>obiurgat</strong></span> <span class='ocrx_word' id='word_1_594' title='bbox 2120 3202 2290 3244; x_wconf 88' lang='lat' dir='ltr'><strong>vexatque</strong></span> <span class='ocrx_word' id='word_1_595' title='bbox 2319 3196 2549 3239; x_wconf 76' lang='lat' dir='ltr'><strong>Theodorum</strong></span> 
     </span>
     <span class='ocr_line' id='line_1_102' title="bbox 1550 3250 1940 3298; baseline 0.003 -11"><span class='ocrx_word' id='word_1_596' title='bbox 1550 3250 1770 3288; x_wconf 89' lang='lat' dir='ltr'><strong>alaniensem</strong></span> <span class='ocrx_word' id='word_1_597' title='bbox 1796 3261 1831 3298; x_wconf 92' lang='lat' dir='ltr'><strong>p.</strong></span> <span class='ocrx_word' id='word_1_598' title='bbox 1859 3256 1940 3288; x_wconf 83' lang='grc'><strong>384.</strong></span> 
     </span>
    </p>

    <p class='ocr_par' dir='ltr' id='par_1_60' title="bbox 1481 3310 2114 3360">
     <span class='ocr_line' id='line_1_103' title="bbox 1481 3310 2114 3360; baseline 0.003 -13"><span class='ocrx_word' id='word_1_599' title='bbox 1481 3311 1562 3347; x_wconf 90' lang='lat' dir='ltr'><strong>Chii</strong></span> <span class='ocrx_word' id='word_1_600' title='bbox 1589 3310 1728 3347; x_wconf 92' lang='lat' dir='ltr'><strong>insulae</strong></span> <span class='ocrx_word' id='word_1_601' title='bbox 1754 3311 1877 3348; x_wconf 88' lang='lat' dir='ltr'><strong>breves</strong></span> <span class='ocrx_word' id='word_1_602' title='bbox 1902 3311 1985 3348; x_wconf 86' lang='lat' dir='ltr'><strong>fasti</strong></span> <span class='ocrx_word' id='word_1_603' title='bbox 2011 3323 2045 3360; x_wconf 92' lang='lat' dir='ltr'><strong>p.</strong></span> <span class='ocrx_word' id='word_1_604' title='bbox 2071 3314 2114 3349; x_wconf 91' lang='lat' dir='ltr'><strong>V.</strong></span> 
     </span>
    </p>

    <p class='ocr_par' dir='ltr' id='par_1_61' title="bbox 1481 3369 2457 3421">
     <span class='ocr_line' id='line_1_104' title="bbox 1481 3369 2457 3421; baseline 0.005 -15"><span class='ocrx_word' id='word_1_605' title='bbox 1481 3369 1627 3406; x_wconf 90' lang='lat' dir='ltr'><strong>Chonae</strong></span> <span class='ocrx_word' id='word_1_606' title='bbox 1650 3375 1687 3406; x_wconf 90' lang='lat' dir='ltr'><strong>et</strong></span> <span class='ocrx_word' id='word_1_607' title='bbox 1711 3369 1877 3406; x_wconf 90' lang='lat' dir='ltr'><strong>Colossae</strong></span> <span class='ocrx_word' id='word_1_608' title='bbox 1901 3381 1974 3406; x_wconf 88' lang='lat' dir='ltr'><strong>una</strong></span> <span class='ocrx_word' id='word_1_609' title='bbox 2001 3370 2200 3419; x_wconf 87' lang='lat' dir='ltr'><strong>eademque</strong></span> <span class='ocrx_word' id='word_1_610' title='bbox 2225 3372 2312 3410; x_wconf 88' lang='lat' dir='ltr'><strong>urbs</strong></span> <span class='ocrx_word' id='word_1_611' title='bbox 2338 3385 2373 3421; x_wconf 80' lang='lat' dir='ltr'><strong>p.</strong></span> <span class='ocrx_word' id='word_1_612' title='bbox 2399 3378 2457 3411; x_wconf 86' lang='grc'><strong>26.</strong></span> 
     </span>
    </p>

    <p class='ocr_par' dir='ltr' id='par_1_62' title="bbox 1481 3426 2549 3532">
     <span class='ocr_line' id='line_1_105' title="bbox 1481 3426 2549 3479; baseline 0.007 -16"><span class='ocrx_word' id='word_1_613' title='bbox 1481 3426 1656 3464; x_wconf 71' lang='grc' dir='ltr'>(Ζῑιοειοὸε</span> <span class='ocrx_word' id='word_1_614' title='bbox 1685 3438 1744 3464; x_wconf 87' lang='lat' dir='ltr'><strong>rex</strong></span> <span class='ocrx_word' id='word_1_615' title='bbox 1773 3427 1937 3475; x_wconf 86' lang='lat' dir='ltr'><strong>ingratus</strong></span> <span class='ocrx_word' id='word_1_616' title='bbox 1965 3428 2155 3467; x_wconf 87' lang='lat' dir='ltr'><strong>christiani</strong></span> <span class='ocrx_word' id='word_1_617' title='bbox 2181 3431 2409 3479; x_wconf 85' lang='lat' dir='ltr'><strong>imperatoris</strong></span> <span class='ocrx_word' id='word_1_618' title='bbox 2440 3434 2549 3470; x_wconf 88' lang='lat' dir='ltr'><strong>bene-</strong></span> 
     </span>
     <span class='ocr_line' id='line_1_106' title="bbox 1550 3484 1808 3532; baseline 0.004 -12"><span class='ocrx_word' id='word_1_619' title='bbox 1550 3484 1642 3522; x_wconf 84' lang='lat' dir='ltr'><strong>ficiis</strong></span> <span class='ocrx_word' id='word_1_620' title='bbox 1666 3495 1701 3532; x_wconf 92' lang='lat' dir='ltr'><strong>p.</strong></span> <span class='ocrx_word' id='word_1_621' title='bbox 1725 3489 1808 3521; x_wconf 85' lang='grc'><strong>424.</strong></span> 
     </span>
    </p>

    <p class='ocr_par' dir='ltr' id='par_1_63' title="bbox 1480 3544 2579 3771">
     <span class='ocr_line' id='line_1_107' title="bbox 1480 3544 2550 3598; baseline 0.007 -17"><span class='ocrx_word' id='word_1_622' title='bbox 1480 3544 1646 3581; x_wconf 82' lang='lat' dir='ltr'><strong>Christus</strong></span> <span class='ocrx_word' id='word_1_623' title='bbox 1665 3549 1772 3582; x_wconf 89' lang='lat' dir='ltr'><strong>natus</strong></span> <span class='ocrx_word' id='word_1_624' title='bbox 1793 3555 1890 3582; x_wconf 85' lang='lat' dir='ltr'><strong>anno</strong></span> <span class='ocrx_word' id='word_1_625' title='bbox 1913 3545 2041 3590; x_wconf 88' lang='lat' dir='ltr'><strong>mundi</strong></span> <span class='ocrx_word' id='word_1_626' title='bbox 2059 3551 2164 3585; x_wconf 84' lang='grc'><strong>5506.</strong></span> <span class='ocrx_word' id='word_1_627' title='bbox 2188 3550 2348 3597; x_wconf 81' lang='lat' dir='ltr'><strong>Augusti</strong></span> <span class='ocrx_word' id='word_1_628' title='bbox 2369 3551 2550 3598; x_wconf 85' lang='lat' dir='ltr'><strong>imperan-</strong></span> 
     </span>
     <span class='ocr_line' id='line_1_108' title="bbox 1550 3602 2548 3655; baseline 0.007 -16"><span class='ocrx_word' id='word_1_629' title='bbox 1550 3602 1597 3639; x_wconf 83' lang='lat' dir='ltr'><strong>tis</strong></span> <span class='ocrx_word' id='word_1_630' title='bbox 1609 3612 1705 3638; x_wconf 91' lang='lat' dir='ltr'><strong>anno</strong></span> <span class='ocrx_word' id='word_1_631' title='bbox 1717 3606 1781 3647; x_wconf 88' lang='grc'><strong>42,</strong></span> <span class='ocrx_word' id='word_1_632' title='bbox 1796 3602 1854 3639; x_wconf 88' lang='lat' dir='ltr'><strong>die</strong></span> <span class='ocrx_word' id='word_1_633' title='bbox 1870 3602 2070 3642; x_wconf 82' lang='lat' dir='ltr'><strong>decembris</strong></span> <span class='ocrx_word' id='word_1_634' title='bbox 2086 3610 2142 3642; x_wconf 81' lang='grc'><strong>25.</strong></span> <span class='ocrx_word' id='word_1_635' title='bbox 2162 3606 2261 3644; x_wconf 90' lang='lat' dir='ltr'><strong>ldem</strong></span> <span class='ocrx_word' id='word_1_636' title='bbox 2276 3619 2402 3655; x_wconf 87' lang='lat' dir='ltr'><strong>passus</strong></span> <span class='ocrx_word' id='word_1_637' title='bbox 2420 3609 2548 3646; x_wconf 87' lang='lat' dir='ltr'><strong>mundi</strong></span> 
     </span>
     <span class='ocr_line' id='line_1_109' title="bbox 1549 3660 2579 3714; baseline 0.008 -18"><span class='ocrx_word' id='word_1_638' title='bbox 1549 3669 1648 3697; x_wconf 90' lang='lat' dir='ltr'><strong>anno</strong></span> <span class='ocrx_word' id='word_1_639' title='bbox 1666 3664 1780 3706; x_wconf 82' lang='grc'><strong>5539,</strong></span> <span class='ocrx_word' id='word_1_640' title='bbox 1800 3660 1936 3698; x_wconf 87' lang='lat' dir='ltr'><strong>Tiberii</strong></span> <span class='ocrx_word' id='word_1_641' title='bbox 1955 3673 2051 3699; x_wconf 89' lang='lat' dir='ltr'><strong>anno</strong></span> <span class='ocrx_word' id='word_1_642' title='bbox 2072 3668 2133 3709; x_wconf 88' lang='grc'><strong>18,</strong></span> <span class='ocrx_word' id='word_1_643' title='bbox 2154 3666 2272 3703; x_wconf 89' lang='lat' dir='ltr'><strong>martii</strong></span> <span class='ocrx_word' id='word_1_644' title='bbox 2293 3665 2351 3702; x_wconf 86' lang='lat' dir='ltr'><strong>die</strong></span> <span class='ocrx_word' id='word_1_645' title='bbox 2370 3671 2427 3704; x_wconf 84' lang='grc'><strong>23.</strong></span> <span class='ocrx_word' id='word_1_646' title='bbox 2449 3668 2579 3714; x_wconf 25' lang='lat' dir='ltr'><strong>Haec,-</strong></span> 
     </span>
     <span class='ocr_line' id='line_1_110' title="bbox 1550 3718 2311 3771; baseline 0.005 -16"><span class='ocrx_word' id='word_1_647' title='bbox 1550 3719 1647 3755; x_wconf 83' lang='lat' dir='ltr'><strong>iuxta</strong></span> <span class='ocrx_word' id='word_1_648' title='bbox 1672 3718 1853 3755; x_wconf 86' lang='lat' dir='ltr'><strong>calculum</strong></span> <span class='ocrx_word' id='word_1_649' title='bbox 1878 3721 2023 3759; x_wconf 84' lang='lat' dir='ltr'><strong>Nicetae</strong></span> <span class='ocrx_word' id='word_1_650' title='bbox 2049 3722 2145 3760; x_wconf 87' lang='lat' dir='ltr'><strong>Seidi</strong></span> <span class='ocrx_word' id='word_1_651' title='bbox 2170 3734 2205 3771; x_wconf 89' lang='lat' dir='ltr'><strong>p.</strong></span> <span class='ocrx_word' id='word_1_652' title='bbox 2230 3728 2311 3761; x_wconf 87' lang='grc'><strong>493.</strong></span> 
     </span>
    </p>

    <p class='ocr_par' dir='ltr' id='par_1_64' title="bbox 1482 3776 2549 3882">
     <span class='ocr_line' id='line_1_111' title="bbox 1482 3776 2549 3829; baseline 0.009 -16"><span class='ocrx_word' id='word_1_653' title='bbox 1482 3776 1736 3814; x_wconf 82' lang='lat' dir='ltr'><strong>Ciceronianae</strong></span> <span class='ocrx_word' id='word_1_654' title='bbox 1764 3777 1870 3814; x_wconf 92' lang='lat' dir='ltr'><strong>villae</strong></span> <span class='ocrx_word' id='word_1_655' title='bbox 1899 3779 2089 3818; x_wconf 80' lang='lat' dir='ltr'><strong>columnae</strong></span> <span class='ocrx_word' id='word_1_656' title='bbox 2119 3793 2152 3829; x_wconf 90' lang='lat' dir='ltr'><strong>p.</strong></span> <span class='ocrx_word' id='word_1_657' title='bbox 2187 3787 2357 3821; x_wconf 82' lang='grc'><strong>518-519.</strong></span> <span class='ocrx_word' id='word_1_658' title='bbox 2392 3780 2444 3822; x_wconf 88' lang='lat' dir='ltr'><strong>D&#39;e</strong></span> <span class='ocrx_word' id='word_1_659' title='bbox 2474 3785 2549 3823; x_wconf 88' lang='lat' dir='ltr'><strong>illis</strong></span> 
     </span>
     <span class='ocr_line' id='line_1_112' title="bbox 1551 3835 1946 3882; baseline 0.005 -12"><span class='ocrx_word' id='word_1_660' title='bbox 1551 3835 1770 3882; x_wconf 83' lang='lat' dir='ltr'><strong>epigramma</strong></span> <span class='ocrx_word' id='word_1_661' title='bbox 1799 3835 1946 3874; x_wconf 87' lang='lat' dir='ltr'><strong>ibidem.</strong></span> 
     </span>
    </p>
   </div>
   <div class='ocr_carea' id='block_1_13' title="bbox 2295 3918 2339 3943">
    <p class='ocr_par' dir='ltr' id='par_1_65' title="bbox 2295 3918 2339 3943">
     <span class='ocr_line' id='line_1_113' title="bbox 2295 3918 2339 3943; baseline 0.023 -1"><span class='ocrx_word' id='word_1_662' title='bbox 2295 3918 2339 3943; x_wconf 64' lang='lat' dir='ltr'><strong>An</strong></span> 
     </span>
    </p>
   </div>
  </div>
 </body>
</html>
