2970 4420
415 270 477 314 68
1371 284 1523 317 morus
1556 285 1734 317 ALLA‘ru

544 367 620 415 Ab
652 368 848 416 ethnicis
874 370 933 417 ad
958 386 1136 426 sacrOS‚
1164 371 1530 432 christianosque
1556 369 1772 417 Philones
1805 380 2133 422 convertamus
2165 373 2572 427 orationemrnon
2596 376 2688 421 mi-

417 461 503 491 nus
529 461 730 508 namque
755 462 812 493 eo
840 448 1029 495 nomine
1060 448 1313 510 gentilitas,
1341 461 1484 509 quam
1508 446 1758 494 christiana
1782 448 1930 510 pietas
1952 449 2196 511 gloriatur.
2225 451 2377 506 Quare
2402 451 2579 498 ratione
2604 466 2685 498 or·
2747 495 2749 497 ,

418 522 564 575 dinis,
589 531 638 568 et
672 537 832 571 rerum
862 523 1203 593 disputataium
1235 531 1527 576 conservata,
1554 525 1641 570 erit

545 600 642 646 LII.
680 599 814 646 Philo
855 601 1072 646 tarsensis
1107 600 1213 646 cilix
1247 599 1471 646 diaconus
1507 615 1600 646 una
1635 616 1742 647 cum
1776 601 1888 648 Gaio
1922 609 1968 647 et
2004 602 2312 665 Agathopode
2345 619 2501 651 comes
2537 605 2682 651 sancti

416 678 582 738 Ignatii
606 679 823 739 martyris
847 678 895 723 in
919 677 1085 722 itinere
1107 685 1159 722 ut
1175 691 1283 750 ipse
1306 675 1502 722 scribit
1490 693 1539 722 ιη
1565 676 1658 724 fine
1682 679 1818 739 epist.
1849 678 1910 724 ad
1937 680 2206 726 Tarsenses:
2243 669 2573 742 οἷσποίζέῗαι“
2548 693 2682 742 υμας

415 746 589 798 Φίλων
627 744 651 796 o‘
693 740 926 805 διάκονος
965 744 1130 813 ὁμων,
1160 748 1196 796 ὠ
1233 741 1315 796 καὶ
1357 740 1463 816 ἐγω
1500 743 1811 818 εὖχαρισὙω,
1841 741 2126 807 σπουδαίως
2156 747 2472 840 ὑπηρέΤουντι
2509 770 2596 819 μοι
2635 748 2680 801 ἐν

417 839 584 874 πασιν·
616 817 897 893 οἷσπαζεται
935 819 1070 890 ὁμοῖς
1101 816 1489 891 Ἀγαθόπους
1465 843 1488 873 ο
1522 817 1756 882 ὃιοίκονος
1792 822 1816 875 ὁ
1856 821 1909 874 ἐκ
1941 825 2212 895 Συρίας,
2192 846 2243 884 ος
2279 821 2560 877 οἶκολουθει
2589 846 2677 894 μοι

420 896 466 950 ἐν
501 897 718 970 Χριστῳ.
756 908 813 952 Et
851 907 986 968 epist.
1025 906 1083 952 ad
1123 906 1546 969 Philadelphienses
1580 923 1628 953 n.
1672 909 1747 954 11.
1785 896 1911 972 Περι
1948 894 2003 952 δὲ
2041 897 2276 960 Φίλωνος
2311 923 2402 953 του
2440 897 2678 953 διακόνου

417 971 602 1046 οἷνδρος
640 974 750 1027 οἶωό
792 977 1034 1033 Κιλικίας
1069 971 1551 1046 μεμαρτυρημένου,
1589 971 1643 1036 ὃς
1681 998 1764 1028 και
1808 976 1889 1030 νῦν
1924 974 1972 1030 ἐν
2008 973 2154 1048 λόγῳ
2195 977 2386 1045 (θεοῦ)
2429 976 2683 1048 ὑπηρετεῖ

415 1072 502 1119 μοι
541 1047 650 1122 ἁμα
685 1046 854 1120 Γαιῳ,
889 1072 971 1102 και
1006 1048 1358 1144 Αγαθόωοδι
1398 1048 1546 1125 ἅνδρι
1584 1051 1836 1125 ἐκλεκτῷ,
1874 1049 1927 1114 ὃς
1960 1051 2071 1106 οἷωό
2112 1056 2301 1125 Συρίας
2335 1075 2424 1123 μοι
2462 1053 2680 1107 οἶκολου-

416 1127 537 1188 θεῖ,
568 1125 959 1206 αποὙαξοίμενος
982 1125 1056 1197 τῷ
1083 1130 1207 1199 βίῳ,
1238 1147 1283 1180 οι
1316 1150 1400 1181 και
1438 1128 1834 1223 μοιρὛυρουσιν
1810 1146 1946 1200 υμιν·
1977 1127 2125 1202 κᾴγῶ
2162 1151 2232 1203 τῳ
2271 1127 2365 1202 θεῷ
2394 1129 2682 1204 εὐχαρισὙω

417 1203 536 1276 ὑπὲρ
577 1203 741 1275 ὁμων,
777 1202 884 1297 περὶ
921 1207 984 1256 ὡν
1021 1181 1283 1274 ἐδέξασθε
1319 1203 1526 1266 αὐτούς·
1563 1203 1907 1280 προσδέξεται
1945 1204 2031 1260 καὶ
2070 1205 2203 1277 ὁμας
2243 1229 2266 1258 ο
2308 1204 2496 1278 κύριος·
2535 1207 2583 1260 οἱ
2623 1203 2676 1259 δὲ

417 1279 758 1351 ἀτιμάσαντες
794 1278 980 1340 αυτοὺς
1016 1283 1404 1353 λυτρωθείκσαν
1442 1281 1488 1337 ἐν
1526 1282 1590 1351 τῇ
1624 1281 1803 1377 χάριτι
1836 1283 2010 1340 Ἰησου
2042 1283 2300 1356 Χριστοῦ,
2333 1305 2423 1336 του
2461 1307 2527 1353 μκ
2562 1288 2681 1348 βου

415 1355 642 1427 λομένου
664 1378 750 1410 τον
786 1354 1006 1411 θοίναἹον
1033 1357 1126 1410 τοῦ
1155 1358 1186 1411 οἱ
1190 1359 1493 1431 μαρὛωλου,
1525 1359 1673 1421 οἰλλοὶ
1704 1383 1789 1416 τκν
1821 1357 2084 1430 μεὙοίνοιαν
2120 1378 2208 1416 etc.
2247 1371 2302 1415 Et
2328 1371 2462 1431 epist.
2492 1369 2552 1415 ad
2585 1370 2682 1415 An-

414 1443 655 1489 tiochenos
695 1458 744 1488 n.
790 1444 881 1489 13:
921 1431 1248 1508 οἷστισοὶζονται
1295 1435 1429 1508 υμοῖς
1469 1434 1648 1490 Φίλων
1690 1459 1773 1489 και
1809 1433 2204 1520 Ayaaao'wovg,
2238 1437 2284 1488 οἱ
2331 1433 2592 1499 διάκονοι,
2629 1459 2674 1488 οι

419 1509 810 1564 συνακόλουθοί
838 1533 943 1582 μοι.
980 1522 1039 1565 Ηί
1074 1536 1276 1583 namque
1301 1523 1532 1584 Ignatium
1557 1538 1582 1569 e
1606 1524 1735 1583 Syria
1760 1525 1957 1570 Romam
1993 1523 2197 1569 comitati
2228 1531 2358 1576 sunt,
2385 1524 2575 1584 eiusque
2609 1537 2682 1568 re·
2750 1512 2752 1515 ⁵

415 1597 582 1658 liquias
607 1597 901 1644 Antiochiam
931 1598 1216 1652 retulerunt,
1245 1608 1297 1645 ut
1331 1599 1523 1646 adnotat
1553 1600 1716 1646 Caesar
1750 1601 1975 1647 Baronius
2002 1616 2057 1647 ex
2084 1602 2200 1647 actis
2218 1601 2362 1663 ipsius
2393 1601 2611 1662 martyris
2634 1601 2683 1645 in

415 1675 755 1736 martyrologio
782 1675 860 1738 (1.
891 1674 1012 1722 febr.
1039 1685 1085 1722 et
1116 1678 1190 1722 17.
1220 1676 1322 1723 dec.
1346 1676 1592 1738 >Meminit
1614 1678 2004 1740 martyrologium
2029 1693 2275 1725 romanum
2295 1670 2393 1725 VII.
2421 1676 2516 1723 kal.
2541 1677 2677 1723 maii:

416 1750 696 1798 Antiochiae
729 1763 1004 1797 sanctorum
1040 1751 1278 1804 Philoni„-
1310 1765 1355 1798 et
1385 1752 1716 1817 Agathopodls
1750 1753 2062 1800 diaconorum
2099 1753 2179 1816 (1).

542 1829 658 1874 LIII.
696 1828 831 1875 Philo
872 1830 1118 1892 episcopus
1155 1829 1338 1892 libycus
1375 1830 1434 1877 ab
1468 1832 1653 1892 Arianis
1691 1840 1886 1894 propter
1923 1830 2032 1877 fidei
2069 1830 2408 1877 confessionem
2439 1831 2489 1876 in
2523 1829 2682 1891 fugam

414 1906 698 2006 exiliumque
729 1906 1000 1968 compulsus
1038 1906 1355 1969 Babylonem,
1387 1917 1438 1955 ut
1469 1908 1629 1955 scribit
1661 1908 1938 1955 Athanasius
1972 1908 2159 1971 apolog.
2194 1906 2253 1953 de
2288 1907 2397 1969 fuga
2431 1922 2514 1954 sua
2546 1922 2594 1952 n.
2629 1908 2677 1952 7.

417 1986 520 2039 Και
563 1985 670 2058 γὰρ
705 1983 851 2047 ευθυς
889 1986 987 2040 οἰπο
1026 2010 1115 2048 τῆς
1146 1985 1442 2061 A17v'7r700,
1472 2011 1555 2042 και
1589 1986 1795 2054 Αιβῦων
1828 1985 2079 2062 ἐξώρισαν
2110 1984 2198 2058 μὲν
2232 1984 2534 2048 ἐπισκόπους
2560 1985 2683 2056 ’Λμ-

413 2062 627 2133 μώνιον,
662 2062 904 2126 Μοόιον,
941 2061 1130 2126 Γάιον,
1165 2068 1408 2127 Φιλωνα,
1439 2065 1656 2140 Ερμκν,
1692 2063 1943 2127 Πλκνιον,
1980 2062 2248 2136 Ψενοσιριν
2290 2082 2378 2120 etc.
2424 2086 2508 2116 και
2550 2058 2680 2115 οὕτω

413 2163 598 2212 πικρως
635 2137 835 2197 ἤλασαν
873 2140 1090 2203 αυτοῦς,
1128 2137 1192 2202 ὡς
1227 2164 1366 2203 τινας
1399 2141 1492 2213 μὲν
1529 2141 1694 2196 αὐτοῖν
1721 2141 1780 2196 ἐν
1815 2164 1932 2203 ταις
1969 2138 2149 2204 οὸοις,
2185 2164 2323 2201 τινας
2360 2137 2414 2194 δὲ
2458 2140 2503 2195 ἐν
2540 2161 2679 2212 αυτῳ

413 2217 486 2289 τῷ
523 2217 784 2300 ἐξορισμῷ
813 2214 1097 2272 αποθανειν·
1130 2215 1472 2282 ἔφυΓοίδευσαν
1505 2216 1609 2271 δὲ
1592 2217 1889 2314 επισκέπους
1917 2223 2126 2280 πλείους
2156 2242 2180 2274 n
2211 2215 2501 2289 τριοίκοντα·
2535 2237 2682 2270 σπου-

417 2291 475 2351 δη
506 2315 607 2365 ’γαρ
647 2300 699 2350 νἰν
737 2316 914 2354 αυτοις
944 2293 1075 2347 κατὰ
1104 2317 1188 2349 τον
1219 2295 1436 2364 Αχαοὶβ
1474 2295 1660 2370 ἐξαραι
1697 2318 1783 2352 την
1821 2293 2092 2351 ἀλήθειαν
2129 2306 2185 2350 Et
2219 2305 2266 2350 in
2298 2304 2494 2366 epistola
2519 2302 2578 2349 ad
2608 2317 2682 2349 so-

415 2382 614 2432 litariam
647 2381 788 2426 vitam
825 2389 1010 2442 agentes
1043 2397 1091 2427 n.
1122 2384 1202 2427 72
1246 2369 1350 2426 Δια
1383 2394 1537 2426 τουτο
1573 2395 1655 2426 και
1701 2371 2011 2445 Δρακόντιον
2045 2370 2137 2443 μὲν
2178 2371 2472 2426 ἕωίσκοωον
2508 2370 2580 2430 εἷς
2615 2391 2681 2422 τα

418 2447 581 2520 ἔρημα
615 2469 739 2519 ωερι
781 2471 837 2500 το
880 2447 1105 2518 Κλύσμα
1149 2447 1432 2521 ἐξώρισαν,
1467 2452 1679 2503 Φίλωνα
1716 2445 1775 2501 δὲ
1819 2448 1890 2509 εἷς
1930 2447 2251 2514 Βαβυλωνα,
2282 2443 2566 2510 Ἀ’ὃελφιον
2610 2445 2682 2506 εἷς

416 2529 662 2591 Ψίναβλα
695 2547 782 2585 τῆς
821 2521 1120 2590 Θηβαίδος,
1143 2523 1352 2598 Ἵέρακοί
1379 2547 1429 2578 τε
1461 2548 1544 2579 και
1583 2524 1864 2599 Διόσκορον
1900 2543 1988 2582 etc.
2029 2534 2203 2581 Similia
2233 2550 2288 2580 ex
2316 2534 2570 2579 Athanasio
2599 2532 2683 2578 ha-

414 2599 528 2646 bent
569 2602 776 2646 Socrates
820 2599 982 2649 histor.
1027 2599 1190 2647 eccles.
1236 2599 1320 2646 lib.
1359 2601 1417 2646 II.
1457 2616 1558 2663 cap.
1597 2602 1659 2647 28
1682 2636 1693 2655 ,
1729 2600 2048 2647 Theodoretus
2088 2600 2254 2645 histor.
2294 2599 2459 2645 eccleS.
2497 2596 2582 2644 lib.
2621 2598 2678 2643 ΙΙ,

415 2692 518 2739 cap.
554 2678 627 2722 tt.
657 2678 888 2731 Incertus,
919 2685 965 2722 et
991 2678 1179 2723 Simeon
1209 2677 1545 2739 metaphrastes
1570 2679 1615 2723 in
1640 2679 1734 2724 vita
1757 2677 2012 2724 Athanasii.
2041 2679 2210 2723 Narrat
2233 2667 2571 2736 HieronymuS‚
2600 2675 2682 2720 Hi-

413 2777 454 2813 in
471 2781 589 2813 vetere
613 2775 733 2812 bonae
753 2775 896 2812 litterae
916 2775 1175 2823 palimpsesto,
1196 2786 1355 2824 quorum
1382 2781 1506 2814 tamen
1532 2777 1652 2822 tituli,
1676 2781 1858 2825 quantum
1885 2776 1994 2813 oculo
2016 2775 2216 2813 festinante
2240 2774 2335 2818 vidi,
2354 2785 2441 2811 cum
2464 2772 2574 2811 editis
2595 2782 2682 2810 con-

413 2835 614 2884 gruebant3
643 2840 734 2882 puta
760 2836 902 2877 Φίλωνος
928 2838 1004 2884 περὶ
1035 2840 1094 2871 τοῦ
1120 2836 1195 2879 βίου
1221 2838 1379 2878 Μωσέως.
1407 2837 1472 2872 Et:
1500 2839 1575 2884 περὶ
1606 2839 1665 2872 τῶν
1694 2838 1777 2872 δέκα
1801 2837 1908 2884 λόγων
1932 2834 2169 2885 οἷ’κεφοίλαια
2195 2835 2300 2882 νόμων
2325 2834 2434 2870 εἷσίνῑ
2461 2832 2525 2881 qul
2550 2831 2682 2870 titulus

418 2894 596 2942 repetitur
624 2905 726 2931 more
752 2895 871 2942 prisco
896 2896 935 2931 in
961 2895 1032 2931 alia
1058 2895 1190 2942 pagina
1216 2895 1281 2932 ubi
1306 2894 1529 2942 opusculum
1554 2895 1702 2933 desinit.
1731 2897 1798 2933 Et:
1829 2899 1905 2945 περι·
1928 2898 1994 2933 τῶν
2015 2897 2047 2932 ἐν
2069 2897 2163 2944 μέρει
2185 2895 2442 2943 διαταγμάτων.
2469 2896 2536 2931 Et:
2564 2896 2625 2929 τῶν
2644 2893 2677 2927 ἐν

415 2957 494 2992 εἴδει
523 2956 627 3002 νόμων
655 2945 694 2991 ιδ
722 2956 758 2991 ε’.
787 2955 955 3002 Denique
980 2966 1072 3002 opus
1097 2957 1174 3004 περὶ
1203 2958 1265 2992 τῶν
1292 2955 1437 2993 θυόντων
1463 2955 1611 2993 brevius
1638 2956 1679 2993 in
1710 2956 1950 3005 palimpsesto
1975 2955 2316 3004 deprehendebam3
2349 2953 2486 2992 desi-nit
2515 2953 2615 2991 enim
2643 2951 2683 2988 in

412 3016 530 3053 verbis
557 3017 709 3065 παρέχων
735 3018 772 3052 ἐκ
800 3018 862 3052 τῶν
887 3017 1035 3063 ἀοράτων
1063 3019 1178 3064 πηγῶν
1206 3018 1317 3065 ’ὁρατά
1345 3018 1459 3065 φέγγη
1488 3018 1534 3062 τῷ
1560 3016 1779 3064 βλεπομένῳ;
1807 3027 1903 3064 quae
1928 3016 2028 3064 legas
2052 3016 2094 3052 in
2124 3014 2286 3052 editione
2316 3013 2537 3066 mangeiana
2561 3013 2605 3049 T.
2631 3012 2677 3047 ΙΙ.

413 3087 448 3123 p.
476 3080 561 3113 254.
586 3088 619 3113 v.
646 3081 705 3114 28.
732 3077 848 3124 Atqui
872 3075 923 3112 ibi
950 3077 1184 3124 prosequitur
1209 3077 1431 3124 opuseulum
1457 3075 1556 3124 apud
1582 3076 1794 3124 Mangeium
1810 3103 1820 3120 ,
1846 3086 1957 3123 quem
1982 3075 2073 3112 satis
2105 3079 2251 3111 constat
2279 3072 2479 3110 audaciore
2511 3071 2681 3109 libertate

414 3135 564 3173 editoris
588 3142 776 3181 utentem,
804 3136 937 3183 scripta
964 3136 1130 3173 Philonis
1157 3141 1271 3173 marte
1298 3136 1444 3184 proprio
1468 3134 1659 3173 interdum
1684 3135 1975 3173 consarcinasse.
2002 3135 2108 3172 Certe
2131 3133 2210 3178 ibi,
2233 3133 2273 3169 in
2297 3131 2427 3169 eadem
2453 3131 2680 3179 palimpsesti

414 3197 545 3245 pagina
572 3197 739 3244 sequitur
763 3196 984 3243 opusculum
1010 3195 1113 3232 aliud
1139 3207 1226 3233 cum
1250 3196 1379 3233 titulo:
1407 3198 1483 3243 περὶ
1514 3199 1574 3232 τοῦ
1599 3196 1768 3244 μίσθωμκ
1789 3196 1915 3243 πόρνης
1943 3196 1991 3237 εἰς
2015 3194 2052 3231 τὸ
2077 3196 2199 3243 ἱερεῖον
2223 3195 2272 3242 μή
2300 3193 2465 3241 κομίζειν.
2493 3193 2680 3229 Hactenus

415 3255 461 3291 de
488 3255 641 3292 modicis
666 3257 803 3293 uostris
827 3256 924 3292 circa
944 3255 1137 3293 Philonem
1158 3255 1303 3293 studiis.
1332 3258 1427 3293 Ecce
1452 3257 1551 3293 enim
1574 3256 1765 3304 perampla
1791 3255 1944 3293 demum
1966 3265 2147 3292 novorum
2164 3253 2333 3290 Philonis
2356 3252 2578 3299 scriptorum
2603 3261 2680 3299 pro·
2715 3274 2718 3278 -

415 3313 484 3351 diit
507 3313 565 3350 his
590 3315 697 3351 annis
723 3315 826 3362 copia
852 3326 894 3351 ex
919 3315 1137 3352 armeniacis
1163 3315 1354 3352 codicibus
1385 3327 1478 3352 arm.
1507 3321 1544 3353 et
1567 3315 1632 3353 lat.
1661 3315 1812 3360 edente,
1839 3316 2105 3362 interpretante
2133 3316 2248 3360 atque
2272 3311 2485 3349 illustrante
2510 3310 2678 3358 perdocto

416 3373 595 3410 monacho
622 3375 871 3412 mechitarista
897 3376 926 3411 Ι.
954 3376 996 3410 Β.
1016 3375 1209 3420 Auchero,
1236 3375 1523 3412 Venetiis1822.
1545 3380 1582 3412 et
1597 3379 1655 3412 26.
1684 3376 1802 3419 (Nam
1828 3374 1936 3410 Philo
1961 3375 2001 3410 in
2026 3371 2414 3427 haicanamblinguam
2442 3370 2536 3407 olim
2563 3375 2676 3407 trans·

416 3433 532 3477 latus,
559 3432 656 3479 apud
681 3433 839 3470 Graecos
864 3434 998 3481 partim
1025 3433 1159 3471 deinde
1184 3435 1315 3481 periit,
1341 3433 1440 3481 apud
1464 3434 1661 3471 Armenios
1686 3444 1811 3481 sospes
1837 3432 2130 3482 mansitQSunt
2154 3430 2278 3478 itaque
2303 3429 2389 3466 libri
2416 3428 2565 3481 duofde
2588 3439 2672 3476 pro·

415 3491 599 3527 videntia.
625 3491 735 3527 Liber
759 3502 858 3528 unus
882 3493 929 3529 de
954 3493 1210 3538 animalibus,
1228 3497 1272 3530 ut
1291 3493 1496 3543 videbatur
1520 3493 1694 3537 cuidam,
1713 3494 1866 3529 ratione
1890 3490 2092 3527 utentibus.
2120 3488 2366 3533 (Conferatur
2385 3487 2606 3525 Plutarchus
2629 3485 2678 3523 de

416 3549 634 3585 animalium
659 3549 858 3594 sollertia.)
883 3551 987 3588 Libri
1012 3557 1172 3599 quatuor
1196 3554 1462 3600 quaestionum
1486 3553 1527 3588 in
1547 3553 1734 3589 Genesim.
1761 3550 1867 3587 Libri
1892 3549 1968 3587 duo
1992 3550 2258 3596 quaestionum
2282 3549 2322 3583 in
2340 3546 2531 3583 Emodum.
2558 3545 2678 3583 fibel-

417 3608 476 3644 lus
501 3608 548 3644 de
572 3611 791 3655 sampsone.
819 3609 985 3647 Libellus
1011 3612 1058 3647 de
1083 3615 1189 3648 Iona.
1219 3611 1389 3649 Libellus
1415 3611 1463 3648 de
1487 3613 1631 3647 visione
1657 3610 1882 3657 anqelorum
1901 3610 1956 3646 ad
1972 3607 2255 3646 Abraliamum.
2282 3610 2403 3654 Atque
2429 3605 2592 3653 aliquam
2614 3606 2680 3642 ho-

418 3677 501 3702 rum
527 3667 697 3703 notitiam
724 3673 868 3704 nosmet
897 3669 967 3716 ipsi
997 3670 1304 3718 anticipavimus,
1332 3681 1374 3708 ex
1403 3670 1533 3708 eodem
1564 3674 1689 3707 tamen
1715 3670 1951 3707 Venetiarum
1980 3667 2082 3704 fonte
2113 3671 2300 3714 acceptam
2317 3693 2327 3710 ,
2354 3666 2404 3704 in,
2423 3664 2681 3702 dissertatione

418 3724 464 3761 de
488 3725 635 3772 seriptis
661 3725 829 3762 Philonis
854 3722 1023 3769 ineditis,
1050 3728 1252 3766 Mediolani
1280 3734 1385 3768 1815.
1412 3733 1458 3766 A.
1486 3731 1537 3766 M.

503 3787 550 3827 (1)
576 3784 756 3821 Batonius
780 3785 850 3821 loc·
872 3786 935 3822 cit·
957 3790 1014 3821 25.
1039 3798 1115 3833 apr.
1142 3791 1234 3825 Fuit
1257 3789 1369 3826 Pliilo
1396 3790 1577 3826 tarsensis
1602 3788 1803 3833 ecclesiae,
1822 3786 2055 3834 -Aqatliopus
2081 3784 2335 3821 antiochenae
2361 3783 2557 3820 diaconus.
2587 3778 2685 3820 Aeta'

420 3853 566 3891 quoque
592 3844 757 3892 martyrii
782 3845 819 3882 S.
848 3846 983 3893 Ignatii
1009 3846 1054 3884 ab
1081 3847 1138 3884 his
1163 3847 1308 3887 duobus
1333 3848 1437 3887 fuere
1462 3849 1685 3895 conscripta.
1713 3849 1838 3886 Usser.
1866 3844 1980 3894 praef.
2009 3844 2057 3883 ad
2083 3850 2233 3893 martyr.
2262 3844 2298 3881 S.
2327 3843 2475 3892 Ignatii.
2504 3845 2548 3879 A.
2577 3843 2631 3879 M-

2961 2795 2970 2803 ,Α
2956 2332 2970 2743 &mmmmm—„4⁶
2960 2230 2970 2320 .-..·.Λ..
2958 2156 2970 2207 ,“.....
2968 2110 2970 2113 .
2966 2068 2970 2077 ,Α
2961 1969 2970 2024 243.
2965 1927 2970 1938 ,.
2968 1813 2970 1815 .
