2970 4420
482 284 573 331 190
1437 297 1588 329 monis
1620 299 1798 331 ΑιιΑτιι

485 381 698 430 sionibus
722 383 1016 430 recensendis
1045 382 1231 430 fastidio
1266 382 1428 429 lectori
1464 384 1579 438 sim,
1608 383 1743 430 adeat
1772 385 1846 431 cui
1878 384 2008 432 lubet
2040 385 2326 451 bibliopolae
2356 389 2620 452 parisiensis
2653 391 2752 454 epi-

489 459 656 507 stolam
684 458 743 506 ad
774 459 1022 513 lectorem,
1049 469 1095 507 et
1126 461 1163 506 si
1195 459 1347 522 placet
1369 460 1692 514 Possevinum,
1721 468 1767 507 et
1799 462 2130 524 epitomatores
2151 467 2464 527 gesnerianos.
2502 467 2623 513 Hinc
2653 467 2754 514 col-

477 536 629 598 ligere
667 545 738 584 est
761 537 882 583 male
915 545 960 583 et
990 538 1241 583 Gesnerum
1272 543 1319 581 et
1348 537 1671 590 Possevinum‚
1702 537 2002 584 Theodorum
2035 539 2284 588 diaconum
2318 558 2343 589 a
2373 543 2647 590 Balsamone
2679 543 2752 589 di-

482 628 669 660 versum
709 613 875 660 facere.
917 611 1146 659 Theodori
1180 611 1377 658 diaconi
1416 611 1536 659 liber
1574 628 1777 676 graecus
1808 629 2058 661 sacrorum
2100 632 2335 664 canonum
2377 630 2478 665 tum
2514 620 2753 684 apostolo-

484 705 615 741 rum,
654 701 756 736 tum
788 689 1077 752 synodorum
1110 699 1156 733 et
1188 688 1601 735 oecumenicarum
1634 701 1680 735 et
1705 690 2112 754 particularium,
2143 694 2441 758 aliorumque
2474 707 2752 743 sanctorum

480 779 678 830 patrum
700 776 788 814 etc.
827 766 878 812 in
911 765 1123 828 quadam
1148 765 1432 812 bibliotheca
1457 766 1654 812 Italiae.
1695 766 1927 815 Theodori
1958 768 2154 814 diaconi
2177 786 2378 818 canones
2411 771 2664 836 synodales
2686 767 2749 818 ⁸in

483 845 532 890 lt.
552 843 890 907 manuscripti,
916 842 966 888 in
989 841 1273 888 bibliotheca
1301 842 1603 907 imperatoris
1628 843 1948 891 Vindobonae.
1970 845 2214 911 Habentur
2233 850 2403 910 passim
2423 851 2744 913 manuscripti.

480 921 570 966 Sed
601 923 648 967 in
682 920 982 1004 altempsiana
1013 929 1366 982 praeponuntur
1395 921 1601 967 eiusdem
1637 922 1841 968 carmina
1875 922 2061 970 heroica
2093 925 2273 970 LXXII.
2300 925 2359 971 ob
2385 926 2657 973 absolutam
2685 926 2748 972 ab

478 997 579 1060 ipso
604 1013 941 1043 nomoeanonzs
974 995 1342 1059 exposi',tzonem
1383 986 1539 1061 χάριν
1567 1011 1657 1050 τῆς
1683 988 1792 1063 παρ’
1822 989 1987 1043 αὐτοῦ
1998 989 2286 1083 γενομένης
2325 992 2613 1065 ἐξηγήσεως
2647 1016 2739 1048 του

478 1068 846 1136 νομοκανονίω
883 1068 936 1115 Ρ.
969 1062 1205 1138 ’'Am-epae
1242 1064 1307 1125 ὠς
1342 1063 1644 1130 πολύφωτοι
1684 1065 1939 1139 οἶφεὙΓους
1978 1064 2190 1138 ὄμματα
2228 1068 2419 1130 νυκτός.

600 1150 818 1196 Eiusdem
855 1149 1091 1195 meditata
1133 1151 1262 1197 varia
1303 1151 1526 1213 impressa
1566 1160 1674 1198 sunt
1709 1153 1846 1198 simul
1890 1155 2048 1200 omnia
2086 1155 2133 1199 in
2174 1156 2277 1201 iure
2316 1170 2745 1217 graeco—romano,

472 1228 679 1274 Iohanne
716 1227 996 1273 Leunclavio
1030 1228 1308 1289 interprete,
1339 1243 1502 1289 graece
1536 1236 1579 1275 et
1611 1228 1779 1283 latine,
1807 1230 2101 1276 Francofurti
2134 1232 2272 1278 1596.
2311 1233 2358 1278 in
2388 1231 2473 1278 fol.
2511 1233 2746 1287 Quemad-

467 1306 664 1351 modum
684 1312 735 1361 ‚et
771 1303 881 1350 alibi
907 1303 1229 1367 responsiones
1258 1305 1317 1350 ad
1350 1305 1666 1366 quorumdam
1700 1307 2039 1354 monachorum
2073 1317 2202 1354 extra
2232 1307 2397 1355 urbem
2429 1302 2745 1356 constantino-

473 1378 728 1443 politanam
764 1381 1177 1442 interrogationes:
1203 1390 1249 1428 et
1275 1382 1390 1428 aliae
1417 1382 1738 1445 responsiones
1769 1384 1828 1430 ad
1861 1384 2146 1446 interrogata
2175 1386 2316 1432 Marci
2342 1385 2631 1448 patriarchae
2661 1401 2745 1433 an-

471 1459 695 1511 tiocheni,
724 1474 843 1520 quae
869 1458 1102 1506 habentur
1125 1475 1288 1522 graece
1313 1462 1654 1523 manuscriptae
1677 1462 1726 1507 in
1748 1460 2034 1509 bibliotheca
2058 1462 2273 1509 bavarica
2298 1463 2404 1510 cod.
2428 1464 2514 1517 41,
2541 1464 2588 1510 in
2613 1465 2740 1526 regia

470 1538 653 1582 Parisiis
689 1536 795 1582 cod.
834 1538 955 1589 912,
994 1545 1045 1582 ut
1081 1545 1127 1583 et
1160 1538 1388 1599 expositio
1430 1539 1476 1583 in
1517 1554 1717 1585 canones
1752 1541 2068 1602 manuscripta
2103 1541 2150 1585 in
2184 1539 2469 1587 bibliotheca
2501 1542 2739 1594 vaticana,

390 1605 398 1613 ’
467 1613 717 1665 sfortiana,
746 1612 1062 1675 altempsiana.
1102 1615 1155 1659 ln
1187 1614 1314 1659 illius
1348 1630 1463 1661 vero
1498 1615 1695 1662 lectione
1727 1617 1880 1662 cautio
1915 1616 2182 1663 adhibenda
2214 1625 2310 1671 est,
2348 1624 2399 1663 ut
2430 1619 2607 1679 optime
2640 1619 2741 1664 ani-

463 1691 712 1738 madvertit
745 1691 970 1737 Baronius
1004 1699 1133 1737 tomo
1166 1693 1288 1737 XIX.
1317 1707 1440 1739 anno
1476 1693 1642 1739 Christi
1672 1694 1812 1740 1191.
1843 1685 1973 1740 numi
2003 1695 2083 1740 51.
2119 1702 2164 1740 et
2189 1693 2318 1740 alibi.
2347 1694 2740 1757 Quandoquidem

468 1771 583 1830 ipsis
616 1783 806 1830 quoque
836 1769 1018 1814 Graecis
1054 1783 1150 1814 non
1182 1784 1517 1831 usquequaque
1550 1770 1671 1816 dicta
1699 1769 1826 1817 illius
1855 1770 2081 1817 arrident.
2119 1772 2191 1816 De
2219 1787 2314 1816 non
2345 1771 2741 1818 communicando

463 1864 571 1893 eam
603 1844 812 1896 Latinis,
844 1861 963 1907 quos
993 1846 1075 1891 ille
1108 1846 1392 1893 execrandos
1427 1846 1657 1909 appellat,
1684 1846 1814 1893 velut
1837 1846 2110 1894 haereticos.
2144 1847 2261 1894 Vide
2293 1848 2514 1894 Demetrii
2539 1847 2740 1894 Choma-

462 1926 557 1971 teni
587 1924 912 1986 responsiones
938 1922 996 1968 ad
1029 1923 1381 1969 Constantinum
1415 1923 1672 1970 Cabasilam
1697 1922 1782 1970 lib.
1812 1925 1866 1971 V.
1894 1925 2009 1971 iuris
2033 1925 2434 1987 graeco-romani.
2467 1924 2584 1971 Vide
2616 1940 2737 1987 quae

464 2002 523 2047 de
559 2016 616 2047 eo
651 2001 875 2046 adnotant
909 1999 1219 2045 Bellarminus
1252 2000 1312 2046 de
1349 2000 1655 2063 scriptoribus
1686 2000 2027 2055 ecclesiasticis,
2064 2009 2108 2047 et
2143 2001 2371 2047 Baronius
2405 2016 2529 2048 anno
2563 2001 2734 2048 Christi

468 2081 608 2125 1191.
637 2094 766 2129 num.
798 2079 876 2123 49.
909 2086 955 2123 et
990 2079 1075 2131 62,
1104 2078 1305 2139 denique
1338 2079 1518 2125 Nicetas
1551 2078 1788 2125 choniates
1820 2077 1905 2124 lih.
1934 2079 1993 2124 II.
2031 2078 2091 2125 de
2123 2079 2262 2140 gestis
2292 2078 2435 2125 Isaaci
2470 2078 2663 2141 Angeli,
2690 2087 2737 2125 et

467 2165 625 2203 noster
660 2156 955 2202 doctissimus
988 2154 1182 2200 Iacobus
1211 2155 1332 2201 Goar
1367 2156 1413 2201 in
1451 2155 1731 2217 euchologio
1766 2171 1873 2219 pag.
1903 2157 2015 2202 523.

596 2234 813 2278 CXXXII.
851 2231 1083 2277 Theodori
1118 2233 1272 2278 Ducae
1307 2233 1511 2278 Lascaris
1546 2233 1842 2295 imperatoris
1880 2231 2371 2294 constantinopolitani
2406 2247 2503 2278 non
2541 2232 2735 2279 minima

464 2311 565 2356 laus
589 2318 679 2363 est,
708 2308 836 2371 quod
856 2297 919 2354 'in
952 2309 1141 2354 minime
1172 2310 1343 2370 pacatis
1369 2309 1651 2372 reipublicae
1685 2309 1853 2364 rebus,
1881 2309 1963 2356 sed
1987 2311 2247 2371 plurimum
2283 2307 2588 2363 turbulentis,
2614 2317 2735 2355 tem-

465 2403 553 2448 pus
586 2387 714 2448 quod
748 2387 815 2432 illi
847 2395 1085 2448 supererat
1118 2402 1173 2431 ex
1207 2385 1407 2448 publicis
1437 2388 1634 2449 negotiis
1665 2374 1908 2433 excussum
1940 2387 2105 2433 studiis
2128 2395 2175 2433 et
2198 2387 2439 2449 scriptioni
2467 2385 2727 2433 tribuebat:

463 2465 663 2526 ideoque
696 2465 821 2510 varia
855 2465 924 2509 sui
954 2465 1124 2525 ingenii
1159 2472 1485 2517 monumenta,
1513 2480 1632 2526 quae
1663 2464 1939 2511 doctissimis
1971 2463 2233 2526 quibusque
2265 2463 2562 2509 admirationi
2594 2471 2729 2515 sunt,

466 2543 660 2604 posteris
691 2543 877 2603 reliquit
905 2541 985 2604 (l).
1004 2543 1226 2588 ‘Excusus
1254 2551 1320 2588 est
1352 2542 1476 2588 illius
1507 2557 1657 2588 canon
1691 2542 1995 2604 paracleticus
2025 2542 2075 2588 in
2107 2541 2440 2588 sanctissimam
2471 2541 2729 2603 virginem,

463 2636 559 2682 quo
594 2619 719 2665 illius
754 2635 892 2681 opem
931 2618 1221 2681 temporibus
1255 2615 1539 2666 difficillimis
1573 2628 1620 2665 et
1657 2619 2064 2666 calamitosissimis
2099 2618 2355 2681 implorat,
2393 2618 2732 2680 elegantissime

464 2698 663 2758 scriptus
703 2705 809 2759 post
844 2697 1164 2758 paracleticem
1202 2696 1379 2743 librum
1417 2698 1699 2743 Graecorum
1735 2696 2110 2743 ecclesiasticum.
2148 2696 2189 2741 A
2224 2695 2465 2742 Ludovieo
2504 2696 2733 2742 Maraccio

463 2773 521 2819 de
557 2789 724 2835 graeco
760 2773 900 2820 latine
935 2773 1172 2819 redditum
1208 2772 1339 2820 dabit
1373 2775 1422 2819 in
1458 2775 1552 2820 suis
1586 2772 1849 2820 caesaribus
1887 2788 1967 2819 seu
2003 2771 2366 2835 imperatoribus
2398 2772 2618 2818 marianis
2654 2778 2730 2827 φι-

464 2840 923 2915 λοπαρθενώτατος
956 2850 1243 2912 Hippolytus
1271 2852 1549 2897 Marraccius
1578 2849 1689 2897 dicti
1724 2849 1948 2897 Ludovici
1982 2849 2143 2896 frater.
2180 2848 2398 2896 Eiusdem
2433 2848 2492 2893 de
2519 2864 2731 2894 eommu—

461 2927 603 2974 nione
632 2927 852 2974 naturali
883 2927 1031 2974 libros
1065 2944 1143 2975 sex
1173 2929 1353 2991 primus
1388 2930 1435 2975 in
1470 2929 1676 2990 linguam
1702 2928 1893 2975 latinam
1929 2929 2066 2974 vertit
2099 2927 2318 2973 Claudius
2348 2925 2584 2972 Aubertus
2619 2927 2731 2972 tria-

464 3008 680 3052 curianus
715 3006 892 3067 gallus,
921 3008 998 3067 qui
1031 3006 1234 3068 denique
1268 3007 1524 3053 calviniana
1552 3008 1728 3053 eiurata
1761 3006 1966 3060 haeresi,
1994 3006 2190 3051 Divione
2216 3004 2441 3051 catholice
2473 3002 2615 3057 obiit,
2640 3004 2729 3050 Ba-

462 3083 600 3129 sileae
633 3082 758 3144 apud
792 3084 1089 3145 Episcopium
1124 3084 1262 3129 1571.
1292 3084 1337 3129 in
1371 3085 1417 3130 8.
1452 3083 1700 3145 Exemplar
1734 3097 1951 3145 graecum
1985 3082 2214 3128 Iohannes
2244 3079 2498 3127 Sambucus
2532 3078 2727 3126 Iohanni

461 3160 742 3206 Leunclavio
767 3161 1098 3206 transmiserat.
1132 3159 1377 3206 Habentur
1399 3162 1537 3207 etiam
1563 3160 1865 3222 manuscripti
1890 3174 2053 3221 graece
2076 3160 2126 3204 in
2152 3157 2438 3204 bibliotheca
2463 3157 2586 3218 regia
2613 3157 2726 3202 Sco-

462 3237 600 3290 riaci,
628 3245 674 3282 et
704 3238 751 3281 in
783 3237 1006 3282 vaticana.
1045 3237 1294 3299 Incipiunt.
1326 3228 1415 3280 Ἔκ
1449 3228 1674 3283 ωολλων
1706 3225 1797 3297 μὲν
1829 3224 2143 3301 πραγμάτων
2179 3223 2262 3278 καὶ
2303 3221 2483 3278 ἄλλων
2518 3220 2723 3295 γνόντες

465 3314 511 3366 οἳ
551 3311 830 3388 ἀνθρωττοι.

591 3403 807 3448 Eiusdem
843 3402 1076 3450 habentur
1108 3402 1286 3450 ibidem
1317 3404 1630 3465 manuscripta
1668 3391 1902 3465 ἔγκωμια
1940 3393 2011 3455 εἷς
2044 3415 2131 3447 τον
2169 3388 2358 3444 ἑαυτοῦ
2390 3385 2616 3461 πατέρα,
2651 3387 2722 3449 εἷς

887 3470 912 3481 Ν

462 3490 546 3522 τον
578 3467 808 3534 βασιλέα
838 3493 935 3524 των
962 3469 1297 3542 Ἀλαμανων,
1331 3493 1415 3524 και
1453 3468 1617 3524 ἄλλα.
1653 3479 1978 3526 Laudationes
2011 3496 2062 3524 tn
2088 3488 2305 3542 patrem,
2336 3474 2388 3520 in
2422 3489 2581 3537 regem
2616 3473 2725 3519 Ale—

550 3625 598 3666 (1)
622 3622 806 3660 Theodori
831 3625 942 3662 huius
968 3627 1055 3673 imp.
1079 3628 1253 3675 magister
1276 3627 1349 3664 fuit
1369 3637 1526 3675 magnus
1551 3627 1615 3664 ille
1633 3625 1865 3674 Nicephorus
1882 3622 2109 3667 Blemmida,
2131 3622 2238 3659 cuius
2257 3619 2496 3657 monitoriam
2514 3619 2720 3656 orationem

465 3684 580 3719 ὁποῖον
601 3686 651 3718 δεῖ
669 3682 754 3718 &fv-“⁴¹
777 3687 834 3719 τόν
857 3685 1009 3727 βασιλέα
1022 3713 1031 3729 ,
1058 3688 1209 3733 qualem
1230 3690 1408 3736 oporteat
1425 3699 1503 3724 esse
1522 3698 1650 3735 regem
1675 3690 1784 3731 (cum
1810 3685 1976 3722 eiusdem
1995 3681 2232 3731 paraphrasi)
2257 3679 2305 3717 ad
2324 3680 2467 3727 regium
2494 3678 2721 3726 discipulum

466 3742 639 3789 scriptam
666 3743 892 3790 vulgavimus
916 3755 984 3781 nos
1009 3746 1047 3781 in
1079 3746 1242 3783 secundo
1272 3746 1459 3784 volumine
1490 3746 1711 3795 scriptorum
1736 3751 1913 3782 veterum.
1939 3743 2062 3779 Vitam
2088 3746 2212 3778 autem
2235 3749 2367 3787 resque
2395 3744 2516 3787 gestas
2543 3737 2719 3786 praeclari
2745 3746 2753 3751 ·

467 3800 580 3837 huius
607 3801 838 3848 imperatoris
866 3802 994 3839 scribit
1021 3803 1226 3841 luculenter
1251 3805 1496 3852 Ephraemius
1523 3803 1841 3852 chronographus.
1868 3802 1925 3840 Ibi
1948 3812 1981 3837 v.
2007 3804 2123 3845 9279,
2149 3798 2288 3837 dieitur
2311 3796 2529 3835 Theodorus
2553 3798 2638 3846 ἴδρις
2665 3813 2723 3833 σο-

466 3861 546 3908 φίας
572 3863 791 3903 παντοδαπῆς
818 3863 876 3898 καὶ
904 3864 1034 3909 λόγων,
1060 3864 1280 3900 omm‘moda
1303 3866 1498 3911 sapientia
1523 3864 1781 3910 doctrinisque
1805 3862 2025 3899 instructus.
