2970 4420
0 654 3 679 ‘⁴⁷‘
0 636 1 641 Α
0 183 18 622 ‘'wit-3⁶2

27 113 36 119 ι

627 220 642 241 Ι
1352 263 1455 295 vrrA
1463 282 1476 294 ο
2483 270 2543 306 IV

288 336 374 378 rita
389 366 402 389 ,
425 347 478 376 ne
506 335 603 390 quis
626 335 732 377 alius
754 335 1064 390 praefecturam
1090 337 1281 391 collegii,
1305 341 1347 380 et
1373 330 1614 392 proxim'um
1641 337 1857 392 praefecto
1884 338 2053 395 locum,
2081 340 2159 383 nisi
2189 344 2476 400 mahonensis,
2499 349 2544 390 in

289 412 508 462 posterum
543 405 767 448 obtineret.
803 407 1132 451 Confirmaverat
1165 409 1240 451 has
1272 409 1386 463 leges
1412 409 1692 461 lastinianus,
1725 421 1821 451 cum
1853 414 2014 453 statum
2044 412 2277 457 sodalitatis
2309 429 2402 470 pro
2418 424 2544 473 pote·-

286 481 420 530 state‚
446 488 531 532 qua
556 476 738 532 praediti
762 482 861 520 sunt
887 479 1105 521 civitatum
1135 481 1368 535 antistites,
1395 480 1602 535 inspexit3
1626 484 1670 522 et
1697 482 1906 535 quamvis
1914 494 2040 525 nemo
2070 484 2115 526 in
2143 488 2379 539 praesentia
2405 501 2543 545 neque

282 547 591 600 statuentibus,
625 560 762 602 neque
788 552 946 591 statuta
978 549 1246 593 confirmanti
1276 552 1337 593 sit
1352 551 1626 607 refragatus,
1659 556 1839 607 propter
1871 552 2116 607 dignitatem
2147 567 2318 610 eorum,
2350 558 2403 600 ad
2435 571 2543 614 quos

293 619 531 674 pertinebat
559 618 720 672 bonos;
755 620 852 673 quia
882 623 1022 662 tamen
1052 621 1175 676 plena
1200 622 1386 667 invidiae
1410 634 1502 676 res,
1529 627 1694 665 mature
1717 635 1808 666 eam
1835 624 2130 678 reputantibus
2154 627 2242 669 visa
2269 627 2422 670 deinde
2453 636 2540 684 est,
2584 630 2598 641 ‘

292 695 334 732 ct
361 691 404 732 in
433 690 622 745 reliquos
647 691 953 733 contumeliosa
979 693 1113 743 cives,
1139 693 1300 735 inventi
1327 697 1424 736 sunt
1449 694 1523 748 qui
1549 695 1688 748 primo
1717 695 1896 738 occultis
1925 697 2225 753 qucrimoniiS,
2249 698 2398 742 deinde
2427 704 2541 743 omui

289 760 443 802 omissa
477 759 833 813 dissimulatione,
861 762 1055 804 ultimum
1084 762 1169 804 hoc
1201 762 1308 816 legis
1339 768 1469 818 caput
1497 753 1835 820 oppugnandum
1867 766 2213 821 aggrederentur.
2248 770 2338 811 Hos
2369 771 2538 825 episco-

289 842 391 884 pus,
424 828 527 885 quia
555 830 660 873 falso
692 830 910 886 publicum
940 833 1175 876 sodalitatis
1201 845 1357 875 nomeu
1386 834 1633 890 induerant,
1668 835 1754 878 suis
1783 837 2027 880 muneribus
2055 839 2323 882 mulctandos
2352 843 2536 896 curavit3

288 905 517 957 secutaque
549 906 612 943 est
641 902 791 956 ingens
820 904 1055 946 animorum
1079 904 1314 958 dissensio.
1345 905 1433 946 aliis
1459 906 1685 961 burgensi,
1719 907 1811 949 aliis
1834 907 2081 952 mahonensi
2114 910 2223 963 parti
2250 910 2536 966 studentibus3

287 978 336 1016 ut
365 975 447 1016 nisi
475 978 610 1017 metus
648 987 673 1016 a
700 975 847 1017 Tuteis
881 975 1094 1018 civitatem
1123 975 1362 1017 tenentibus
1398 976 1652 1031 obstitisset,
1685 982 1887 1034 eruptura
1915 979 1961 1021 in
1989 979 2267 1034 seditionem,
2299 994 2349 1024 ac
2380 982 2539 1026 bellum

280 1045 407 1088 civile
436 1045 669 1088 videretur.
703 1040 926 1089 Accessere
959 1045 1114 1101 quibus
1144 1045 1313 1088 turbata
1346 1048 1518 1090 ecclesia
1551 1061 1660 1103 opus
1691 1054 1799 1103 erat,
1826 1055 2004 1106 propter
2033 1049 2217 1098 imbutas
2246 1065 2295 1095 ex
2326 1066 2537 1097 commer-

285 1117 352 1159 cio
382 1117 620 1171 Anglorum
651 1119 993 1172 Batavorumque
1026 1118 1170 1172 pravis
1205 1118 1258 1160 de
1291 1118 1496 1172 religione
1533 1120 1806 1174 opinionibus
1837 1126 2021 1175 mentes,
2054 1123 2122 1165 cui
2158 1125 2264 1179 pesti
2298 1137 2539 1181 propagan-

277 1187 362 1231 dae
391 1189 492 1230 satis
517 1188 807 1243 intelligebant
833 1192 1039 1243 quantum
1066 1188 1112 1231 in
1138 1189 1290 1244 populi
1314 1188 1453 1231 turbis
1476 1202 1524 1232 ac
1547 1191 1769 1234 imminuta
1795 1204 1894 1247 erga
1919 1195 2145 1236 antistitem
2170 1196 2404 1238 reverentia
2430 1197 2538 1239 ines-

282 1263 346 1301 set
377 1259 601 1301 momenti

404 1331 479 1372 22.
510 1330 662 1385 Itaque
684 1332 734 1372 ut
759 1330 933 1372 iniuriae
961 1330 1177 1372 faciendae
1209 1330 1314 1372 iuris
1337 1331 1577 1378 observatio
1603 1332 1827 1375 honestum
1856 1334 2079 1377 obtentum
2108 1336 2357 1391 praeberet,
2384 1337 2536 1380 adver-

275 1413 350 1442 sus
391 1401 581 1455 episcopi
618 1400 836 1444 decretum
877 1401 1055 1461 Romam
1095 1406 1381 1455 provocatur,
1414 1402 1597 1456 indeque
1622 1405 1836 1447 mandata
1874 1418 2057 1461 propere
2094 1407 2350 1460 afferuntur,
2380 1409 2537 1463 quibus

282 1474 293 1523 (
309 1476 357 1513 ut
383 1473 520 1527 prima
552 1473 696 1527 specie
727 1471 988 1527 apparebat)
1017 1473 1202 1515 rescindi
1232 1473 1489 1516 iubebantur
1520 1487 1627 1529 quae
1653 1475 1706 1517 ab
1735 1478 1939 1531 episcopo
1964 1483 2086 1520 erant
2114 1483 2257 1533 gesta,
2290 1479 2418 1535 inque
2445 1482 2535 1535 pri-

279 1544 434 1586 stinum
465 1548 617 1586 statum
648 1548 800 1586 cuncta
828 1545 1014 1598 restitui,
1048 1545 1204 1609 seyeris
1233 1544 1387 1587 additis
1416 1545 1814 1589 denunciationibus
1840 1560 1889 1589 ac
1919 1550 2068 1602 poenis
2095 1550 2139 1591 ni
2169 1551 2359 1604 protinus
2387 1563 2535 1606 parea-

278 1620 376 1669 tur,
409 1617 513 1671 quin
544 1615 671 1658 etiam
696 1615 965 1667 exactoribus
987 1616 1209 1670 praecepti
1239 1616 1448 1670 pontificii
1473 1618 1662 1660 caelestis
1690 1618 1821 1671 gladii
1847 1632 1947 1661 usus
1970 1620 2103 1662 tribui
2131 1620 2372 1673 dicebatur,
2398 1622 2532 1665 inter-'

278 1686 530 1741 dicendique
565 1690 752 1742 potestas
783 1698 807 1727 a
845 1686 1063 1727 consortio
1100 1685 1309 1739 fidelium,
1341 1691 1384 1729 et
1414 1690 1693 1742 usurpatione
1727 1702 1962 1732 sacrorum.
1997 1692 2062 1733 Ita
2098 1691 2278 1747 abrupte
2313 1705 2361 1734 ac
2395 1694 2533 1748 rigide

276 1757 545 1812 interpretari
579 1757 797 1812 placuerat
825 1756 1041 1809 vulgarem
1076 1757 1329 1812 formulam,
1362 1770 1448 1812 qua
1479 1759 1682 1802 inchoare
1715 1773 1842 1815 saepe
1876 1761 2030 1803 iudicia
2065 1762 2173 1804 solet
2205 1775 2392 1806 camerae
2424 1776 2534 1819 apo-

275 1828 472 1882 stolicae,
500 1833 548 1870 ut
578 1832 756 1881 vocant,
789 1827 983 1880 auditor,
1017 1828 1136 1869 cuius
1166 1828 1363 1871 latissime
1393 1833 1511 1883 patet
1542 1843 1619 1884 per
1646 1843 1816 1873 omnem
1851 1831 2102 1873 catholicam
2133 1833 2351 1875 ecclesiam
2379 1839 2529 1877 aucto-

275 1902 391 1942 ritas.
423 1901 634 1955 Receptus
654 1894 835 1954 namq'ue
861 1899 907 1940 in
929 1911 980 1940 eo
1004 1898 1208 1941 tribunali
1234 1912 1327 1941 mos
1351 1904 1413 1942 est
1435 1901 1574 1942 statim
1606 1902 1915 1956 pronunciandi
1936 1903 2165 1945 secundum
2195 1908 2380 1946 actorem
2402 1916 2531 1961 quam

275 1972 548 2027 amplissime,
580 1975 623 2013 et
651 1971 783 2013 veluti
809 1983 978 2029 causam
1010 1970 1180 2024 egregie
1207 1971 1338 2013 iudici
1369 1972 1453 2015 iam
1483 1974 1729 2027 probasset,
1758 1979 1909 2016 cuncta
1932 1975 1997 2016 illi
2024 1975 2127 2017 iuris
2158 1976 2332 2029 auxilia,
2359 1976 2414 2018 ad
2445 1976 2528 2018 ob-

273 2042 493 2085 tinendum
515 2042 636 2098 qupd
655 2042 1161 2095 velit‚.accommodandi
1186 2043 1381 2085 sollemni
1408 2044 1613 2098 formula,
1639 2046 1765 2100 quam
1793 2045 2088 2087 inhibitionem
2112 2047 2339 2101 appellant.
2371 2048 2528 2090 Verum

266 2113 378 2156 'haec
398 2113 672 2157 ostentandae
692 2114 838 2169 potius
858 2115 1105 2167 maiestatis,
1131 2118 1174 2156 et
1194 2114 1390 2170 obsequii
1410 2129 1435 2157 a
1455 2115 1745 2158 recusantibus
1767 2117 2028 2172 exprimendi
2050 2118 2207 2171 gratia,
2232 2118 2413 2160 factitari
2436 2131 2528 2160 ma-

272 2187 472 2229 nifestum
500 2188 588 2237 est,
614 2196 741 2239 quam
773 2184 892 2239 quod
921 2185 1080 2227 indicta
1109 2198 1230 2228 causa
1259 2198 1517 2242 quemquam
1547 2188 1822 2231 condemnari
1850 2189 2032 2243 placeat.
2062 2188 2368 2243 ·lllud.quippe
2399 2188 2525 2230 adiici

221 2308 227 2309 ⁷
271 2258 530 2312 scripturae,
556 2266 683 2309 quam
715 2254 918 2309 diximus,
941 2244 1144 2297 sollemne
1173 2260 1260 2309 est,
1283 2261 1332 2299 ut
1360 2257 1397 2299 si
1424 2257 1550 2300 nimis
1569 2258 1704 2315 rigide
1725 2272 1868 2301 secum
1898 2264 2039 2301 actum
2071 2259 2278 2301 existimet
2301 2271 2417 2313 reus,
2440 2259 2528 2314 pri-

270 2341 343 2371 mo
373 2339 548 2383 quoque
577 2331 772 2382 tempore
803 2325 860 2368 ad
890 2325 1112 2368 dicendam
1143 2339 1311 2369 causam
1340 2329 1517 2371 Romam
1543 2342 1591 2372 se
1621 2331 1839 2384 conferat3
1871 2343 2011 2386 neque
2043 2331 2113 2384 agi
2151 2331 2380 2385 quicquam
2412 2331 2524 2373 inte—

268 2401 352 2442 rim
382 2408 434 2442 ex
462 2399 532 2440 illa
561 2398 746 2440 formula
776 2410 926 2452 posse,
956 2409 1215 2453 quamquam
1246 2399 1510 2455 amplissimis
1540 2406 1748 2456 concepta
1777 2402 1943 2455 verbis,
1973 2401 2090 2444 haud
2121 2401 2298 2443 dubium
2328 2406 2404 2443 est.
2439 2402 2526 2444 Hac
2568 2412 2573 2414 ’

270 2477 412 2514 tamen
443 2470 746 2525 conceptione,
771 2473 844 2510 aut
873 2469 1110 2511 inconsulte
1134 2472 1384 2525 praeterita,
1410 2476 1484 2513 aut
1511 2472 1793 2515 inverecunde
1822 2478 2088 2528 contempta,
2114 2474 2187 2529 qui
2208 2474 2386 2515 Romam
2417 2485 2522 2528 pro-

270 2547 549 2595 vocaverant,
573 2546 689 2584 recta
717 2540 924 2584 iudicium
953 2546 1104 2583 contra
1132 2542 1368 2595 adornant;
1397 2543 1577 2598 abrupte
1609 2548 1653 2586 et
1675 2544 1939 2587 confidenter
1969 2545 2161 2597 decreta,
2185 2557 2291 2598 quae
2316 2544 2519 2597 diximus,

270 2611 550 2655 rescindenda
579 2617 754 2665 curant3
786 2612 830 2653 iu
860 2616 1101 2654 recusantes
1131 2625 1303 2667 parere,
1335 2614 1475 2668 primo
1505 2615 1629 2656 minis
1664 2627 1711 2657 ac
1743 2614 2165 2667 denunciationibus,
2199 2614 2297 2656 inde
2327 2615 2518 2668 mulctis,

267 2683 438 2726 tandem
470 2684 710 2726 exclusione
738 2696 763 2725 a
791 2684 1008 2726 consortio
1038 2682 1232 2726 fidelium
1263 2690 1532 2740 grassantur,
1563 2699 1614 2728 ac
1643 2699 1720 2728 nec
1755 2687 1957 2741 episcopo
1991 2685 2163 2740 quidem
2198 2686 2277 2739 ipsi
2315 2688 2518 2739 parcunt,

270 2767 396 2809 quem
426 2753 672 2795 mulctatum
698 2766 771 2795 sua
795 2758 1006 2807 potestate
1022 2784 1034 2807 ,
1058 2753 1268 2796 deiectum
1289 2755 1422 2808 gradu
1450 2759 1578 2810 atque
1607 2769 1633 2799 a
1660 2756 1892 2799 tractandis
1913 2756 2067 2798 divinis
2088 2755 2376 2810 prohibitum,
2402 2766 2521 2809 prae-

270 2826 438 2880 dicant,
462 2826 645 2880 strepitu
675 2825 859 2867 clamore
887 2824 1026 2867 turbis
1057 2826 1202 2867 omnia
1230 2826 1408 2868 miscent
1425 2831 1711 2891 „tantumque
1741 2826 1914 2869 audacia
1942 2839 1992 2869 ac
2011 2827 2251 2869 *temeritate
2277 2836 2518 2880 processum

235 2891 237 2893 ’
267 2902 354 2951 est,
386 2902 436 2940 ut
464 2898 668 2953 episcopo
700 2897 908 2951 optimum
936 2896 1053 2938 fac-tu
1092 2896 1228 2938 visum
1269 2898 1351 2950 sit,
1387 2901 1613 2952 postquam
1642 2898 1805 2940 nullum
1834 2897 1951 2939 videt
1987 2898 2032 2939 in
2066 2897 2279 2939 maiestate
2314 2906 2516 2950 personae

267 2983 393 3026 quam
424 2969 601 3024 gerebat
629 2967 906 3023 praesidium,
930 2967 1079 3009 cedere
1110 2968 1320 3023 tempori,
1350 2972 1393 3010 et
1423 2967 1479 3011 ad
1505 2968 1701 3016 vitandos
1729 2969 1846 3023 vulgi
1871 2969 2019 3010 oculos
2046 2969 2091 3009 in
2119 2966 2404 3009 suburbanam
2433 2966 2515 3008 vil-

265 3040 348 3082 lam
384 3039 634 3082 concedere.

384 3111 457 3152 23.
491 3110 572 3153 Hic
601 3109 726 3151 illum
758 3108 937 3150 Allatius
966 3108 1238 3150 commodum
1277 3108 1332 3150 ab
1365 3108 1490 3150 Italia
1522 3107 1690 3150 rediens
1728 3120 1825 3150 cum
1859 3107 2106 3150 offendisset
2145 3107 2273 3149 animi
2306 3107 2511 3175 dubium,

263 3180 478 3236 rebusque
509 3181 595 3222 suis
620 3175 911 3233 diffidentem,
935 3184 1101 3232 motus,
1125 3184 1172 3221 ut
1203 3191 1281 3234 par
1303 3184 1414 3231 erat,
1436 3178 1685 3232 indignitate
1714 3179 1799 3231 rei,
1825 3182 2069 3233 opportuna
2099 3179 2287 3220 oratione
2308 3178 2513 3220 iacentem

267 3251 483 3304 sublevat,
518 3264 567 3294 ac
596 3251 715 3294 bono
747 3252 888 3293 animo
919 3263 1006 3293 esse
1034 3250 1177 3302 iubet,
1206 3251 1393 3293 studium
1422 3251 1482 3292 illi
1511 3263 1662 3303 suum,
1693 3262 1889 3305 operam,
1915 3249 2196 3303 diligentiam,
2217 3249 2382 3304 prolixe
2410 3249 2511 3304 pol-

263 3322 430 3365 licetur.
462 3321 569 3364 Inde
590 3323 720 3371 *enixe
748 3322 936 3377 petenti,
968 3326 1017 3364 ut
1046 3325 1181 3364 totam
1218 3321 1332 3363 illam
1362 3333 1526 3363 causam
1557 3320 1814 3375 susciperet,
1844 3319 2013 3375 sibique
2045 3320 2099 3362 ad
2133 3319 2396 3364 retinendam
2424 3325 2510 3362 tam

264 3391 430 3436 difficili
458 3396 652 3448 tempore
681 3392 954 3447 dignitatem,
985 3397 1028 3434 et
1056 3392 1322 3435 ulciscendos
1351 3391 1619 3434 adversarios
1650 3391 1892 3434 adiumento
1923 3403 2012 3433 esse
2043 3392 2192 3445 vellet,
2215 3391 2336 3434 facile
2365 3404 2508 3434 assen-

263 3475 334 3506 sus
363 3468 452 3518 est‚
483 3468 659 3519 recepto
690 3465 816 3506 etiam
852 3464 1019 3506 honore
1054 3465 1202 3506 vicarii
1236 3463 1444 3517 generalis
1473 3463 1553 3515 (1),
1585 3473 1673 3517 quo
1708 3474 1786 3516 per
1820 3462 2069 3517 episcopum
2105 3467 2254 3505 auctus
2283 3467 2370 3515 est,
2402 3462 2510 3505 nihil

195 3574 205 3590 ι
262 3535 436 3578 territus
465 3535 709 3591 discrimine
737 3547 787 3577 ac
813 3535 1062 3590 laboribus,
1087 3548 1197 3590 quae
1227 3534 1308 3576 sibi
1336 3535 1381 3576 in
1408 3533 1483 3575 illo
1505 3532 1837 3575 administrando
1857 3545 2031 3576 munere
2057 3535 2280 3590 proposita
2309 3534 2508 3577 cernebat

264 3619 366 3648 esse.
400 3607 463 3650 Ac
491 3608 677 3662 primum
708 3607 896 3650 omnium
931 3611 1146 3649 exactores
1174 3606 1268 3648 illos
1298 3605 1509 3661 praecepti
1538 3597 1766 3659 pontificii,
1794 3604 1868 3659 qui
1896 3605 1940 3647 in
1965 3605 2153 3649 iudicum
2179 3619 2333 3648 nomen
2354 3610 2396 3648 et
2424 3618 2506 3660 po-

262 3680 455 3719 testatem
482 3677 744 3731 invaserant,
777 3681 991 3732 tamquam
1023 3677 1272 3718 auctoritate
1303 3688 1377 3717 sua
1405 3674 1671 3729 impudenter
1701 3675 1881 3730 abusos,
1910 3681 1956 3721 ,ct
1992 3678 2189 3719 antistitis
2224 3679 2289 3719 sui
2319 3676 2502 3731 dignita-

262 3750 348 3788 tem
378 3747 560 3802 pessimo
591 3749 787 3803 exemplo
818 3748 979 3790 violare
1010 3759 1158 3799 ausos,
1190 3747 1235 3788 in
1272 3748 1336 3788 ius
1365 3745 1585 3788 vocandos
1620 3749 1764 3788 curat:
1797 3758 1896 3789 mox
1935 3747 2079 3790 adesse
2110 3751 2370 3800 recusantes,
2404 3748 2502 3802 quia

354 3832 401 3874 (ι)
418 3833 498 3866 Eius
514 3833 627 3867 collati
653 3834 798 3867 muneris
818 3834 909 3867 extat
928 3833 1072 3875 diploma
1096 3832 1130 3865 in
1153 3830 1281 3865 schedis
1303 3829 1413 3865 Allatii
1437 3830 1674 3864 vallicellianis.
1698 3833 1735 3864 Δ.
1758 3832 1800 3865 Π.
