2970 4420
475 245 563 292 186
1414 260 1566 292 monis
1599 260 1777 292 ALLATn

470 333 634 388 λα’του
674 331 948 408 Θεοδώρου
976 336 1071 390 τοῦ
1099 340 1390 408 σμυρναιόυ.
1426 345 1508 389 Eoe
1537 344 1755 391 oratione
1780 346 1838 391 de
1869 348 2053 410 azymis
2077 361 2123 396 et
2149 350 2333 414 Spiritu
2366 363 2554 402 sancto,
2587 368 2724 399 curo-

461 421 665 483 palatae
700 420 930 468 Theodori
959 422 1219 485 smyrnaei.
1257 415 1311 463 P.
1341 406 1521 464 Ἀλλοῖ
1554 410 1652 485 ’γὰρ
1691 410 1899 470 ληπὛέον
1937 410 2000 471 δή
2031 437 2172 479 τινας
2210 415 2497 482 ὑποθέσεις,
2533 418 2602 485 ἐφ’
2638 416 2723 482 alc

469 487 937 561 ὁμολογουμέναις.
2675 495 2678 499 ’

595 576 788 623 CXXVI.
825 576 1057 622 Theodori
1091 574 1333 621 Pediasimi
1365 562 1894 622 oratio'encomiastica
1923 576 1973 622 in
1997 579 2216 626 sanctum
2241 581 2492 646 Iosephum
2522 580 2725 646 hymno-

467 667 573 697 rum
606 651 881 715 scriptorem
918 652 1008 714 (1),
1040 652 1210 701 dicitur
1239 659 1395 706 extare
1425 652 1473 696 in
1507 650 1791 699 bibliotheca
1821 662 1984 700 veneta
2017 669 2204 702 scamno
2233 659 2308 704 18.
2338 674 2467 706 num.
2502 659 2577 705 18.

595 731 808 776 CXXVII.
845 727 1115 775 Theodorus
1146 727 1417 782 Metochita,
1445 743 1642 790 magnus
1671 729 1910 791 logotheta
1943 729 2308 780 ahAndronieo
2343 736 2524 781 seniore
2557 735 2721 781 factuS.

466 806 669 853 Codinus
702 822 802 868 cap.
831 809 879 851 2.
919 793 1018 848 Τόν
1056 790 1140 848 οὖν
1179 792 1447 869 Θεόδωρον
1480 794 1565 850 τὸν
1599 797 1887 866 ΜεὛοχίτ-κν
1920 794 2193 856 λοΓοθέτνιν
2231 797 2352 855 ὄντα
2386 802 2483 853 τοῦ
2516 800 2727 875 γενικοῦ

469 874 492 925 ὁ
532 870 780 938 βασιλεῦς
811 868 1133 943 Ἀνδρόνικος
1164 871 1260 926 τῶν
1292 870 1665 926 ΠαλαιολοΤων
1700 873 1724 925 ὁ
1758 873 1953 947 πρῶτος
1984 872 2203 945 τιμήσας
2235 875 2403 948 μέγαν
2436 876 2725 950 λογοθέτκν

994 945 1017 956 Ν
2467 950 2479 972 Χ

464 955 748 1012 πεποίηκεν,
783 946 833 1010 ὃς
868 947 950 1002 καὶ
989 954 1043 1005 ἠν
1078 947 1332 1022 ὑπερέχων
1362 949 1457 1002 τοῦ
1490 947 1734 1021 μεγάλου
1774 947 2254 1025 στραΎοπεὸοίρχου,
2292 951 2388 1006 ὑπὸ
2419 977 2505 1009 τον
2540 976 2726 1028 πρωτο-
2794 953 2798 961 ’

468 1026 716 1101 στράτορα
753 1023 823 1078 δέ.
863 1033 1153 1080 Theodorum
1187 1034 1341 1098 igitur
1374 1034 1682 1082 Metochitam
1715 1036 1903 1101 aerarii
1929 1037 2116 1100 publici
2146 1037 2462 1101 logothetam,
2495 1057 2603 1086 cum
2636 1040 2728 1086 im-

456 1126 657 1178 perator
679 1111 975 1158 Andronicus
998 1128 1062 1157 ex
1087 1111 1391 1175 Palaeologis
1413 1111 1500 1158 hoc
1524 1113 1714 1158 nomine
1733 1113 1941 1176 primus,
1971 1113 2207 1161 honorare
2230 1115 2567 1168 constituisset,
2597 1132 2729 1180 mag-

463 1207 577 1238 num
605 1188 894 1254 logothetam
915 1189 1066 1251 fecit,
1097 1189 1182 1252 qui
1214 1201 1259 1234 et
1285 1189 1501 1253 superior
1533 1206 1714 1254 magno
1745 1191 2144 1255 stratopedarcha
2177 1205 2305 1244 erat,
2332 1193 2417 1238 sed
2445 1210 2539 1239 non
2563 1205 2729 1257 proto-

463 1280 684 1315 stratore.
724 1268 911 1328 Scripsit
938 1267 1155 1328 plurima.
1193 1268 1442 1328 Gregoras:
1484 1254 1647 1329 ἕξεσἽι
1680 1254 1733 1310 δὲ
1766 1256 1850 1311 καὶ
1886 1259 2010 1312 ποῗσι
2041 1260 2152 1321 τοῖς
2182 1257 2524 1331 βουλομένοις
2552 1282 2728 1331 ’τεκμη-

462 1332 699 1410 ριοῧσθαι
735 1334 821 1390 τὴν
849 1334 944 1386 τοῦ
977 1332 1160 1407 ἀνδρὸς
1191 1333 1237 1388 ἐν
1265 1334 1378 1395 τοῖς
1406 1335 1597 1406 λόγοις
1628 1332 1872 1406 δύναμιν,
1906 1334 1967 1408 ἐξ
2001 1331 2065 1390 ὧν
2097 1335 2393 1406 συντετάχει
2431 1336 2643 1391 πολλῶν
2674 1359 2728 1390 τε

463 1412 544 1466 καὶ
578 1411 779 1472 πολλῆς
807 1406 895 1464 καὶ
923 1415 1157 1472 ποικίλης
1187 1411 1438 1476 ὠφελείας
1467 1416 1704 1478 βιβλίων.
1743 1421 1975 1469 Omnibus
1999 1435 2161 1469 autem
2191 1423 2241 1469 in
2267 1434 2492 1487 promptu
2518 1435 2608 1474 est,
2638 1422 2732 1470 viri

464 1500 593 1546 illius
618 1499 711 1546 vim
736 1498 786 1543 in
810 1498 1008 1544 dicendo
1034 1498 1264 1544 coniicere
1287 1515 1350 1544 ex
1376 1498 1460 1550 iis,
1490 1514 1614 1562 quae
1641 1499 1739 1563 ipse
1763 1500 2026 1563 composuit
2050 1500 2386 1552 voluminibus,
2416 1500 2583 1546 multis
2607 1495 2731 1563 equi-

462 1578 594 1626 clem,
624 1588 669 1621 et
694 1577 848 1621 multa
883 1591 941 1620 ac
971 1575 1110 1622 varia
1140 1575 1351 1622 utilitate
1381 1576 1588 1637 refertis.
1626 1578 1753 1622 Inter
1786 1576 1874 1623 alia
1901 1592 2014 1623 vero
2043 1577 2373 1639 compendium
2404 1575 2623 1623 historiae
2650 1591 2730 1623 ro-

460 1669 625 1700 manae
649 1652 720 1699 vab
754 1652 872 1699 Iulio
897 1653 1088 1698 Caesare
1112 1652 1171 1699 ad
1195 1653 1546 1699 Constantinum
1581 1669 1822 1715 magnum.
1860 1654 2047 1719 Editum
2081 1662 2150 1700 est
2182 1669 2344 1715 graece
2376 1661 2422 1699 et
2453 1653 2593 1699 latine
2622 1668 2728 1698 cum

460 1733 842 1794 interpretatione
866 1731 1084 1777 Iohannis
1108 1731 1294 1777 Meursii
1318 1739 1363 1777 et
1388 1732 1535 1785 notis,
1563 1732 1609 1776 in
1632 1733 1685 1784 lt,
1714 1731 1930 1792 Lugduni
1957 1732 2237 1779 Batavorum
2270 1730 2395 1793 apud
2421 1716 2596 1776 lustum
2622 1730 2730 1778 Col-

461 1819 636 1863 sterum
660 1825 736 1855 an.
769 1811 908 1855 1618.
938 1811 1004 1855 De
1027 1824 1123 1870 quo
1148 1818 1337 1854 auctore
1361 1809 1612 1855 Meursius:
1640 1820 1685 1854 et
1709 1825 1836 1854 nunc
1859 1807 2009 1854 etiam
2032 1820 2195 1854 testem
2212 1808 2410 1872 profero
2438 1810 2475 1854 Τ
2471 1807 2728 1853 heodorum

459 1873 781 1937 Metochitem,
812 1886 967 1933 virum
990 1885 1213 1932 doctrina
1240 1898 1285 1931 et
1315 1885 1557 1949 dignitate
1583 1886 1718 1949 apud
1742 1885 2077 1949 imperatorem
2101 1902 2264 1936 suum,
2293 1902 2399 1931 cum
2415 1885 2628 1947 fortuna
2652 1884 2729 1930 bea-

460 1964 656 2028 nignior
687 1975 828 2015 esset,
850 1963 1042 2027 pariter
1065 1963 1355 2010 maximum.
1395 1963 1615 2010 Historia
1649 1963 1750 2009 eius
1773 1975 1864 2014 est,
1892 1979 2040 2026 quam
2062 1962 2285 2014 eoehibeo‚
2317 1964 2540 2010 Caesares
2569 1978 2729 2008 omnes

459 2045 782 2088 Romanorum
811 2058 843 2087 a
871 2041 997 2087 Iulio
1022 2041 1091 2086 ad
1118 2041 1480 2087 Constantinum
1507 2057 1742 2104 magnum
1767 2053 2144 2104 repraesentans.
2173 2040 2386 2089 Breviter
2410 2052 2600 2086 tantum
2625 2039 2730 2085 illos

396 2133 400 2138 ·
456 2119 763 2183 perstringit,
796 2131 849 2164 ut
879 2119 1099 2166 videatur
1135 2117 1532 2164 introductionem
1559 2118 1724 2182 potius
1757 2118 1902 2164 istam
1935 2134 2032 2164 esse
2057 2117 2253 2174 voluisse
2286 2117 2355 2163 ad
2382 2117 2587 2163 alterum
2615 2132 2732 2181 opus

463 2197 599 2242 valde
630 2197 878 2260 egregium
912 2196 969 2241 de
1003 2195 1535 2257 constantinopolitanis
1570 2195 1958 2260 imperatoribus,
1989 2196 2118 2258 quod
2147 2211 2179 2241 a
2213 2189 2518 2241 Constantino
2549 2209 2729 2259 magno

461 2273 737 2319 inchoatum
772 2274 840 2319 ad
867 2272 1131 2319 Iohannem
1171 2275 1454 2319 Comnenum
1487 2272 1716 2324 deduxit,
1747 2272 1833 2335 qui
1864 2272 2116 2336 imperium
2153 2273 2356 2336 suscepit
2390 2288 2518 2318 anno
2554 2271 2732 2318 Christi

463 2352 635 2397 CIZJCX
645 2352 776 2397 VIII.
816 2352 1150 2396 Verumtamen
1185 2362 1237 2396 ut
1274 2350 1548 2397 brevitatem
1584 2362 1930 2414 compensaret,
1965 2349 2233 2414 theologica
2267 2350 2414 2395 etiam
2455 2350 2608 2395 multa
2642 2360 2731 2413 per

460 2429 797 2493 digressionem
833 2428 1032 2474 inseruit
1067 2429 1124 2473 de
1163 2440 1278 2474 nato
1309 2440 1354 2474 et
1380 2445 1526 2492 passo
1557 2430 1831 2479 Servatore,
1866 2444 2080 2491 quaeque
2114 2428 2244 2474 circa
2279 2444 2377 2473 rem
2411 2439 2664 2489 utramque
2698 2441 2730 2471 a

462 2505 691 2569 theologis
726 2505 939 2568 antiquis
971 2506 1162 2569 graecis
1194 2506 1468 2559 observata,·
1499 2505 1584 2551 ubi
1614 2517 1849 2568 quantum
1883 2504 2032 2550 etiam
2071 2504 2120 2551 in
2156 2504 2396 2568 theologia
2422 2503 2724 2569 profecisset,

461 2596 538 2630 sat
563 2583 783 2629 ostendit.
823 2584 889 2628 De
916 2584 1103 2644 ingenio
1134 2583 1282 2636 illius,
1310 2583 1545 2636 doctrina,
1572 2583 1797 2629 memoria
1814 2617 1825 2635 ‚
1852 2591 1897 2628 et
1927 2582 2028 2628 aliis
2053 2582 2264 2644 corporis
2288 2580 2478 2627 dotibus
2505 2582 2732 2642 Gregoras

461 2662 607 2708 multa
640 2662 747 2707 hist.
775 2659 858 2706 lib.
891 2662 986 2706 VII.
1022 2669 1067 2706 et
1098 2661 1217 2706 VIII.
1252 2669 1481 2722 quantum
1511 2661 1561 2706 in
1597 2660 1886 2721 astrologicis
1920 2659 2184 2706 excelleret.
2224 2647 2324 2702 Καὶ
2366 2643 2728 2722 ἁστρονομικῆν

466 2727 733 2799 ἐπιστήμην
768 2726 921 2799 μόνος
958 2727 1089 2780 κατὰ
1123 2725 1298 2788 ‹muz-32
1335 2724 1453 2788 τούς
1488 2725 1710 2798 χρόνους
1749 2723 1898 2787 εἷὸὢς
1937 2726 2008 2787 εἷς
2043 2724 2100 2779 τὸ
2138 2724 2434 2800 ἀκρότατον.
2472 2736 2538 2780 Et
2575 2745 2730 2780 astro—

462 2815 701 2862 nomicam
735 2814 986 2861 scientiam
1013 2816 1138 2860 solus
1162 2813 1289 2860 hisce
1314 2814 1603 2878 temporibus
1636 2830 1817 2860 summe
1841 2813 2062 2859 callebat.
2101 2812 2238 2867 Quod
2274 2828 2359 2858 nec
2392 2813 2532 2858 tacuit
2561 2811 2732 2858 Iohan-

465 2911 543 2940 nes
573 2894 911 2939 Cantacuzenus
944 2891 1027 2938 lib.
1058 2893 1094 2937 Ι.
1125 2907 1225 2954 cap.
1261 2894 1335 2938 11.
1374 2892 1438 2937 Id
1461 2892 1615 2955 ipsum
1643 2903 1688 2936 et
1715 2906 1924 2954 magnus
1954 2889 2198 2954 logotheta
2221 2887 2493 2936 Metochites
2519 2887 2732 2952 praesti-

464 2973 545 3023 tit,
573 2971 656 3034 qui
687 2982 799 3015 tunc
829 2970 1022 3016 domum
1055 2969 1440 3033 imperatoriam,
1471 2970 1565 3016 sive
1590 2970 1781 3021 aulam,
1811 2968 2030 3032 regebat,·
2064 2967 2136 3015 vir
2162 2966 2348 3030 alioqui
2376 2966 2538 3012 sollers
2560 2977 2606 3010 et
2637 2982 2732 3011 non

465 3048 741 3094 christianis
765 3048 925 3098 modo,
954 3047 1038 3093 sed
1069 3047 1283 3093 externis
1309 3047 1456 3092 etiam
1484 3045 1657 3093 litteris
1676 3046 2007 3110 politissimus.
2045 3045 2238 3091 Etenim
2271 3060 2379 3089 cum
2411 3041 2733 3089 astronomiae

459 3124 705 3188 principia
741 3140 772 3170 a
808 3124 1014 3186 quodam
1050 3122 1292 3186 Bryennio
1329 3122 1519 3168 minuta
1556 3135 1600 3168 et
1634 3122 1916 3186 imperfecta
1951 3120 2228 3185 accepisset,
2266 3120 2363 3183 ipse
2400 3119 2450 3164 in
2485 3135 2537 3164 eo
2570 3117 2730 3164 studio

467 3202 835 3247 accuratissima
868 3200 1250 3264 diligentiasua
1283 3212 1443 3246 tantos
1471 3217 1714 3264 processus
1744 3199 1884 3260 fecit,
1915 3211 1966 3245 ut
2002 3198 2171 3245 deinde
2205 3213 2387 3260 quoque
2416 3194 2648 3259 permulti
2677 3195 2729 3263 'in

467 3279 633 3324 cadem
659 3279 860 3324 scientia
889 3278 988 3342 ipso
1012 3290 1321 3342 praeceptore
1341 3294 1621 3343 progressus
1642 3277 1847 3323 eximios
1870 3276 2037 3341 adepti
2060 3276 2175 3323 sint.
2212 3277 2278 3321 De
2301 3275 2388 3320 hac
2411 3288 2557 3336 porro
2578 3272 2729 3320 Theo-

468 3356 572 3401 dori
599 3356 788 3402 historia
813 3355 1073 3402 audiendus
1094 3365 1162 3402 est
1183 3357 1450 3403 Vincentius
1471 3356 1737 3402 Riccardius
1761 3356 1809 3400 in
1834 3355 1957 3401 notis
1979 3354 2038 3401 ad
2062 3360 2312 3401 comment.
2341 3353 2389 3397 in
2413 3351 2588 3396 cantica
2613 3349 2731 3396 Can-

470 3433 665 3477 ticorum
692 3434 908 3479 Matthaei
940 3434 1241 3480 Cantacuzeni
1276 3432 1337 3496 (2)
1375 3448 1480 3495 pag.
1515 3434 1620 3479 130.
1660 3433 1830 3478 Verum
1859 3448 1966 3481 cum
1998 3429 2118 3476 haec
2152 3428 2258 3493 ipsa
2291 3426 2542 3474 scriberem
2575 3426 2732 3490 reperi

469 3508 745 3554 ementitum
772 3510 1056 3556 Metochitae
1079 3526 1273 3562 nomen,
1303 3509 1649 3573 historiamque
1674 3509 1811 3556 illam
1835 3506 2190 3573 supposititium
2213 3516 2415 3568 partum
2439 3520 2552 3550 esse.
2590 3502 2748 3549 Liber·

471 3585 558 3631 iste
594 3601 688 3629 non
724 3583 952 3632 Theodori
986 3586 1270 3634 Metochitae
1302 3598 1393 3638 est,
1430 3586 1513 3633 sed
1544 3586 1664 3633 liber
1698 3586 1865 3633 tertius
1896 3582 2149 3635 annalium
2183 3581 2378 3645 Glycae,
2413 3579 2589 3626 eisdem
2622 3596 2732 3626 con-

559 3723 605 3762 (1)
634 3719 780 3766 Iosephi
806 3720 940 3757 melodi
966 3728 1086 3767 partes
1104 3729 1193 3760 sunt
1217 3724 1256 3761 in
1281 3723 1406 3762 codice
1424 3728 1518 3768 vat..
1542 3722 1642 3760 unde
1659 3733 1728 3759 nos
1752 3722 1843 3759 olim
1867 3722 1906 3758 S.
1925 3717 2122 3767 sophronii
2140 3716 2318 3755 triodium
2339 3716 2580 3764 sumpsimus.
2607 3717 2652 3752 A.
2674 3716 2728 3751 M.

558 3782 607 3823 (2)
632 3779 752 3815 Etiam
779 3790 820 3816 ex
847 3779 924 3816 eius
950 3784 1212 3821 commentario
1244 3782 1382 3820 inedito
1413 3784 1455 3820 in
1485 3782 1692 3831 Sapientiae
1721 3781 1859 3820 librum
1890 3778 2089 3829 particulas
2115 3787 2184 3814 nos
2214 3775 2439 3825 protulimus
2472 3776 2511 3813 in
2535 3776 2605 3813 hac
2629 3774 2727 3814 Bibl-

472 3839 516 3876 Τ.
543 3839 588 3873 V.
615 3837 654 3873 in
679 3836 764 3875 adn.
793 3841 838 3874 A.
866 3840 916 3874 Μ.
