2970 4380
2003 216 2101 257 tw*

601 313 960 391 ’δῐιῖιὲἕέὲ
1015 324 1383 393 Ῥῐιίῑὲῖΰῶ
1441 326 2165 418 ΘΒΜΞΘΘΈἮΠ
2219 375 2222 380 -
2302 384 2323 405 Q

937 465 994 504 ΙΝ
1024 466 1231 506 comen
1245 467 1834 510 ‚HIEROSOLYMITANQ

2410 252 2436 296 esi

2443 253 2469 298 ω

2475 253 2502 298 <a

276 579 382 661 Est
408 616 452 656 ιιι
481 613 736 680 bibliotheca
758 614 942 656 vaticana
973 626 1145 669 graecus
1175 616 1329 669 codex,
1353 615 1604 672 pervenuste
1632 619 1795 673 pictus,
1821 621 1892 674 qui
1923 633 2033 662 anno
2064 620 2176 663 e'erte
2200 623 2351 666 Christi
2393 627 2505 668 160οι

275 685 574 741 Hierosolymis
605 690 693 727 erat
722 685 764 726 in
796 686 1051 730 Graecorum
1080 688 1331 730 monasterio
1355 689 1405 729 D.
1431 689 1485 730 N.
1508 693 1671 731 sanctae
1698 690 1872 742 Mariae,
1895 691 2012 745 quod
2043 696 2105 732 est
2134 693 2176 733 in
2206 693 2302 735 loco
2327 697 2500 740 Gethse-

269 757 399 800 mani.
432 757 498 798 Sic
527 757 634 798 enim
665 755 814 798 diserte
843 757 997 811 legitur
1027 770 1070 811 p.
1106 758 1184 798 26:
1223 747 1263 793 ἔκ
1295 749 1366 800 v&
1398 750 1522 808 μενῆς
1549 750 1620 801 τῆς
1644 747 1795 813 Κυρίας
1825 753 1891 802 τῆς
1922 753 2198 812 γεθσημανῆς.
2223 750 2327 801 κατὰ
2355 751 2402 803 τέ
2425 779 2504 804 σω-

272 813 399 880 τήριον
431 814 518 869 ἔτος
549 813 617 878 ᾳχ’
627 852 639 874 ‚
666 814 905 881 ‹pavpouocpiev
937 838 991 872 ς·-
1022 829 1262 875 Monastemi
1291 829 1414 871 huius
1443 830 1530 871 sive
1561 831 1755 873 ecclesiae
1786 836 1898 873 extat
1927 833 2190 886 imaguncula
2218 835 2262 876 in
2292 836 2502 891 Chrysan-

269 899 332 940 thi
362 897 614 953 patriarchae
642 898 1002 954 hierosolymitani
1028 904 1195 942 sanctae
1225 899 1342 942 urbis
1370 900 1679 976 topographia,
1705 913 1799 943 cum
1831 902 1909 944 hac
1940 904 2192 958 epigraphe·
2224 893 2249 943 ’ὁ
2281 899 2503 958 Γεθσημα·

269 980 338 1015 νη,
371 956 473 1004 ἔνθα
504 979 529 1007 η
562 955 749 1007 ἐκκλησία
779 955 988 1019 κειμῆσεως
1019 961 1089 1012 τῆς
1121 964 1175 1007 Os
1162 956 1308 1007 Εσ’τεῖκευ
1339 961 1378 1006 ἐν
1411 963 1457 1023 τῇ
1487 981 1525 1006 κε
1512 957 1631 1006 ιλαδι
1664 963 1731 1009 τοῦ
1762 958 1982 1027 Ἰωσαφατῖ
2010 976 2287 1027 Getlzsemam',
2329 979 2400 1018 ubi
2435 993 2502 1019 ec..

266 1043 382 1082 elesia
404 1040 648 1080 dormitionis
668 1041 855 1092 (obitus)
878 1041 1076 1092 Deiparae
1095 1045 1136 1082 in
1155 1043 1260 1082 valle
1286 1042 1483 1093 Iosaphat.
1517 1042 1621 1084 Tum
1644 1041 1753 1083 idem
1784 1042 2070 1098 Chrysanthus
2092 1057 2136 1099 p.
2168 1048 2262 1088 107.
2287 1049 2494 1091 nominat:
2511 1027 2515 1031 μ

270 1121 310 1146 τε
321 1121 340 1145 ν
370 1100 456 1162 dyc
441 1119 479 1144 εν
511 1119 574 1145 και
605 1096 882 1162 Secum-epm&
909 1119 1026 1164 ταφον
1053 1101 1090 1146 ἐν
1115 1101 1166 1163 τῇ
1190 1103 1463 1164 Γεθσημανῇῐ
1496 1116 1669 1153 sanctum
1687 1118 1823 1154 matris
1840 1116 1917 1155 Dei
1937 1117 2158 1167 sepulcrum
2176 1121 2217 1157 in
2239 1119 2496 1162 Getlzsemani.

266 1180 430 1222 Phocas
460 1181 615 1222 saeculi
642 1181 738 1222 XII.
773 1181 1024 1234 monachus,
1047 1181 1100 1223 ab
1131 1181 1286 1224 Allatio
1318 1181 1476 1234 editus,
1501 1183 1544 1224 in
1575 1182 1855 1237 descriptione
1885 1185 2076 1226 locorum
2100 1191 2337 1229 sanctorum
2352 1201 2504 1263 ,quos

265 1251 354 1326 ipse
382 1251 602 1305 inviserat,
636 1253 696 1292 sie
725 1252 913 1306 loquitur
942 1264 1033 1307 cap.
1069 1254 1133 1293 15.
1170 1244 1252 1294 Της
1284 1237 1434 1294 πολεως
1466 1241 1635 1297 ἔξωθεν,
1663 1263 1749 1305 περι
1776 1263 1818 1290 το
1846 1242 2143 1308 ἁνατσλικωτερε
2147 1267 2166 1292 ν
2191 1268 2333 1300 ταυτης
2357 1246 2494 1314 μέρος,

266 1331 387 1370 μεσον
419 1331 458 1358 τε
464 1313 486 1357 ῧ
516 1306 689 1374 μεγαλσυ
720 1308 986 1378 χαραόρῶὂους
1017 1331 1202 1373 χασματε
1207 1333 1250 1368 ς,
1277 1332 1316 1359 τ
1322 1314 1346 1358 ῧ
1374 1310 1580 1376 οιαχωρίζε
1585 1333 1670 1365 ντος
1704 1333 1746 1360 το
1780 1312 1864 1376 ὅρος
1898 1333 1971 1361 των
2005 1316 2139 1361 ἐλαιῶν
2169 1313 2244 1365 ἀπο
2278 1320 2347 1370 τῆς
2380 1315 2499 1382 ἁγίας

267 1377 414 1434 πέλςεω
398 1417 438 1439 „
471 1401 704 1446 παρακειται
737 1403 780 1428 το
814 1402 928 1447 χωμε
913 1402 952 1428 ν
984 1387 1074 1429 Γ
1023 1403 1260 1442 euenum-n
1294 1383 1331 1429 ἐν
1363 1386 1393 1428 ὡ
1426 1379 1541 1447 τάφος
1574 1403 1645 1436 της
1675 1380 1890 1447 ὑπεραγὶας
1921 1381 2122 1439 δεσποινης
2152 1407 2258 1446 ημων
2290 1391 2366 1435 Θεε
2352 1386 2497 1438 τόκιυ·

267 1448 361 1504 ναός
395 1454 476 1500 ἔστι
508 1454 526 1498 ὃ
558 1454 636 1504 πᾶς
666 1448 868 1536 Ξολωτῗς,
897 1448 1107 1513 ἐπιμηκης,
1133 1449 1395 1516 κυλινδρωτός·
1421 1474 1487 1499 και
1519 1449 1614 1514 με’σε
1619 1475 1638 1499 ν
1663 1454 1780 1502 αυτοῧ
1807 1450 1912 1504 δίκην
1939 1452 2161 1515 ἄμβωνας
2149 1476 2312 1504 ισταται
2338 1457 2356 1504 ὃ
2377 1456 2497 1544 τάφος

267 1523 410 1609 ἶιῦτῆς,
445 1518 761 1585 λελατομημένος
795 1523 834 1569 ἐν.
836 1522 1043 1619 ὒπὲτρας
1044 1539 1124 1576 etc
1147 1525 1200 1575 ἓν
1231 1529 1260 1586 ᾡ
1292 1545 1336 1572 το
1367 1542 1565 1586 αχραντον
1598 1528 1710 1584 σῶμα
1743 1525 1812 1576 τ-ῗις
1843 1523 2061 1588 υσεραγιάς
2094 1522 2281 1574 Θεοτὸκσυ
2310 1525 2389 1576 ν’ωό
2423 1550 2496 1576 των

266 1590 385 1655 ἁγίων
410 1591 638 1643 ἀποστόλων
663 1590 906 1655 μετενεχθὲν
932 1595 971 1639 ἐκ
996 1595 1062 1647 τῆς
1087 1590 1183 1640 Σιων
1218 1589 1352 1643 Ere-‘3⁷1-
1386 1605 1541 1647 Eadem
1572 1605 1673 1647 dicit
1695 1606 1949 1660 Epiphanius
1978 1606 2239 1660 hagiopolita
2268 1608 2320 1649 ab
2345 1609 2496 1651 Allatio

255 1669 364 1716 ⁴item
395 1677 637 1729 impressus.
672 1675 738 1717 Sic
767 1676 892 1717 etiam
917 1675 1113 1717 Perdicas
1142 1676 1186 1717 ιιι
1209 1676 1468 1730 expositione
1498 1666 1834 1717 memorabilium
1863 1675 1978 1718 urbis
2008 1677 2335 1732 Hierosolymae.
2369 1680 2497 1721 Deni-

265 1757 347 1799 que
377 1750 419 1787 et
449 1745 622 1800 quidam
651 1747 924 1801 Anonymus,
957 1746 1071 1799 apud
1101 1745 1279 1787 eundem
1311 1746 1526 1788 Allatium.
1561 1749 1690 1787 Extra
1717 1748 1851 1787 urbem
1885 1752 1942 1787 est
1973 1748 2236 1799 Gethsemani,
2269 1753 2310 1789 in
2339 1763 2414 1802 quo
2443 1756 2501 1791 est
2539 1758 2541 1760 ’

261 1819 486 1869 sepulcrum
506 1818 723 1869 Defiparae.
752 1818 819 1867 *Ibi
842 1818 1028 1868 templum
1057 1830 1144 1857 cum
1165 1818 1342 1858 aedibus,
1375 1820 1498 1858 Porla
1528 1821 1696 1869 speciosa
1726 1818 1841 1857 habet
1863 1819 2058 1858 columnas
2079 1831 2313 1860 marmoreas
2334 1826 2415 1861 octo
2422 1837 2439 1872 ,·
2461 1827 2501 1861 et

263 1901 351 1928 cum
384 1888 626 1927 descenderis
655 1888 806 1938 qradus
835 1872 1098 1939 quadraqinta
1132 1892 1234 1938 octo,
1269 1889 1452 1939 templum
1483 1892 1650 1940 reperis,
1684 1893 1722 1928 et
1750 1891 1791 1928 in
1820 1889 1944 1928 medio
1975 1891 2114 1940 templo
2145 1891 2363 1931 cubiculum
2393 1893 2499 1943 lapi-

263 1957 401 2007 deum,
430 1961 469 1996 et
496 1959 538 1996 iu
567 1957 694 1996 medio
723 1957 894 1997 cubiculi
922 1962 1096 1997 sanctum
1122 1958 1343 2009 sepulcrum
1366 1959 1586 2010 Deiparae,
1613 1971 1892 2009 marmoreum,
1920 1960 2147 2011 candidum,
2170 1961 2494 2011 pulcherrimum.

263 2026 374 2079 Quin
404 2027 509 2069 adeo
540 2028 767 2082 praedictis
797 2029 1012 2082 antiquior
1032 2028 1143 2070 Beda
1164 2031 1206 2070 in
1236 2028 1380 2070 libello
1411 2029 1463 2071 de
1492 2029 1596 2071 locis
1618 2030 1767 2071 sanctis
1794 2031 1958 2084 cap.46.
1990 2032 2039 2070 In
2068 2032 2171 2071 valle
2191 2020 2378 2083 Jo'saplmt
2403 2046 2494 2073 san-

259 2104 344 2140 ctae
363 2101 534 2148 ,Mariae
569 2101 737 2141 rotunda
772 2105 832 2141 est
864 2103 1037 2143 eeclesia.
1070 2102 1135 2141 Ibi
1172 2107 1459 2142 monumentum
1497 2115 1683 2153 vacuum,
1720 2105 1761 2142 iu
1799 2115 1874 2153 quo
1908 2106 2041 2141 sancta
2079 2103 2214 2142 Maria
2250 2104 2493 2154 aliquamdiu

265 2171 445 2225 (nempe
466 2174 561 2213 ante
582 2172 931 2226 assumptionem)
957 2186 1144 2225 pausasse
1166 2174 1326 2214 dicitur.
1360 2172 1476 2214 Idem
1506 2173 1707 2227 templum
1738 2172 1999 2213 describebat
2023 2167 2132 2213 anno
2163 2174 2284 2215 1620.
2323 2175 2367 2214 P.
2392 2175 2493 2215 Ber-

263 2240 464 2283 nardinus
491 2243 660 2284 Amicus
688 2232 1002 2297 callipolitanus
1018 2244 1062 2285 in
1093 2238 1237 2285 libello
1259 2243 1311 2285 de
1333 2244 1461 2285 sacris
1482 2244 1630 2284 Terrae
1657 2247 1819 2283 sanctae
1845 2241 2044 2283 aedificiis
2068 2255 2160 2297 cap.
2189 2246 2268 2296 40,
2294 2243 2366 2284 ubi
2392 2244 2495 2286 illud

261 2324 396 2367 prope
425 2314 508 2354 iam
533 2318 670 2360 totum
699 2314 1016 2356 subterraneum
1046 2327 1134 2356 esse
1157 2313 1372 2366 adfirmat,
1398 2319 1526 2368 prout
1553 2327 1695 2368 reapse
1725 2314 1838 2368 apud
1866 2313 2042 2355 cundem
2067 2315 2108 2355 in
2140 2314 2281 2356 tabula
2301 2316 2378 2368 40,
2402 2329 2496 2357 rur-

263 2394 417 2436 susque
436 2384 479 2424 in
501 2384 590 2425 tab.
613 2386 686 2426 43.
709 2389 751 2427 et
767 2386 838 2426 44.
862 2385 940 2427 sub
957 2398 1001 2427 ιι.
1018 2386 1089 2427 65.
1110 2385 1251 2426 videre
1268 2390 1346 2427 est.
1363 2387 1414 2426 Et
1434 2385 1502 2427 hic
1524 2384 1689 2439 quidem
1713 2390 1860 2426 auctor
1881 2385 2118 2438 diligentem
2143 2386 2349 2426 interioris
2370 2387 2497 2439 partis

263 2449 583 2494 delineationem
599 2456 850 2511 proposuit,
871 2468 998 2510 quam
1018 2469 1097 2498 nos
1118 2461 1214 2509 post
1235 2456 1390 2497 codicis
1408 2457 1592 2509 picturas
1605 2486 1616 2506 ,
1640 2456 1691 2496 ab
1714 2468 1764 2496 eo
1782 2455 2042 2508 desumptam
2060 2468 2357 2508 proponemus.
2383 2457 2495 2497 Haec

266 2520 318 2562 de
344 2521 442 2561 loco
474 2521 878 2576 hierosolymitano,
901 2525 974 2565 ubi
1004 2530 1196 2578 repertus
1225 2529 1286 2566 est
1314 2526 1529 2565 vaticanus
1550 2525 1704 2576 codex,
1731 2525 1838 2564 dicta
1860 2524 2084 2564 sufficiant.
2116 2525 2285 2578 lamque
2314 2535 2387 2576 age
2416 2537 2495 2566 no·-

262 2603 357 2633 vem
388 2590 547 2632 codicis
575 2591 761 2645 picturas
786 2593 871 2634 sive
902 2594 1100 2647 imagines
1125 2598 1264 2635 totum
1287 2605 1458 2646 graecae
1487 2594 1632 2634 missae
1656 2593 1845 2634 ordinem
1871 2598 2247 2647 repraesentantes,
2269 2595 2493 2636 summario

262 2673 453 2704 sermone
482 2660 706 2703 decurrere
733 2661 898 2703 libitum
929 2667 1013 2704 est:
1048 2675 1224 2717 quarum
1255 2663 1426 2717 quidem
1454 2663 1498 2704 ιιι
1530 2664 1677 2717 quinto
1709 2663 1922 2704 volumine
1954 2668 2061 2717 part.
2088 2665 2144 2705 ΙΙ.
2177 2676 2221 2718 p.
2251 2665 2322 2706 95.
2342 2669 2390 2706 et
2417 2666 2488 2706 96.

266 2732 455 2774 notitiam
485 2733 699 2786 praeviam
731 2732 805 2774 sed
836 2732 970 2774 multo
1000 2732 1239 2775 breviorem
1269 2734 1530 2788 scripsimus,
1563 2733 1817 2788 spondentes
1844 2734 1966 2775 simul
1999 2746 2066 2775 eas
2096 2734 2139 2775 in
2171 2739 2386 2788 posterum
2416 2747 2493 2776 nos

263 2803 473 2854 edituros,
506 2802 626 2856 quod
661 2815 774 2844 nunc
806 2815 880 2857 spe
910 2807 1053 2846 nostra
1087 2804 1209 2845 citius
1242 2805 1326 2845 iam
1360 2805 1624 2856 factitamus;
1657 2809 1880 2858 postquam
1918 2816 2085 2858 operam
2123 2803 2313 2846 dedimus
2341 2808 2389 2846 ut
2419 2817 2491 2846 eae

262 2873 439 2916 fideliter
469 2885 560 2915 aere
589 2872 866 2927 cuderentur,
899 2878 940 2916 et
969 2874 1013 2915 in
1044 2874 1126 2916 boe
1156 2874 1369 2916 volumine
1401 2875 1552 2917 decore
1582 2880 1623 2917 et
1650 2875 1871 2917 commode
1901 2875 2221 2916 collocarentur.

195 2932 201 2934 ἓ
1255 2947 1430 2989 IMAGO
1461 2948 1498 2988 I.

376 3018 475 3059 Pars
512 3016 688 3058 interior
723 3018 862 3070 graeci
898 3017 1069 3071 templi,
1108 3016 1226 3058 cuius
1262 3017 1304 3058 in
1342 3017 1483 3059 medio
1522 3017 1701 3059 thronus
1740 3017 2011 3071 episcopalis,
2046 3013 2311 3071 impendente
2348 3017 2489 3060 abside

261 3088 540 3138 testudinata,
565 3101 638 3129 seu
667 3099 883 3142 conopeo,
909 3089 1027 3142 quasi
1057 3086 1156 3130 caeli
1188 3088 1348 3141 figura,
1374 3093 1421 3129 ut
1453 3089 1642 3142 loquitur
1668 3089 1834 3129 Simeon
1858 3087 2219 3129 thessalonicensis
2248 3088 2360 3142 apud
2382 3089 2491 3130 Goa-

262 3160 445 3215 rium,p.
478 3159 572 3200 182.
607 3158 777 3207 Throno
808 3158 960 3200 insidet
990 3149 1009 3194 ὅ
1041 3149 1148 3211 ἅγιος
1179 3144 1382 3212 Γρηγόριες
1413 3145 1620 3210 ἓεελᾶγος,
1651 3165 1803 3199 sanctus
1843 3160 2053 3210 Greqorius
2086 3160 2305 3211 theoloqus,
2340 3171 2490 3214 nempe

263 3232 550 3274 nazianzenus:
577 3233 704 3283 atque
734 3229 818 3271 hoc
847 3229 896 3270 fit
926 3229 983 3271 ob
1013 3228 1282 3272 indicandam
1302 3228 1388 3270 divi
1419 3229 1549 3283 ipsius
1579 3229 1814 3282 liturgiam,
1837 3241 1963 3282 quam
1984 3241 2106 3270 unam
2136 3229 2188 3271 de
2218 3229 2408 3283 plurimis
2427 3243 2490 3272 re-

262 3303 360 3346 tulit
388 3300 674 3344 Renaudotius
694 3300 737 3341 in
759 3311 857 3340 suae
879 3299 1145 3342 collectionis
1168 3304 1286 3341 tomo
1317 3300 1337 3340 Ι
1351 3330 1363 3351 ,
1396 3311 1648 3354 quamquam
1671 3311 1748 3340 nos
1775 3300 2170 3353 aegyptiace'etiam
2198 3300 2395 3353 scriptam
2428 3301 2490 3342 vi-

263 3373 400 3416 dimus
427 3372 470 3413 in
501 3371 645 3413 codice
667 3374 752 3412 vat.
776 3371 945 3424 coptieo
977 3372 1041 3412 17.
1076 3372 1146 3412 Est
1168 3374 1308 3412 autem
1332 3371 1452 3412 divus
1477 3370 1661 3411 nimbato
1683 3370 1839 3423 capite,
1863 3369 2091 3423 pontificali
2122 3374 2270 3411 ornatu
2295 3370 2486 3424 insignis,

262 3445 466 3500 phelonio
489 3443 645 3486 scilicet
666 3441 860 3484 crucibus
881 3453 958 3495 per
987 3445 1123 3482 totum
1146 3441 1431 3492 interstincto,
1455 3439 1571 3495 quod
1601 3439 1748 3481 Graeci
1779 3426 2032 3492 πσὶυσταῦριε
2037 3450 2057 3475 ν
2087 3441 2323 3494 appellant3
2351 3442 2488 3483 cuius-

265 3515 382 3558 modi
401 3519 463 3557 est
482 3516 620 3568 imago
643 3515 683 3555 S.
704 3511 906 3554 Methodii
928 3510 1041 3565 apud
1062 3511 1257 3552 Goarium
1282 3523 1325 3565 p.
1345 3512 1416 3552 98.
1443 3511 1638 3564 gestantis
1669 3494 1864 3563 φαινωλιεν
1890 3501 2028 3562 πληρες
2051 3519 2240 3562 σταυρων·
2274 3512 2392 3554 Circa
2411 3512 2489 3554 hu-

263 3592 403 3627 meros
422 3590 464 3627 et
480 3585 588 3627 infra
607 3582 846 3638 dependens
875 3566 1101 3635 ὠμσφᾶριιν,
1134 3592 1206 3621 seu
1224 3581 1418 3634 pallium,
1438 3579 1553 3634 quod
1575 3584 1636 3620 est
1656 3580 1926 3634 praecipuum
1947 3579 2158 3633 pontificis
2177 3585 2483 3624 ornamentum:

262 3653 362 3694 item
392 3657 434 3698 in
466 3656 612 3698 dextro
641 3655 771 3697 latere
803 3642 908 3704 ἑπιγε
894 3637 1040 3687 νᾶτισν
1069 3652 1326 3703 subqenuale,
1353 3650 1512 3692 formae
1542 3649 1900 3704 quadrangularis.
1937 3650 2141 3693 Phelonio
2165 3651 2307 3695 subest
2335 3652 2488 3694 sticha-

263 3723 372 3765 rium
404 3737 477 3767 seu
507 3727 648 3768 tunica
676 3726 779 3767 loris
808 3722 1035 3765 fimbriata.
1062 3720 1102 3762 id
1134 3725 1195 3762 cst
1225 3721 1342 3775 quasi
1373 3720 1603 3762 dalmatica.
1639 3721 1836 3762 Mannum
1866 3733 2035 3775 quoque
2063 3722 2180 3776 carpi
2206 3721 2487 3764 brachialibus

263 3780 497 3841 ἐπιμανὶκεις
527 3797 858 3849 adstringuntur.
891 3795 1066 3835 Dextera
1097 3790 1265 3846 quidem
1295 3790 1503 3834 benedicit
1534 3791 1678 3844 divuS,
1703 3803 1819 3833 more
1849 3802 2000 3845 graeco
2022 3791 2159 3835 tribus
2182 3792 2298 3839 elatis
2322 3791 2483 3847 digitis,

1137 3880 1140 3883 .
2207 3866 2256 3900 74
