2970 4420
1150 267 1204 297 DE
1237 266 1391 298 MCETA
1425 266 1640 298 NAUPACTI
1647 285 1657 296 .
2479 256 2539 301 37

284 365 334 396 n.
366 352 524 405 26,‘et
555 350 606 396 in
633 349 921 412 praefatione
955 350 1016 397 ad
1054 360 1265 399 venetam
1299 352 1551 399 editionem
1583 337 1914 414 Theophylacti
1950 366 1999 413 p.
2028 354 2116 403 27,
2147 351 2224 396 ubi
2263 353 2542 402 describitur

278 427 424 473 codex
445 427 729 480 marcianus,
757 427 969 474 vaticano
1003 437 1164 476 nostro
1193 429 1380 484 similis,
1408 430 1511 476 solo
1539 438 1690 481 tamen
1717 429 2051 475 commentario
2078 428 2137 473 ad
2162 430 2446 477 Matthaeum
2472 431 2540 477 ibi

283 512 565 560 memorato;
603 504 734 566 isque
768 504 915 551 codex
947 521 1091 567 aeque
1127 514 1366 553 auctorem
1401 522 1512 569 prae
1547 523 1595 552 se
1632 495 1720 552 fert
1754 507 1958 552 Nicetam
1992 507 2215 567 Naupacti
2250 508 2537 570 episcopum.

407 581 506 626 lam
538 589 590 627 ut
624 580 799 627 codicis
834 583 1031 629 vaticani
1067 585 1396 630 continentiam
1436 599 1715 646 persequar;
1746 582 1779 628 f.
1808 583 1950 628 2-75.
1980 583 2151 644 legitur
2185 587 2544 631 commentarius

278 660 326 703 in
352 658 662 708 Matthaeum.
690 657 749 704 ab
777 658 862 705 illo
888 659 1220 722 Theophylacti
1245 659 1483 714 diversus,
1510 661 1571 706 ita
1602 669 1755 706 tamen
1788 668 1839 705 ut
1862 659 2091 720 quaedam
2126 660 2263 706 etiam
2293 659 2543 722 Theophy—

278 736 384 782 laeti
419 735 690 781 idemtidem
724 737 880 782 insint.
921 738 971 783 ln
1006 737 1207 800 prologo
1240 736 1321 782 sic.
1360 726 1628 800 Πρόσωπον
1663 726 1753 798 μὲν
1791 723 2095 797 ἀνθρώπου,
2130 724 2186 779 τὸ
2227 748 2358 779 κατα
2394 731 2539 780 xta-r

277 802 452 856 δαῖον.
483 802 669 856 Ἀετου
699 799 752 855 δὲ
787 803 844 856 τὸ
880 803 1008 858 κατὰ
1041 802 1271 876 Μάρκον.
1308 802 1533 872 Mic-9400
1568 802 1652 866 δὲ,
1680 803 1737 856 fr&
1769 802 1898 856 κατοὶ
1926 804 2144 856 Λουκαν.
2180 802 2362 858 Λέοντι
2397 800 2449 856 δὲ
2481 804 2537 856 το

277 903 342 933 κα
367 878 401 932 οὶ
425 877 657 937 Ἰωάννην
689 878 992 952 εὐαγΓέλιον
1019 877 1435 952 παραβάλλεὟαι.
1463 892 1515 936 In
1539 893 1747 954 margine
1772 899 1940 938 autem.
1974 881 2039 932 Οἱ
2067 879 2266 933 Ιταλοὶ
2302 903 2386 933 και
2418 881 2540 934 nossa

276 954 465 1010 τούτων
501 955 623 1027 ὑμῖν
659 954 1021 1031 διαφέρονται,
1051 955 1223 1011 λεόντι
1260 955 1316 1010 τό
1350 955 1478 1011 κατοέ
1506 956 1718 1033 Μάρκον
1746 955 2172 1032 παραβάλλοντες
2205 955 2539 1029 εὐαγγέλιον.

275 1045 395 1090 Dicit
429 1045 650 1091 nimirum
667 1080 678 1098 ‚
707 1047 913 1091 Marcum
939 1045 1172 1107 designari
1196 1060 1221 1090 a
1246 1046 1428 1091 Graecis
1453 1046 1629 1108 aquila,
1659 1047 1912 1094 Iohannem
1940 1047 2092 1093 leone.
2128 1047 2244 1091 Tum
2270 1055 2543 1092 venetorum

276 1121 518 1182 signorum
552 1122 817 1184 exemplum
853 1123 987 1176 citat,
1015 1122 1075 1168 de
1107 1137 1201 1184 qua
1235 1137 1286 1167 re
1318 1123 1367 1167 in
1399 1122 1619 1169 inferiore
1643 1124 1839 1170 scholio.
1880 1125 2093 1170 Ceterum
2119 1124 2156 1168 si
2183 1122 2375 1169 fortasse
2409 1124 2544 1169 scho-

275 1196 407 1244 liasta
442 1197 633 1260 graecus
667 1188 975 1245 recentiorem
1010 1207 1195 1261 putaret
1227 1198 1347 1244 hanc
1379 1200 1650 1246 Latinorum
1675 1201 1734 1246 de
1759 1201 1832 1246 his
1866 1199 2142 1258 animalibus
2176 1215 2201 1245 a
2235 1201 2416 1246 Graecis
2450 1200 2544 1245 dis-

276 1275 558 1328 sensionem,
587 1274 716 1322 adest
748 1264 1010 1322 contrarius
1042 1277 1259 1337 antiquus
1294 1276 1419 1321 testis
1443 1277 1778 1337 Hieronymus,
1807 1279 1886 1338 qui
1912 1279 1960 1323 in
1995 1277 2195 1339 prologo
2220 1279 2543 1323 commentarii

277 1350 335 1397 ad
358 1352 664 1406 Matthaeum‚
691 1354 846 1399 Marco
870 1353 1083 1406 leonem,
1111 1353 1306 1399 Iohanni
1332 1353 1534 1414 aquilam
1568 1353 1746 1400 tribuit.
1786 1357 1851 1401 De
1885 1355 1958 1400 his
1992 1356 2084 1417 agit
2109 1356 2145 1400 si
2171 1353 2292 1401 bene
2320 1356 2539 1408 memini,

276 1430 415 1476 etiam
448 1429 670 1477 Claudius
703 1432 982 1477 taurinensis
1014 1432 1062 1476 in
1098 1431 1192 1476 suis
1226 1429 1411 1476 ineditis
1445 1432 1804 1481 commentariis.

405 1508 458 1553 F.
488 1508 665 1554 75-93.
692 1508 1099 1554 Commentarius
1086 1524 1134 1553 in
1157 1510 1390 1561 Marcum,
1415 1507 1541 1554 idem
1563 1509 1644 1569 qui
1669 1508 1838 1571 legitur
1858 1510 2208 1571 Theophylacti.
2238 1509 2306 1555 lbi
2329 1510 2364 1555 f.
2387 1512 2466 1555 75.
2491 1509 2537 1555 b.

278 1585 325 1628 in
369 1585 578 1645 margine
617 1585 698 1630 sic.
733 1572 887 1628 εὈσοι
923 1572 1013 1645 μέν
1049 1597 1125 1628 τοι
1162 1598 1257 1629 των
1293 1574 1508 1629 Ιταλων
1541 1574 1600 1628 τὸ
1637 1575 1767 1629 κατὰ
1810 1574 2022 1646 Μάρκον
2066 1576 2540 1650 λεοντοωρόσωτεον

280 1648 506 1719 ξ’·χουσιν
545 1649 617 1716 ἐφ’
656 1647 699 1724 ᾧ
731 1673 815 1704 και
854 1675 879 1708 η
916 1674 1014 1706 των
1051 1655 1315 1706 Ber-'emmor
1353 1651 1489 1718 φυλη
1526 1676 1612 1709 τον
1649 1649 1802 1726 ἁγιον
1838 1651 2064 1750 Μαρκον
2089 1653 2294 1714 ἑαυτοῖς
2335 1654 2542 1727 ἐπιγρα·

279 1743 485 1792 φοντες,
523 1727 595 1788 εἷς
631 1732 900 1797 σημείωσιν
937 1727 1396 1800 λεοντοπρόσωωον
1433 1752 1786 1801 ανιστορουσιν
1825 1729 1992 1784 αὐτόν·
2030 1732 2094 1792 ὦς
2129 1734 2539 1801 περιλείπεσθαι

261 1804 406 1877 αεἹῳ
427 1801 859 1900 παρεικηάζεσθαι
873 1805 984 1879 παρ’
1017 1805 1198 1867 αὐτοις
1233 1829 1288 1858 το
1324 1805 1446 1861 καἻοὶ
1477 1805 1708 1864 Ἰωάννην
1746 1805 2076 1880 εὐαγΓεὌλιον
2106 1807 2170 1867 ὦς
2201 1830 2303 1860 και
2324 1808 2427 1861 κατ’
2458 1831 2543 1879 αρ-

274 1880 378 1950 χοὶς
414 1881 534 1951 ἥμιν
568 1903 657 1942 της
691 1880 949 1955 παρούσης
985 1887 1181 1949 βίβλου
1220 1878 1527 1940 δεδήλωται.

402 1969 456 2014 F.
486 1969 694 2014 94-134.
731 1969 1102 2016 Commentarius
1136 1971 1184 2016 in
1220 1971 1419 2023 Lucam,
1447 1971 1571 2017 idem
1607 1973 1783 2034 pariter
1811 1974 1891 2034 qui
1923 1972 2273 2049 Theophylacti

363 2047 456 2091 F.
494 2037 730 2092 134-182.
764 2047 1135 2094 Commentarius
1166 2049 1215 2093 in
1251 2048 1530 2111 Iohannem,
1557 2049 1682 2095 idem
1720 2066 1881 2096 rursus
1914 2052 1995 2112 qui
2029 2050 2377 2112 Theophylacti.

403 2124 455 2168 F.
491 2123 728 2169 185-205.
761 2123 1132 2171 Commentarius
1158 2125 1218 2171 ad
1257 2105 1578 2188 apostolorum
1606 2136 1729 2180 acta,
1757 2127 1817 2174 ab
1839 2127 1923 2173 illo
1955 2127 2286 2190 Theophylacti
2314 2126 2538 2172 diversus.

274 2199 363 2245 Sed
398 2209 555 2246 tamen
583 2200 617 2246 f.
652 2202 760 2247 189.
789 2199 839 2246 b.
869 2201 927 2247 ad
960 2201 1040 2248 illa
1065 2202 1211 2249 verba
1239 2218 1341 2265 cap.
1372 2205 1429 2249 ll.
1467 2205 1540 2250 lli.
1581 2194 1798 2256 σταθεὶς
1835 2191 1892 2248 δὲ
1926 2194 2145 2268 Πέτρος,
2179 2204 2341 2266 incipit
2365 2204 2542 2248 minuta

235 2282 239 2283 ’
274 2275 462 2324 Pati-*um
484 2286 669 2331 catena,
694 2294 863 2340 nempe
886 2279 1147 2334 Ammonii,
1174 2281 1435 2342 Anonymi,
1463 2282 1728 2336 Athanasii,
1756 2282 1940 2344 Cyrilli,
1969 2282 2179 2343 Didymi,
2208 2280 2418 2342 Gregorii
2440 2295 2544 2340 nys-

274 2357 401 2410 seni,
429 2355 532 2402 loh.
561 2355 896 2417 chrysostomi,
925 2357 1103 2403 Nicolai
1128 2356 1412 2420 presbyteri,
1438 2360 1676 2420 OrigeniS‚
1704 2361 1859 2407 Severi
1886 2355 2166 2406 antiocheni.
2205 2358 2357 2404 Cessat
2389 2365 2543 2402 tamen
2581 2386 2586 2388 -

274 2435 373 2496 ipsa
407 2442 568 2480 catena
601 2436 651 2479 in
685 2434 894 2497 capitulo
925 2444 1136 2482 actorum
1160 2438 1258 2483 Vll.
1288 2438 1373 2488 59,
1402 2452 1554 2499 neque
1588 2437 1648 2484 ab
1682 2437 1834 2485 editis
1850 2437 2022 2483 differt.

402 2511 455 2556 F.
485 2512 614 2558 208-
619 2511 737 2564 336,
766 2527 935 2575 nempe
970 2529 1116 2575 usque
1141 2513 1199 2560 ad
1226 2513 1401 2560 codicis
1429 2513 1597 2568 finem,
1625 2516 1987 2562 commentarius
2015 2515 2062 2560 in
2097 2528 2259 2560 omnes
2291 2511 2419 2558 Pauli
2445 2513 2543 2574 epi-

275 2586 445 2638 stolas,
474 2589 642 2649 partim
667 2596 792 2634 certe
816 2588 941 2635 idem
965 2591 1047 2651 qui
1069 2591 1420 2653 Theophylacti.
1458 2593 1635 2654 Reapse
1659 2593 1692 2638 f.
1721 2594 1833 2639 208.
1864 2601 1970 2638 ante
1992 2590 2311 2638 commentarii
2333 2590 2538 2638 initium.

275 2663 389 2713 haec
421 2662 672 2710 habentur.
705 2654 838 2708 'Ev‘
819 2654 969 2730 ετέρα
1000 2660 1176 2730 βίβλῳ
1208 2680 1279 2719 εις
1310 2681 1472 2728 ονομα
1499 2660 1596 2712 τοῦ
1622 2662 1956 2734 Βουλγαρίας
1993 2679 2456 2752 επιγεγραμμενην
2469 2662 2542 2710 εὑ·

274 2752 360 2803 ρον
394 2753 482 2787 την
517 2730 786 2802 παροῦσαν
817 2731 1095 2804 εξῆγησιν,
1122 2734 1215 2787 τοῦ
1249 2734 1409 2828 κυροῦ
1444 2732 1684 2792 δηλονότι
1717 2735 2109 2801 Θεοφυλακτου·
2138 2742 2192 2791 ἦν
2228 2729 2281 2785 δὲ
2314 2757 2398 2786 και
2432 2756 2457 2789 η
2493 2733 2538 2785 ἐν

279 2808 434 2878 εκείνη
470 2807 534 2862 w?
568 2811 742 2880 βίβλῳ
779 2807 1200 2880 οἷπαραλλακτως
1237 2808 1432 2880 ἔχουσα
1463 2811 1585 2906 πρὸς
1621 2836 1705 2869 την
1745 2813 2002 2875 ενταῦθα,
2040 2836 2121 2866 και
2159 2810 2371 2880 μᾶλλον
2409 2832 2540 2862 κατα

272 2908 366 2945 τας
401 2882 588 2957 αρχάς·
623 2889 972 2958 προβαίνουσα
1007 2883 1065 2939 δὲ
1100 2883 1428 2942 διήλλαττεν·
1460 2884 1582 2942 ὅθεν
1611 2911 1881 2959 πεπεισμαι
1910 2913 1978 2961 τῳ
2009 2885 2318 2942 Numnam-ov
2349 2884 2538 2942 ταύτην

272 2961 798 3036 προσκεκληρωσθαι,
822 2958 1190 3058 Μὸανεισαμένῳ
1201 2964 1268 3016 τοὶ
1294 2969 1455 3017 πλείω
1484 2987 1622 3037 παρα
1650 2988 1740 3018 του
1771 2969 2108 3039 Βουλὲκαρίας
2124 2962 2252 3021 Μ’τοι
2283 2986 2374 3017 του
2407 2967 2539 3034 Χρυ·

276 3037 551 3108 σοστόμου
591 3037 709 3091 e’wet
750 3061 834 3091 και
877 3061 1081 3113 υστερον
1115 3063 1186 3113 τῳ
1222 3038 1394 3113 χρόνῳ
1429 3041 1523 3093 τοῦ
1557 3044 1883 3114 Βουλγαρίας
1921 3044 1945 3094 ὁ
1984 3039 2308 3095 Ναυπάκτου
2347 3051 2407 3095 In
2441 3049 2540 3094 alto

273 3124 433 3170 codice
464 3123 675 3187 comperi
707 3140 898 3194 nomme
934 3124 1284 3190 archi'epzscopz
1323 3127 1590 3190 Bulgarzae
1634 3127 1915 3191 inscriptam
1963 3128 2088 3174 hanc
2127 3125 2536 3192 explanationem.

274 3202 458 3266 Quippe
490 3213 536 3247 et
567 3217 692 3264 quae
717 3201 767 3246 in
796 3201 880 3249 illo
910 3202 1070 3248 codice
1097 3215 1228 3254 erat,
1258 3203 1321 3249 ab
1352 3202 1445 3250 hac
1477 3216 1641 3250 nostra
1670 3221 1764 3250 reon
1799 3205 2074 3267 differebat,
2098 3204 2386 3269 praesertim
2409 3203 2540 3248 circa

274 3277 436 3324 initia.
473 3278 807 3324 Verumtamen
831 3278 882 3324 in
902 3296 1183 3343 progressu,
1212 3280 1452 3327 deviabat.
1492 3281 1808 3335 Quamobrem
1831 3281 1955 3327 mihi
1972 3281 2216 3344 persuasi,
2247 3281 2374 3327 lianc
2411 3281 2543 3327 Nau-

270 3354 408 3418 pacti
438 3355 655 3419 episcopo
687 3372 784 3402 esse
816 3356 1217 3409 adtribuendam,
1246 3358 1334 3421 qui
1363 3369 1525 3404 tamen
1550 3360 1783 3422 pleraque
1815 3360 2068 3423 sumpserit
2097 3375 2129 3405 a
2161 3359 2427 3423 Balgariae
2461 3374 2542 3403 ar-

272 3430 567 3516 chiepiscopo
599 3449 682 3478 seu
707 3433 873 3496 potius
906 3449 938 3479 α
971 3432 1315 3518 Chrysostomo.
1356 3435 1751 3497 Quandoquidem
1785 3434 2136 3501 archiepiscopo
2160 3435 2427 3500 Bulgariae
2452 3451 2543 3498 po-

273 3507 445 3554 sterior
477 3520 687 3573 tempore
707 3521 777 3555 est
800 3511 1052 3574 Naupacti
1071 3527 1315 3575 episcopus
1350 3512 1553 3574 (nempe
1574 3512 1650 3558 hic
1673 3512 1759 3558 illo
1783 3514 2015 3560 recentior
2039 3513 2184 3562 ferme
2208 3514 2394 3561 saeculo
2418 3512 2544 3574 est.)

403 3585 588 3632 Addam
611 3595 658 3634 et
682 3586 795 3634 alias
819 3588 993 3634 codicis
1015 3588 1357 3651 inscriptiones.
1385 3590 1565 3650 Nempe
1587 3588 1621 3635 f.
1645 3591 1757 3636 205.
1784 3589 1831 3636 b.
1865 3577 1937 3633 Τὸ
1962 3604 2058 3655 παρ
2066 3603 2118 3637 ον
2150 3586 2364 3648 βιβλιον
2395 3580 2541 3653 ὑπηρ-

273 3672 362 3720 χεν
387 3652 584 3724 πρῶτον
611 3652 704 3726 μὲν
731 3677 821 3707 του
854 3652 1154 3728 ἁγιωτάτου
1183 3653 1469 3728 ἀρχιερέως
1497 3659 1798 3730 Σηλυβρίας
1827 3679 1980 3732 κυρου
2006 3658 2259 3732 ἸγναὟίου
2288 3680 2378 3711 του
2410 3662 2542 3752 Χορ·

274 3726 543 3799 τασμένου
580 3729 739 3792 αὐτὸς
772 3727 826 3784 δὲ
865 3731 1055 3797 ἅφηκεν
1084 3730 1209 3787 αὗτό
1242 3730 1366 3830 πρὸς
1393 3731 1482 3787 τὸν
1512 3731 1702 3786 ἑαυτοῦ
1731 3734 1988 3807 ὑπουργον
2020 3734 2176 3810 χάριν
2208 3736 2363 3804 εὔχης
2392 3733 2539 3807 κυρόν

212 3815 219 3824 “
274 3802 547 3878 Μακάρων
582 3829 666 3860 και
707 3807 1100 3879 καθηγούμενον
1135 3831 1222 3870 της
1258 3808 1418 3881 ἁγίας
1449 3812 1712 3882 Μαρίνης,
1741 3833 1829 3874 της
1859 3809 2011 3875 οὔσης
2044 3812 2091 3867 ἐν
2119 3835 2178 3868 τη
2208 3811 2340 3881 αὕτη
2372 3809 2536 3865 πολει·
