2970 4420
0 1351 5 1413 ξ

0 1415 10 1512 ἑ
27 1439 29 1443 ,

1344 275 1466 329 firm.
2455 298 2536 330 xm

281 374 386 426 post·
411 371 501 413 eius
529 370 758 413 adventum
796 370 1006 420 civitatem
1037 373 1267 428 corripuit:
1304 374 1559 427 contempto*
1587 367 1800 426 siqnidem
1829 368 1874 410 in
1908 367 2036 423 agros
2073 369 2294 414 secedendi
2332 373 2508 415 consilio
2526 405 2537 426 ‚

278 454 373 497 quo
399 441 594 496 plerique
623 442 780 484 civium
809 441 1082 486 declinandae
1119 443 1386 498 contagionis
1422 454 1550 486 causa
1578 440 1644 485 usi
1674 444 1801 493 sunt3
1833 451 1958 496 saepe
1993 440 2147 483 accidit
2179 442 2461 497 imprudenti,
2494 450 2543 487 ut

279 525 377 555 cum
408 511 574 555 affectis
603 512 789 566 graviter
817 525 869 555 eo
900 514 1053 557 morbo
1083 514 1340 558 incustodite
1359 517 1632 557 'versareturz
1667 509 1820 556 deinde
1851 510 1908 554 ob
1944 510 2208 566 suspiciones
2237 524 2261 554 a
2287 513 2434 555 Turcis
2462 525 2539 555 ur-

282 585 381 627 bem
411 584 677 638 tenentibus,
703 596 778 638 ne,
803 587 853 626 ut
881 585 970 628 eius
998 586 1183 628 nationis
1210 584 1457 629 hominibus
1480 584 1689 627 familiare
1711 587 1799 636 est,
1825 583 2091 626 occasionem
2120 582 2329 638 quispiam
2361 584 2425 624 sui
2457 585 2540 625 cri-

287 655 501 710 minandi,
526 655 927 711 extorquendaeque
956 657 1056 699 inde
1087 657 1289 712 pecuniae
1319 669 1344 698 a
1373 651 1500 711 longa
1529 654 1728 698 absentia
1750 646 2224 709 captandamputaret,
2248 654 2369 708 quasi
2399 654 2543 708 explo-

285 725 410 768 randi
440 726 603 780 gratia,
634 738 787 781 resque
815 738 949 769 novas
979 727 1205 780 moliendi,
1237 740 1326 769 sese
1356 732 1475 769 tanto
1505 731 1608 782 post
1639 725 1865 769 intervallo
1895 724 2070 782 domum
2103 726 2325 780 receperit.

410 800 478 843 17·.
511 798 640 840 Auxit
671 797 940 841 vehementer
968 811 1060 842 eam
1093 811 1261 852 curam,
1291 798 1558 854 eundemque
1586 806 1686 841 mox
1720 798 1862 840 animo
1896 798 2023 839 etiam
2053 797 2097 839 in
2130 797 2322 839 futurum
2353 795 2540 849 disiecit,

287 881 374 911 non
404 868 578 923 indigna
607 870 783 923 cognitu
812 882 901 923 reS‚
935 881 1042 925 quae
1071 882 1149 924 per
1179 881 1252 911 eos
1282 868 1373 911 dies
1402 869 1448 911 in
1477 882 1527 912 ea
1557 869 1817 923 cogitatione
1847 867 1986 911 defixo
2018 867 2214 922 contigit.
2246 866 2383 909 Media
2413 871 2545 909 aestas

287 939 501 992 fervebat,
524 953 604 982 nec
634 953 660 982 a
689 941 867 984 meridie
896 941 1077 984 multum
1106 941 1399 983 intercesserat
1425 942 1577 996 spatii,
1601 953 1698 983 cum
1715 936 1985 996 'praefectum
2016 938 2222 992 civitatis,
2244 940 2412 981 Bassam
2436 938 2544 979 Tur-

286 1023 359 1053 cae
387 1016 543 1054 vocant
556 1011 804 1067 ‚simulque
826 1012 990 1068 aliquot
1009 1025 1034 1054 e
1054 1010 1311 1067 primoribus
1330 1011 1639 1054 inambulantes
1660 1011 1804 1066 videt,
1829 1011 1905 1067 qui
1921 994 2136 1053 admoniti
2161 1014 2339 1066 puteum
2368 1009 2428 1052 ibi
2457 1022 2545 1052 esse

287 1095 421 1137 aquae
443 1081 500 1125 ob
520 1083 700 1139 liquoris
727 1083 916 1137 rigorem
944 1087 1041 1125 toto
1074 1082 1236 1139 oppido
1266 1082 1446 1134 maxime
1474 1082 1695 1136 laudatae,
1718 1083 1772 1125 ad
1791 1083 1922 1124 limen
1943 1081 2237 1135 substiterant,
2260 1084 2393 1135 utque
2425 1081 2544 1123 oble—

287 1155 392 1196 ctari
420 1154 669 1210 tempestiva
698 1155 875 1210 potione
904 1154 1146 1197 sinerentur
1173 1158 1474 1209 poposcerant.
1507 1155 1594 1196 Nec
1622 1166 1744 1197 mora
1764 1154 1847 1196 fuit
1875 1155 1920 1197 in
1942 1154 2098 1205 Allatio
2126 1159 2254 1208 atque
2283 1153 2447 1207 0101015,
2471 1155 2546 1208 qui

286 1226 402 1268 forte
423 1238 506 1268 una
535 1226 777 1281 frequentes
807 1225 980 1268 aderant
994 1258 1006 1280 ‚
1031 1225 1280 1281 expediendi
1301 1225 1482 1281 pocula,
1507 1225 1730 1268 hauriendi
1757 1239 1938 1281 aquam,
1961 1238 2130 1281 quaque
2160 1225 2338 1268 maxime
2367 1229 2546 1280 potuere

285 1297 591 1354 significatione
619 1298 894 1340 humanitatis
924 1297 1146 1352 hospitum
1168 1298 1377 1340 voluntati
1407 1297 1686 1353 obsequendi.
1720 1297 1823 1340 cam
1845 1303 1986 1340 autem
2018 1297 2250 1340 delectatos
2278 1297 2548 1339 vehementer

291 1382 340 1412 ea
370 1374 499 1424 potus
528 1369 782 1411 amoenitate
809 1370 965 1411 Turcas
994 1366 1160 1410 vicinus
1191 1368 1366 1423 quidam
1391 1368 1777 1422 animadvertisset,
1807 1368 1992 1410 accurrit
2020 1368 2133 1410 illico
2165 1372 2365 1409 craterem
2396 1367 2547 1421 optimi

288 1441 379 1481 vini
410 1440 584 1495 plenum
613 1440 774 1482 ferens:
806 1448 1004 1494 magnam
1034 1439 1271 1494 se'qnippe
1301 1439 1374 1481 illa
1403 1439 1665 1493 benignitate
1695 1440 1867 1493 gratiam
1903 1439 2016 1494 apud
2054 1443 2291 1481 aestuantes
2320 1436 2363 1480 et
2391 1436 2548 1480 sudore

288 1510 485 1553 madidos
514 1510 718 1552 initurum
747 1513 1015 1565 speraverat3
1047 1509 1104 1552 ad
1132 1509 1256 1564 quod
1288 1514 1428 1552 tamen
1458 1511 1612 1552 munus
1626 1541 1637 1562 ‚
1664 1522 1716 1551 ne
1742 1522 1959 1565 respexere
1990 1509 2162 1565 quidem
2182 1501 2374 1562 *Turcae,
2406 1504 2551 1567 statim

288 1580 388 1622 inde
418 1580 474 1622 ab
504 1593 641 1636 aquae
674 1582 916 1635 gustatione
951 1579 1141 1634 digressi.
1172 1581 1385 1623 Postridie
1414 1581 1524 1623 bene
1554 1593 1703 1635 mane,
1737 1594 1834 1624 ecce
1865 1582 2002 1623 viator
2033 1595 2057 1622 a
2090 1584 2314 1635 praetore,
2347 1581 2415 1622 cui
2444 1579 2547 1622 Gadi
2575 1595 2579 1598 ·

288 1651 548 1694 vocabulum
577 1653 665 1705 est',
692 1652 767 1707 qui
796 1651 999 1694 Allatium
1028 1651 1173 1694 adesse
1196 1651 1420 1694 confestim
1451 1651 1506 1694 ad
1536 1652 1722 1695 tribunal
1752 1665 1833 1707 pro
1862 1653 2040 1707 imperio
2072 1651 2214 1694 edicit.
2248 1651 2324 1693 Ille
2354 1651 2544 1705 gravari,

290 1727 331 1763 et
363 1722 539 1770 moleste
567 1721 707 1776 ferre,
740 1734 887 1764 omnes
918 1725 1061 1764 autem
1089 1721 1322 1782 indignari,
1354 1727 1397 1764 et
1426 1736 1478 1764 ne
1509 1723 1615 1777 quid
1647 1724 1834 1778 asperius
1867 1726 2085 1777 pateretur
2115 1735 2140 1765 a
2170 1726 2296 1776 geute
2325 1720 2472 1775 avida,
2505 1726 2548 1762 et

284 1793 579 1850 suspicionum
610 1805 733 1835 ansas
760 1792 948 1836 studiose
981 1797 1174 1848 captante
1188 1824 1200 1846 ‚
1233 1794 1385 1836 vereri.
1419 1794 1657 1837 Parendum
1690 1790 1842 1836 tamen*
1865 1795 1970 1847 fuit,
2003 1806 2132 1848 seque
2164 1793 2317 1835 iudicis
2349 1794 2549 1848 potestati

288 1866 377 1906 sine
406 1863 756 1918 tergiversatione
784 1863 1132 1919 permittendum.
1163 1864 1374 1918 Exceptus
1404 1865 1556 1907 minaci
1585 1866 1734 1917 vultu,
1766 1866 1936 1920 iamque
1960 1864 2116 1918 rigidis
2145 1863 2549 1918 interrogationibus

290 1934 458 1989 fatigari
488 1937 667 1989 coeptus
682 1964 696 1987 ‚
725 1933 967 1975 interventu
1000 1935 1125 1976 unius
1157 1946 1207 1975 ex
1241 1934 1448 1977 hesternis
1478 1947 1614 1991 aquae
1645 1935 1876 1991 potoribus
1909 1935 2150 1978 dimittitur.
2187 1935 2317 1976 Simul
2347 1934 2441 1988 ille,
2474 1934 2548 1988 qui

291 2008 435 2049 vinum
463 2006 683 2061 praefecto
714 2005 930 2048 obtulerat
958 2005 1100 2060 adest,
1132 2005 1405 2048 humanitatis
1438 2002 1700 2050 inconsultae
1729 2021 1827 2050 reus
1840 2039 1852 2061 ‚
1887 2008 2004 2062 quasi
2038 2005 2092 2048 ad
2126 2009 2418 2060 contemptum
2447 2005 2548 2047 reli-

292 2079 431 2133 gionis
463 2079 610 2130 (cuius
638 2078 905 2133 praescripto
935 2078 1093 2120 Turcae
1122 2090 1146 2119 a
1174 2078 1263 2119 vini
1291 2078 1467 2133 potione
1490 2082 1711 2139 arcentur)
1740 2091 1952 2121 summum
1982 2079 2026 2120 in
2056 2079 2226 2121 civitate
2250 2078 2387 2119 virum
2418 2077 2549 2118 homo

293 2150 543 2192 christianus
581 2149 752 2205 publice
789 2149 1078 2191 sollicitasset.
1122 2150 1241 2192 cuius
1282 2149 1456 2204 quidem
1491 2150 1621 2192 veluti
1662 2150 1896 2204 gravissimi
1933 2149 2119 2191 criminis
2154 2148 2295 2191 statim
2330 2148 2550 2189 convictus

295 2221 620 2275 damnatusque,
652 2232 741 2262 non
772 2224 869 2262 ante
898 2220 1097 2263 dimissus
1126 2226 1214 2275 est,
1246 2233 1375 2300 quam
1404 2226 1528 2276 tergo
1559 2226 1602 2264 et
1632 2223 1810 2277 pecunia
1839 2222 2060 2264 affectatae
2088 2208 2413 2275 intemperanter
2441 2218 2549 2260 Tur-

236 2308 243 2310 ‘
295 2305 440 2335 earum
469 2292 628 2346 gratiae
658 2303 818 2346 poenas
848 2292 1044 2333 exsolvit.

419 2359 497 2406 185
520 2363 695 2406 Nullum
726 2363 886 2405 crimen
916 2362 1032 2418 apud
1060 2363 1216 2405 Turcas
1243 2363 1492 2407 invidiosius
1518 2370 1607 2419 est,
1629 2377 1707 2408 nec
1733 2365 1818 2407 alio
1845 2365 2016 2406 nomine
2043 2363 2326 2415 Christianos,
2350 2361 2424 2416 qui
2452 2372 2549 2402 cum
2589 2375 2594 2378 >

293 2435 378 2477 illis
406 2439 652 2488 versantur,
677 2434 840 2475 maiora
871 2432 1058 2487 pericula
1088 2432 1203 2475 adire
1234 2438 1425 2488 constat,
1449 2447 1576 2490 quam
1596 2435 1641 2488 'si
1671 2435 1778 2490 quid
1807 2436 1873 2478 vel
1894 2436 2100 2478 levissime
2128 2439 2278 2477 contra
2303 2437 2458 2476 statum
2482 2445 2550 2473 re-

268 2501 602 2567 ,11ς10015χ1100
632 2505 766 2548 modo
795 2505 852 2546 in.
869 2505 1110 2547 universum
1128 2536 1139 2558 ‚
1164 2505 1239 2547 sed
1262 2506 1465 2548 etiamin
1493 2507 1670 2562 singulis
1698 2507 1942 2549 hominibus
1962 2511 2144 2549 tentasse
2172 2506 2388 2549 dicantur:
2413 2505 2550 2546 omnis

293 2579 338 2619 in
367 2590 415 2620 ea
443 2590 489 2620 re
513 2577 707 2620 'lenitatis
737 2576 962 2629 oblivisci,
987 2589 1156 2618 omnem
1187 2576 1368 2619 abiicere
1394 2573 1722 2621 misericordiam
1751 2580 1818 2621 ius
1847 2579 1994 2633 fasque
2025 2582 2189 2633 putant.
2224 2578 2420 2620 Ceterum
2450 2587 2550 2629 erga

296 2650 448 2703 Chios,
481 2654 529 2691 ut
557 2650 644 2691 iam
676 2648 840 2691 dictum
876 2654 964 2704 est,
998 2648 1114 2691 facili
1146 2648 1377 2691 admodum
1396 2654 1452 2704 ,et
1489 2650 1573 2692 leni
1610 2652 1789 2706 imperio
1826 2655 2028 2704 utuntur,
2061 2663 2212 2704 regum
2245 2649 2547 2703 indulgentiam

296 2732 406 2775 erga,
425 2721 525 2762 11105
554 2720 778 2773 aemulati,
805 2720 881 2775 qui
911 2733 1004 2763 eam
1032 2720 1214 2762 insulam
1243 2733 1343 2762 suos
1371 2720 1639 2763 suburbanos
1666 2722 1816 2765 hortos
1839 2722 2074 2764 honorifice
2098 2722 2328 2777 appellant.
2362 2721 2460 2761 Eius
2486 2719 2548 2760 fa·
2572 2756 2577 2761 .

294 2791 464 2834 cilitatis
493 2791 677 2833 illustria
706 2796 981 2834 monumenta
1004 2792 1187 2846 plurima
1219 2797 1318 2833 sunt
1332 2825 1344 2845 ,
1369 2792 1443 2834 sed
1473 2793 1652 2835 maxime
1684 2794 1874 2835 omnium
1895 2794 2073 2836 immota
2096 2797 2138 2845 et
2162 2793 2410 2834 inoencussa
2439 2789 2550 2832 chri-

223 2860 251 2890 st
297 2863 421 2905 stiani
451 2862 589 2905 cultus
618 2862 837 2905 securitas.
872 2864 979 2905 Nam
1000 2864 1078 2905 etsi
1106 2865 1266 2906 Turcae
1295 2865 1507 2906 neminem
1529 2864 1711 2907 invitum
1739 2865 1794 2907 ad
1821 2877 1970 2907 eorum
2000 2877 2118 2906 sacra
2146 2862 2408 2917 suscipienda
2429 2873 2548 2903 com-

297 2934 487 2989 pellunt,
512 2934 697 2989 exceptis
723 2933 891 2990 pueris,
917 2945 1099 2991 quorum
1129 2938 1261 2975 statos
1286 2933 1581 2988 solemnesque
1607 2948 1685 2992 per
1712 2936 1951 2991 provincias
1975 2935 2161 2976 delectus
2185 2932 2368 2983 habent,
2392 2931 2444 2974 ad
2472 2943 2550 2986 pe-

296 3005 425 3048 tenda
458 3005 557 3048 inde
594 3005 736 3059 regiae
775 3002 929 3047 domus
959 3005 1214 3057 ministeria,
1250 3008 1292 3045 et
1328 3002 1622 3059 praetorianae
1659 3005 1834 3048 militiae
1875 3004 2189 3059 supplementa,
2229 3003 2264 3044 si
2303 3004 2370 3044 cui
2409 3007 2548 3044 tamen

294 3078 490 3132 quamvis
519 3076 700 3119 fortuito
731 3079 775 3118 et
805 3088 882 3130 per
910 3075 1051 3118 iocum
1083 3074 1284 3116 excidisse
1316 3075 1503 3129 dicatur,
1528 3076 1648 3130 quod
1677 3075 1731 3118 ad
1759 3074 2057 3130 capessendam
2083 3073 2418 3115 mahometanam
2449 3071 2549 3114 reli-

294 3137 467 3202 gionem
499 3147 711 3197 adiiecerit
740 3147 953 3198 animum,
977 3147 1151 3188 caelitus
1181 3147 1407 3188 immissam
1429 3159 1521 3188 eam
1541 3151 1722 3189 mentem
1750 3146 2155 3200 affirmant‚,neque
2188 3145 2340 3186 divinis
2364 3143 2550 3198 imperiis

275 3215 484 3262 ‘humana
514 3218 691 3261 consilia
721 3217 919 3260 reluctari
947 3218 1008 3260 fas
1039 3231 1152 3271 esse,
1176 3217 1305 3272 idque
1335 3219 1585 3260 auctoritate
1607 3217 1780 3272 publica
1802 3217 2115 3272 providendum
2138 3216 2389 3258 existimant.
2423 3214 2549 3267 Quod

296 3295 436 3333 autem
464 3289 725 3332 iudiciorum
755 3290 1000 3344 corruptela
1027 3302 1115 3332 non
1146 3290 1244 3331 alias
1274 3289 1388 3344 apud
1417 3293 1562 3344 gentes
1590 3289 1781 3342 foedior,
1807 3302 1885 3331 nec
1913 3301 2092 3345 usquam
2121 3288 2385 3343 frequentior
2414 3287 2547 3328 falso·-

297 3373 392 3404 rum
420 3361 590 3403 testium
621 3365 696 3403 aut
719 3373 820 3403 usus
849 3365 922 3404 aut
944 3365 1142 3416 quaestus
1173 3364 1261 3413 est,
1284 3361 1437 3415 passim
1467 3360 1551 3402 hoc
1579 3371 1731 3414 genere
1750 3360 1982 3402 calumniae
2005 3359 2242 3403 Christiani
2257 3359 2370 3414 apud
2390 3361 2548 3401 Turcas

293 3436 467 3486 agentes
488 3431 802 3498 inquietantur,
828 3445 908 3474 nec
939 3432 1136 3474 omnibus
1166 3436 1238 3474 aut
1261 3445 1328 3473 res
1347 3431 1564 3473 familiaris
1593 3430 1645 3473 ad
1674 3430 1920 3473 redimenda
1939 3430 2149 3486 pericula,
2173 3435 2244 3473 aut
2268 3431 2430 3472 animus
2451 3443 2547 3472 cor-

298 3515 430 3557 pusve
458 3501 514 3544 ad
542 3502 790 3557 perferenda
824 3507 1038 3544 tormenta
1070 3501 1300 3544 sufficiunt.
1337 3501 1589 3545 Huiusmodi
1622 3501 1855 3544 calamitate
1884 3502 2012 3544 Chios
2046 3506 2237 3568 expertes
2266 3514 2353 3566 esse
2386 3514 2548 3543 memo-

298 3578 394 3615 rant
423 3573 628 3616 beneficio
657 3574 887 3629 principis,
919 3574 1039 3616 cuius
1073 3572 1337 3628 amplissimis
1373 3572 1551 3615 decretis
1583 3577 1753 3614 cautum
1784 3572 1896 3615 inter
1932 3576 2068 3615 cetera
2099 3563 2240 3626 extat
2275 3563 2326 3615 ne
2364 3571 2548 3615 delectus

298 3657 410 3699 quos
439 3644 620 3687 diximus
651 3647 903 3699 puerorum,
935 3657 1038 3687 neve
1069 3655 1328 3699 quemquam
1356 3656 1503 3686 eorum
1534 3643 1754 3698 religionis
1784 3656 1910 3686 causa
1937 3645 1982 3686 in
2012 3644 2236 3687 discrimen
2265 3656 2442 3695 vocare,
2476 3645 2548 3698 qui

299 3726 466 3758 nomen.
484 3727 607 3757 suum
637 3727 688 3757 ex
717 3715 845 3758 animi
872 3716 1075 3758 sententia
1102 3714 1218 3769 apud
1246 3713 1432 3756 iudicem
1461 3714 1570 3756 inter
1599 3713 1830 3756 Mahometi
1858 3715 2043 3758 cultores
2074 3708 2286 3770 professus
2315 3728 2402 3757 non
2430 3715 2500 3756 sit.

424 3787 490 3827 19.
523 3786 676 3840 Ingens
697 3787 739 3828 in
765 3787 931 3829 civitate
955 3797 1163 3828 sacrarum
1187 3786 1397 3839 virgiuum
1421 3784 1676 3836 multitudo,
1701 3797 1751 3827 ac
1774 3797 1949 3840 prorsus
1971 3786 2219 3839 immodica,
2246 3787 2377 3827 mirus
2407 3790 2546 3827 tamen

297 3855 383 3898 iltis
410 3855 550 3899 honos
579 3862 620 3899 et
650 3857 922 3912 inconcussa,
955 3857 1091 3899 media
1121 3857 1165 3897 in
1197 3855 1388 3898 barbarie
1416 3867 1662 3910 summaque
1692 3856 1828 3914 gentis
1858 3855 2062 3912 libidine,
2095 3857 2323 3912 pudicitia3
2358 3856 2548 3910 quamvis
