2970 4420
477 268 566 312 106
1423 281 1573 311 morus
1607 281 1784 311 ALLATu

470 376 627 414 menta
658 368 995 429 pulcherrima,
1023 377 1070 415 et
1103 368 1162 413 de
1198 381 1402 428 quorum
1431 365 1702 412 auctoribus
1732 358 1948 413 dubitare
1982 369 2109 416 nefas
2143 370 2287 424 esset,
2315 371 2406 417 vel
2419 387 2475 418 eo
2509 371 2613 418 solo
2647 388 2736 419 no-

470 446 595 490 mine
629 444 772 506 quod
792 446 841 490 in
878 445 972 490 illis
1003 446 1179 491 mentio
1214 443 1467 496 habeatur,
1494 451 1539 488 et
1574 443 1757 489 dierum
1790 443 2040 499 festorum,
2069 454 2115 530 et
2146 447 2454 508 hymnoium,
2488 448 2617 510 quod
2649 450 2735 533 ista

425 578 431 583 x
472 523 675 584 ptimum
713 539 737 569 a
770 523 937 569 Carolo
973 524 1220 568 constituta
1253 522 1361 566 sint.

599 602 657 663 bt
692 609 741 646 ut
766 602 912 661 magis
946 615 1152 660 urgeam.
1190 600 1287 643 Hae
1317 597 1644 659 Thaumaturgi
1670 600 2144 660 'orationeskquatuor
2173 611 2303 655 sunt,
2331 612 2427 649 tres
2461 605 2508 649 in
2538 604 2737 649 Annun-

472 678 741 730 dationem,
770 678 904 723 unica
929 678 977 721 in
998 675 1368 736 Theophaniam‚
1396 683 1440 720 et
1465 690 1520 720 ex
1555 675 1627 720 his
1655 676 1702 720 in
1731 691 1823 721 una
1850 684 2054 729 tantum,
2082 691 2203 739 quae
2231 688 2300 725 est
2327 680 2526 726 secunda
2558 681 2605 726 in
2640 682 2737 725 An-

472 756 842 807 nunciationem‚
871 762 915 799 et
949 753 1131 798 dierum
1164 752 1412 804 festorum,
1440 760 1485 797 et
1518 752 1804 813 hymnorum
1839 752 1889 798 fit
1925 755 2118 800 mentio.
2157 756 2282 810 Quae
2313 758 2483 818 poterit
2516 758 2737 818 assignari

474 833 616 884 ratio,
646 841 698 877 ut
733 846 825 877 una
854 830 992 875 simul
1029 832 1133 874 cum
1169 829 1254 874 hac
1288 829 1494 889 reliquae
1528 830 1824 875 reiiciantur‘?
1857 831 2045 876 Etiamsi
2075 825 2282 892 quae'de
2315 834 2440 879 festis
2472 842 2518 879 et
2539 826 2736 894 *hymnis

471 909 707 970 loquitur,
746 924 771 954 e
804 908 985 968 scriptis
1017 903 1345 967 Thaumaturgi
1381 914 1496 952 esset
1536 906 1912 960 exterminanda,
1946 908 2030 953 ista
2069 916 2298 956 nonuna
2336 922 2491 956 secum
2532 911 2737 956 traheret

472 985 599 1031 aliaS.
638 987 727 1030 Fac
755 986 879 1030 enim
903 985 1024 1029 inter
1049 985 1283 1029 orationes
1316 984 1620 1035 seleucianas,
1648 984 1721 1030 vel
1760 984 2179 1045 chrysostomianas
2206 988 2264 1032 sit
2279 1002 2403 1040 una,
2430 1002 2548 1048 quae
2580 987 2738 1034 Seleu-

363 1087 368 1093 «
473 1064 695 1116 ciensem‚
724 1062 797 1108 vel
820 1052 1202 1120 chrysostomum
1227 1075 1319 1106 non
1347 1069 1586 1121 agnoscat,
1609 1060 1715 1106 ideo
1739 1076 1797 1106 ne
1823 1069 1867 1107 et
1895 1061 2102 1122 reliquae
2123 1062 2239 1108 aliae
2260 1063 2577 1110 amandandae
2598 1065 2737 1110 sunt?

476 1129 634 1183 κακοῦ
667 1126 883 1200 κόρακος
920 1125 1068 1180 κακὸν
1107 1125 1216 1181 ὠόν.
1255 1138 1381 1183 luter
1414 1137 1573 1183 decem
1598 1137 1913 1184 adolescentes
1944 1154 2063 1184 unus
2087 1140 2274 1200 spurius
2304 1149 2572 1202 esu-neque
2596 1141 2739 1187 indu-

474 1215 642 1269 bitate,
669 1230 782 1276 ergo
808 1215 947 1260 ceteri
971 1230 1132 1260 omnes
1157 1215 1336 1276 spurii?
1370 1215 1495 1260 Inter
1521 1214 1682 1260 decem
1706 1215 1906 1276 pecudes
1929 1231 2021 1262 una
2051 1217 2181 1277 nigra
2208 1225 2299 1270 est,
2326 1232 2439 1279 ergo
2464 1226 2510 1263 et
2534 1217 2740 1279 reliquae

476 1293 680 1338 novem?
714 1294 771 1337 Et
806 1300 856 1337 ut
892 1291 1077 1344 finiam,
1117 1293 1237 1337 inter
1272 1292 1455 1337 criticos
1482 1286 1646 1337 ‘sacros
1683 1293 2065 1350 Rivetusstmens
2098 1293 2380 1355 demensque
2414 1303 2511 1348 est,
2548 1309 2661 1356 ergo
2694 1302 2740 1340 et

472 1377 702 1431 quotquot
737 1369 880 1414 critici
905 1369 1022 1415 sacri
1054 1369 1202 1414 sunt?
1229 1370 1401 1427 Demus
1435 1383 1547 1429 ergo
1581 1368 1919 1424 dubitationem
1944 1385 2043 1416 esse
2079 1370 2139 1415 de
2167 1371 2366 1416 secunda
2395 1372 2443 1416 in
2474 1356 2739 1426 Annunciass

471 1448 670 1502 tionem,
699 1447 806 1506 quia
838 1454 881 1491 et
916 1446 1101 1506 hymni,
1131 1453 1179 1491 et
1213 1446 1312 1491 dies
1339 1445 1441 1491 festi
1477 1447 1524 1490 in
1562 1461 1614 1491 ea
1647 1446 1876 1498 ti'nniunt;
1904 1461 2017 1507 ergo
2055 1455 2302 1508 propterea
2335 1450 2383 1493 et
2414 1448 2529 1494 aliae
2562 1447 2740 1494 ibidem

473 1540 676 1570 annexae
712 1526 760 1570 in
794 1515 990 1570 dubium
1027 1524 1300 1569 vertantur?
1330 1524 1606 1575 Vertantur‚
1635 1522 1855 1568 fatebitur
1888 1523 2044 1568 forsan
2076 1525 2288 1577 Rivetus‚
2317 1526 2390 1570 cui
2422 1526 2578 1571 omnia
2612 1539 2742 1572 sacra

471 1604 517 1646 in
554 1601 751 1647 dubium
784 1609 963 1647 vertere
998 1601 1045 1645 in
1083 1601 1238 1646 animo
1275 1608 1359 1645 est.
1399 1601 1455 1644 Et
1493 1599 1605 1645 haec
1635 1599 1827 1660 quidem
1861 1600 1919 1646 ad
1957 1600 2158 1646 rationes
2193 1601 2364 1654 Riveti,
2399 1601 2661 1662 gordianis,
2688 1610 2740 1647 ut

472 1680 560 1741 ipsi
594 1679 805 1731 videtur,
834 1678 970 1724 nodis
1006 1677 1347 1730 circumflexas‚
1377 1678 1485 1723 satis
1519 1678 1625 1722 sint.
2275 1664 2276 1667 Ἰ

607 1754 822 1801 Scribunt
849 1755 950 1800 alii:
979 1754 1149 1807 verba,
1177 1769 1296 1815 quae
1319 1754 1378 1799 ad
1402 1753 1614 1799 Iordanis
1638 1754 1784 1815 ripas,
1812 1762 1856 1799 et
1882 1755 1932 1799 in
1955 1761 2114 1800 monte
2140 1753 2252 1799 dicit
2285 1763 2418 1816 pater
2439 1755 2497 1801 de
2530 1754 2738 1808 Christo,

474 1834 535 1878 ita
570 1833 809 1893 coniungit
834 1839 972 1892 atque
1006 1833 1360 1893 interpretatur,
1389 1845 1441 1876 ac
1475 1831 1511 1875 si
1536 1830 1635 1891 ipsa
1661 1829 1876 1891 baptismi
1911 1830 2036 1876 hora
2064 1831 2186 1876 dicta
2223 1830 2438 1885 fuissent,
2468 1840 2630 1878 auctor
2651 1831 2740 1878 ho-

472 1910 627 1955 miliae
662 1910 711 1954 in
745 1908 1117 1970 Theophaniam:
1155 1906 1234 1951 lzzc
1263 1918 1332 1952 est
1357 1906 1496 1967 sileas
1529 1922 1659 1952 meus
1694 1906 1918 1957 delectas,
1951 1923 2001 1952 ιη
2032 1923 2137 1969 quo
2157 1906 2281 1953 mclii
2311 1908 2423 1953 bene
2453 1908 2736 1981 complacui.

471 1986 622 2032 Fi‘lzas
656 1985 1079 2032 consubstantialis
1114 1992 1200 2030 etc.
1240 1985 1482 2046 perspicue
1524 1982 1782 2044 significare
1823 1979 2059 2030 aucterem
2093 1985 2219 2030 illius
2254 1985 2472 2031 homiliae
2508 1987 2742 2047 scripsisse

475 2072 580 2125 post
610 2065 742 2115 Arii,
780 2072 826 2108 et
861 2062 1044 2109 concilii
1080 2062 1256 2107 nicaeni
1291 2069 1534 2122 tempora,
1572 2062 1718 2106 immo
1752 2069 1856 2122 post
1893 2062 2022 2122 ipsos
2055 2063 2343 2108 Nestorium
2358 2071 2404 2108 et
2438 2062 2741 2122 Eutychetem

474 2140 734 2186 damnatos.
775 2139 904 2185 Idem
940 2154 1128 2200 quoque
1169 2137 1393 2183 iudicium
1431 2137 1693 2183 faciendum
1733 2138 1791 2182 de
1830 2137 2078 2183 duodecim
2118 2135 2346 2199 capitibus
2380 2138 2444 2183 de
2478 2137 2598 2192 fide,
2635 2154 2744 2185 cum

477 2218 872 2263 anathematismis
903 2231 1021 2278 quae
1051 2232 1198 2277 quum
1229 2216 1612 2261 Nestorianorum
1647 2223 1694 2260 et
1714 2214 2114 2275 Eutychianorum
2147 2230 2330 2262 errores
2353 2224 2399 2262 et
2432 2214 2743 2278 blasphemias

475 2295 721 2349 damnent,
750 2309 844 2340 non
881 2292 1089 2355 possunt'
1107 2301 1342 2344 auctorem
1376 2292 1547 2339 habere
1580 2293 1855 2354 Gregorium
1889 2292 2292 2354 thaumaturgum,
2328 2295 2409 2355 qui
2443 2294 2604 2340 multis
2636 2301 2742 2340 ante

475 2373 644 2418 harum
679 2372 932 2418 haereseon
964 2379 1120 2417 ortum
1153 2372 1309 2423 annis,
1342 2370 1466 2416 diem
1498 2385 1634 2416 suum
1662 2369 1858 2415 obierat.
1896 2370 2021 2415 Haec
2048 2371 2167 2415 ratio
2195 2386 2292 2416 non
2320 2370 2457 2433 plane
2487 2370 2738 2416 concludit.

475 2452 636 2510 Neque
670 2450 793 2495 enim
817 2450 925 2509 quia
952 2455 1136 2510 patrum
1162 2448 1400 2493 sententiis
1426 2447 1660 2499 haereses,
1689 2461 1808 2507 quae
1833 2446 1957 2507 ipsos
1986 2445 2255 2492 subsecutae
2289 2453 2419 2500 sunt,
2448 2436 2739 2508 iugulantur,
2782 2504 2791 2516 l

476 2524 737 2572 ideo'bene
771 2526 968 2571 infertur
1000 2525 1145 2571 dictas
1181 2522 1427 2570 sententias
1456 2523 1528 2569 vel
1567 2524 1923 2575 commentaria,
1952 2523 1998 2567 in
2031 2522 2200 2584 quibus
2232 2523 2346 2569 tales
2384 2524 2636 2570 sententiae
2671 2523 2744 2569 di-

477 2612 726 2664 geruntur,
755 2619 849 2648 non
883 2618 980 2648 esse
1016 2610 1202 2664 patrum
1236 2602 1318 2663 qui
1355 2600 1623 2649 haeresibus
1656 2600 1976 2665 praeiverunt:
2004 2606 2107 2645 cum
2143 2600 2342 2661 Spiritus
2374 2609 2561 2647 sanctus
2583 2616 2744 2647 eorum

476 2689 681 2726 mentem
718 2689 763 2726 et
798 2680 1026 2726 calamum
1060 2679 1297 2741 dirigens,
1319 2686 1423 2724 ante
1450 2687 1631 2724 exortas
1666 2679 1786 2739 ipsas
1818 2678 2055 2730 haereseS,
2088 2692 2164 2723 eas
2198 2677 2543 2738 profligaverit;
2576 2686 2628 2723 ut
2662 2677 2745 2724 ha-

478 2757 643 2803 berent
671 2756 857 2810 fideles,
887 2773 991 2803 cum
1021 2757 1127 2802 illae
1156 2764 1482 2808 nascerentur,
1512 2755 1836 2800 adveritatem
1864 2753 2449 2800 ostendendam-subsidia.
2489 2753 2614 2822 Inde,
2626 2756 2745 2801 natis

481 2834 772 2887 haeresibus,
806 2834 886 2895 qui
919 2843 1020 2879 tum
1053 2832 1274 2879 vivebant
1310 2831 1494 2885 fideles,
1531 2847 1587 2877 ex
1620 2826 1918 2894 antiquorum
1955 2828 2142 2876 Patrum
2177 2831 2360 2893 scriptis
2381 2831 2581 2892 eclogas
2614 2846 2745 2878 com-

478 2911 863 2964 miniscebantur,
891 2919 941 2956 ut
966 2926 1142 2957 novum
1165 2910 1355 2971 quidem
1377 2908 1717 2955 haereticorum
1741 2923 1838 2954 esse
1863 2907 2057 2968 dogma,
2086 2907 2206 2953 illud
2241 2916 2394 2953 autem
2419 2907 2640 2954 ecclesiae
2664 2922 2746 2955 an—

478 2988 787 3048 tiquissimum
810 2997 856 3034 et
879 2996 1063 3050 patrum
1091 2986 1436 3033 commentariis
1461 2986 1773 3038 insinuatum,
1799 3001 1854 3031 ex
1881 2984 2053 3045 quibus
2076 2984 2195 3030 illud
2226 2985 2472 3037 elicerent,
2503 2999 2744 3030 common-

480 3074 695 3112 strarent.
734 3068 799 3112 De
826 3081 922 3127 quo
950 3081 1035 3112 nos
1059 3065 1169 3111 alibi
1194 3065 1345 3127 plura.
1385 3064 1538 3119 Quare
1566 3064 1716 3126 potuit
1741 3071 1786 3108 et
1819 3062 2189 3123 Thaumaturgus
2214 3070 2318 3107 ante
2373 3054 2696 3122 eutychianam
2721 3077 2746 3107 e
2805 3091 2812 3100 ι

481 3144 684 3194 arianam
719 3144 971 3195 haeresim,
1001 3145 1244 3189 veritatem
1273 3157 1518 3204 promere,
1546 3149 1594 3187 et
1624 3140 1753 3203 quod
1779 3141 1971 3187 ecclesia
2000 3141 2097 3202 ipsa
2127 3148 2233 3201 post
2260 3138 2437 3200 aliquot
2462 3137 2641 3184 saecula
2664 3139 2747 3184 ad-

481 3236 640 3266 versus
664 3221 920 3267 haereticos
943 3223 991 3266 in
1017 3222 1087 3267 sui
1124 3220 1440 3266 defensionem
1471 3227 1782 3281 proponeret,
1811 3218 2163 3279 praenunciare.
2202 3219 2258 3262 Et·
2285 3219 2480 3262 istorum
2508 3217 2627 3262 ratio
2651 3231 2747 3271 non

482 3304 813 3358 usquequaque
845 3297 1018 3343 absona
1053 3297 1218 3349 fuerit,
1247 3305 1295 3342 ut
1330 3296 1408 3342 illa
1444 3296 1618 3341 Riveti:
1647 3293 1971 3340 Bellarminus
2002 3292 2131 3338 nihil
2150 3309 2198 3339 se
2222 3292 2403 3341 habere,
2423 3303 2603 3337 certum
2630 3309 2748 3355 pro-

475 3371 647 3431 fitetur
681 3384 783 3418 tam
818 3373 875 3418 de
907 3372 1119 3418 homiliis
1153 3372 1201 3417 in
1238 3369 1690 3420 Annuncz'acionem,
1720 3381 1763 3414 et
1798 3368 2132 3433 Epiphaniam
2166 3368 2480 3417 dominicam,
2510 3383 2654 3429 qaam
2690 3369 2748 3414 de

487 3447 642 3493 libello
678 3450 734 3493 de
770 3450 936 3496 anima
969 3450 1038 3495 acl
1071 3450 1356 3500 Tatianum,
1392 3465 1604 3511 qaorum·
1627 3459 1799 3493 veteres
1833 3463 1926 3492 non
1961 3446 2293 3492 meminerunt.
2331 3446 2454 3506 Ergo
2489 3445 2570 3491 illa
2605 3445 2748 3492 dubia

485 3525 675 3570 fuerint.
715 3527 851 3580 Quasi
877 3542 989 3573 vero
1014 3526 1141 3588 quod
1166 3510 1391 3572 incertum
1419 3534 1487 3571 est
1512 3524 1821 3576 Bellarmino‚
1849 3523 1897 3569 id
1933 3537 2121 3586 quoque
2148 3523 2197 3566 in
2223 3521 2412 3567 ecclesia
2437 3519 2635 3566 dubium
2659 3522 2744 3567 sit:

486 3610 532 3647 et
558 3604 762 3663 quorum
797 3618 994 3664 operum
1026 3613 1205 3650 veteres
1239 3618 1334 3649 non
1365 3603 1644 3654 meminere,
1673 3616 1725 3647 ea
1758 3602 1933 3647 incerta
1965 3601 2078 3646 sint:
2107 3607 2154 3644 et
2177 3599 2308 3660 quasi
2333 3606 2509 3644 veteres
2537 3599 2748 3645 omnium

485 3679 805 3731 meminerint,
833 3688 876 3724 et
912 3695 996 3725 nos
1022 3681 1233 3726 omnium
1255 3688 1467 3726 veterum
1483 3714 1494 3730 ,
1527 3671 1847 3740 quaecumque
1878 3677 1958 3722 illa
1983 3675 2177 3727 fuerint,
2205 3689 2316 3736 prae
2342 3673 2556 3720 manibus
2577 3673 2748 3722 hahea-

487 3770 606 3801 mus.
646 3755 735 3800 Sed
768 3757 941 3808 Riveti‚
971 3771 1075 3801 cum
1108 3758 1330 3803 solidiora
1364 3772 1460 3802 non
1497 3754 1687 3807 habeat,
1718 3755 1801 3800 hili
1837 3760 2112 3815 nugamenta
2146 3752 2259 3798 haec
2291 3760 2415 3798 sunt.

616 3833 720 3878 Non
761 3832 917 3878 minor
941 3831 1188 3878 difficultas
1218 3842 1285 3879 est
1319 3833 1378 3879 de
1412 3833 1697 3894 expositione
1729 3831 1862 3884 fidei,
1890 3844 2030 3891 quam
2048 3827 2136 3875 'ille
2170 3830 2351 3890 scripsit
2385 3836 2430 3875 et
2466 3828 2743 3891 publicavit,
