2970 4420
449 289 543 337 406

440 382 504 428 οὐχ
531 378 625 415 ὕδατι
650 377 871 420 κατέπαυσας
898 379 955 420 τήν
981 378 1014 416 ἐν
1039 381 1083 426 τῷ
1107 378 1226 414 Χάλετ
1253 376 1374 424 &ispa-1,

361 450 401 482 65
439 442 495 478 οὐκ
522 440 633 489 ἔφθης
658 439 924 490 άπομόρξασθαι
952 442 1006 478 τόν
1031 441 1188 490 περσικὸν
1214 440 1351 488 ἱδρῶτα,

437 502 505 538 οὐδ’
532 500 659 550 ἄσθμα
682 505 770 550 γοῦν.
787 503 968 547 συνέλεξας
993 502 1029 538 ἐκ
1055 504 1114 537 τῶν
1140 501 1172 537 ἐν
1198 500 1315 548 Σύροις
1342 498 1479 549 δρόμον,

435 563 494 599 οὐκ
521 562 631 611 ἔφθης
657 553 922 599 άπολούσασθαι
947 564 1005 603 τήν
1029 565 1088 598 τῶν
1113 561 1252 598 Κιλίκων
1276 561 1381 604 κόνιν,

436 625 509 661 οὐδὲ
535 625 612 667 τούς
638 625 910 669 κυβιστήσαντας
931 627 1078 674 χιτῶνας
1102 623 1136 658 ἐν
1163 621 1346 670 Σαγγάρῳ,

434 687 544 735 ἀνέμω
570 687 802 736 παρεξήρανας
826 686 850 726 ἦ
873 688 949 727 ταῖς
975 684 1100 732 αὐγαῖς
1123 683 1231 723 ήλίου

300 787 302 790 ,
357 759 397 791 70
434 750 491 786 καί
517 749 616 786 πάλιν
642 749 756 797 μάχαι
782 750 840 784 καὶ
868 747 1008 796 στρατοὶ
1034 747 1093 782 καί
1118 744 1436 793 στρατοπεδαρχιάι·

241 1252 263 1282 f.
286 1256 344 1281 189.
365 1257 393 1281 8.

248 3046 271 3076 f.
297 3049 356 3076 189.
375 3045 406 3076 b.

434 811 493 846 τίνι
520 808 559 847 σε
585 810 834 859 παρεικάσομεν
859 810 941 857 πρὸς
966 809 1025 848 τήν
1051 806 1262 856 φερεπονίαν;

432 873 562 915 Ἀτλας
586 871 667 922 οἷνήρ
690 871 876 921 μυθεύεται
903 873 974 912 τοῖς
999 874 1162 910 παλαιοῖς
1188 867 1336 913 βιβλίοις

432 936 566 983 μακράς
591 934 715 983 άνέχων
740 932 850 975 κίονας
876 934 931 969 τὸν
956 932 1083 979 κόσμον
1108 930 1312 980 ἀνεχούσας·

433 998 521 1036 πλήν
547 996 707 1032 κοπιάσαι
731 994 873 1042 λέγουσι
900 994 958 1030 καί
985 997 1099 1029 τοῦτον
1125 993 1206 1041 πρός
1233 993 1271 1028 τό
1298 990 1419 1038 βάρος,

355 1065 396 1097 75
434 1059 491 1095 καί
518 1057 716 1095 καταθεῖναι
741 1058 805 1104 μέν
830 1056 931 1092 αὐτόν
958 1057 995 1092 τό
1021 1059 1080 1091 τῶν
1105 1055 1215 1091 κιόνων
1238 1052 1372 1103 ἄχθος,

432 1119 670 1164 ὑποβάλλοντα
695 1122 722 1155 δ’
743 1119 912 1168 ξΗρακλϊῖν
939 1120 1010 1160 τοῖς
1036 1117 1137 1166 ὤμοις
1164 1119 1206 1163 τῷ
1231 1114 1352 1165 φορτίῳ

430 1182 551 1230 μικράν
576 1179 684 1227 ἐκείνῳ
709 1183 903 1229 παρασχεῖν
919 1179 1116 1215 ’ἀνάπαυσιν
1142 1181 1202 1214 τοῦ
1224 1177 1335 1213 πόνου·

433 1245 475 1279 σύ
502 1243 536 1279 δὲ
562 1243 618 1278 τόν
645 1241 745 1290 ὄγκον
770 1242 907 1278 ἅπαντα
933 1244 992 1284 τῆς
1019 1231 1214 1289 οἶκουμένης
1241 1240 1361 1288 φέρων,

431 1306 513 1353 πρὸς
539 1306 573 1340 δὲ
599 1305 655 1340 καὶ
684 1304 747 1346 τοὶς
774 1305 1003 1352 στρατηγικάς
1028 1303 1154 1352 οἱνέχων
1179 1300 1393 1351 ἄχθηδόνας,

354 1377 393 1408 30
429 1366 530 1415 μόνος
555 1367 592 1402 τό
621 1365 725 1415 βάρος
751 1368 923 1415 καρτερεῒς
950 1365 987 1402 οὐ
1009 1364 1146 1414 χρῄζων
1166 1362 1386 1413 Ἠρακλέως,“

429 1429 486 1465 καί
514 1427 756 1477 καρτερήσειας
782 1428 865 1464 αὐτὸ
890 1428 991 1477 μέχρι
1018 1430 1151 1476 μακρῶν
1175 1425 1295 1462 αι’ῶνων

430 1492 494 1528 ύπὸ
520 1489 669 1540 στερροῖς
696 1493 768 1533 τοῖς
793 1491 913 1539 μέλεσι
941 1491 998 1526 καί
1025 1491 1198 1539 καρτεροῖς
1225 1486 1433 1535 τοῖς-ὤμοις·

429 1553 612 1602 ἐνέγκωμεν
638 1553 803 1593 ἀνατολήν
828 1556 888 1588 τοῦ
912 1554 1108 1601 φωταυγοῦς
1132 1550 1245 1593 ήλίου,

430 1615 522 1650 ἀλλοὶ
546 1629 601 1651 και
631 1614 749 1659 σβέσιν
775 1629 832 1651 και
860 1615 988 1664 δυσμην
1015 1613 1189 1663 ἐμάθομεν
1214 1610 1348 1648 ἐκείνου·

355 1687 392 1718 85
430 1678 486 1713 καί
513 1680 576 1724 γῆν
601 1678 664 1725 μέν
689 1676 828 1713 ἅπασαν
853 1676 980 1725 αὐγαις
1005 1675 1150 1725 οἶφάτοις
1176 1672 1404 1722 καταυγάζει,

429 1738 521 1774 ἀλλά
545 1739 602 1774 καὶ
628 1737 716 1787 νέφει
743 1731 922 1788 κρύπτεται
949 1752 1006 1774 και
1033 1739 1202 1779 παντελῶς
1228 1735 1385 1772 ε’κλεί·πει

430 1801 488 1836 καὶ
515 1800 632 1849 κάμνει
658 1801 719 1848 μέν
744 1801 921 1850 ἦμερινούς
947 1795 1099 1848 διφρεύων
1126 1799 1203 1840 τούς
1228 1798 1379 1846 ἀγῶνας,

431 1862 523 1898 άλλά
547 1862 606 1897 καί
629 1862 765 1897 λούεται
791 1862 907 1903 νυκτός
932 1860 1075 1897 ὠκεανοῦ
1098 1863 1167 1901 τοῖς
1190 1858 1344 1908 ῥείθροις·

431 1925 474 1959 σύ
500 1928 527 1960 δ’
554 1923 751 1965 ἀνατέλλεις
777 1924 812 1965 ές
839 1923 891 1959 ἀεὶ
918 1923 976 1959 καὶ
1003 1923 1098 1959 δυσὶν
1125 1921 1162 1958 οὐ
1187 1922 1379 1970 γινώσκεις,

355 1997 394 2027 90
430 1987 480 2033 μή
507 1989 534 2021 δ’
562 1984 732 2034 ἐπιγνοίης
756 1985 891 2024 ,πώποτε
915 1986 1019 2033 μέχρι
1046 1984 1212 2032 τερμάτων
1239 1982 1324 2028 βίου·

433 2047 463 2082 εί
489 2048 525 2083 δέ
550 2047 634 2083 ποτέ
660 2061 698 2083 σε
725 2050 786 2083 τοῦ
810 2049 927 2096 καιροῦ
953 2047 1009 2082 καί
1035 2044 1232 2082 λούσασθαι
1259 2045 1389 2089 δεήσει,

432 2110 475 2150 ω’ς·
500 2108 606 2144 ἄλλον
630 2109 704 2158 ῥοῦν
730 2108 874 2144 ὠκεανοῦ
899 2109 977 2150 τούς
1003 2109 1084 2149 σούς
1111 2107 1250 2157 ἱδρῶτας
1274 2106 1370 2155 λούῃ·

435 2170 526 2205 ἔστιν
553 2169 728 2218 ἀκάματον
755 2171 792 2206 τό
817 2173 882 2219 πῦρ
908 2168 993 2212 ὕλης
1016 2169 1057 2206 οἶν
1084 2169 1272 2217 εὐπορήσῃ,

436 2228 524 2271 πλήν
551 2232 658 2267 δέεται
686 2233 743 2267 και1
768 2231 958 2279 πνεύματος
984 2234 1044 2267 τοῦ
1068 2234 1354 2278 συνεπιφυσῶντος

360 2302 400 2332 95
437 2294 496 2329 καί
521 2296 579 2333 τήν
607 2294 708 2342 ὁρμήν
734 2288 920 2342 ἐγείροντος
945 2294 1003 2333 τήν
1029 2294 1211 2331 καυστικήν
1236 2291 1376 2336 ἐκείνου,

438 2355 616 2400 σβέννυται
645 2357 678 2391 δέ
706 2357 763 2392 καί
789 2358 850 2397 τῆς
875 2356 981 2404 ὖγροῖς
1007 2355 1248 2406 ε’πιῤῥευσάσης
1274 2355 1368 2397 ὅλης·

439 2417 482 2453 συ“
509 2417 542 2452 δέ
568 2419 723 2466 πιμπρᾷς
747 2418 826 2458 τούς
852 2416 1010 2461 ἀσεβεῖς,
1032 2416 1206 2466 φλογίζεις
1231 2418 1309 2459 τούς
1334 2415 1461 2457 άθέους

440 2480 499 2515 καί
526 2478 637 2520 τήκεις
663 2479 744 2514 ῶσεί
768 2479 930 2527 μόλιβδον
955 2479 1034 2515 ὦσεί
1059 2479 1216 2528 καλάμην
1242 2480 1394 2527 φλέγεις,

441 2541 481 2578 οὐ
499 2541 635 2590 χρήζων
660 2541 723 2585 ἔξω
748 2541 938 2590 πνεύματος
963 2545 1024 2577 τοῦ
1048 2545 1351 2590 συνεπιφυσῶντος,

439 2603 536 2651 άρκεῖ
561 2617 615 2638 σοι
641 2604 706 2652 γάρ
732 2602 782 2645 είς
808 2602 932 2649 ἔξαψιν
958 2605 1019 2645 τῆς
1044 2607 1119 2639 κατ’
1145 2602 1274 2653 ἐχθρῶν
1299 2602 1419 2652 ἐφόδου

441 2665 479 2700 τὸ
505 2665 560 2700 σοι’
590 2663 695 2712 συζῶν
719 2666 778 2700 καὶ
806 2667 957 2700 συνοικῶν
981 2664 1075 2713 μέγα
1099 2666 1159 2701 καί
1185 2664 1275 2702 θεῖον
1300 2668 1451 2713 πνεῦμα,

440 2727 494 2773 ὑφ’
521 2725 559 2762 οὗ
585 2727 643 2762 καί
667 2725 880 2776 ριπιζόμενος
905 2726 1032 2768 πάντας
1057 2726 1207 2776 ἐχθρούς
1233 2725 1424 2775 φλογίζεις,

441 2790 498 2825 καὶ
525 2792 639 2825 ποῖσαν
664 2792 726 2837 γῆν
752 2789 943 2838 ἀλλόφυλον
969 2790 1028 2825 καί
1054 2790 1150 2825 πόλιν
1175 2789 1325 2838 ἐπινέμῃ·

346 2612 404 2643 100

439 2851 489 2898 μή
515 2854 542 2886 δ’
569 2850 651 2893 ὅλως
677 2854 755 2899 γοῦν
782 2854 858 2893 ταῖς
882 2850 1032 2893 ἐθνικαῖς
1059 2850 1275 2900 σβεννύμενος
1301 2850 1516 2893 θαλάσσαις,

348 2919 406 2951 105
442 2911 503 2957 κᾷὶν
529 2913 605 2961 περὶ
630 2911 710 2959 μίαν
735 2912 881 2965 ἅμποτιν
906 2914 964 2949 καί
986 2912 1153 2962 χάρυβδιν
1177 2912 1354 2962 μιχθεῒεν,

444 2976 645 3023 κατέρχεται
670 2976 728 3011 καί
755 2977 910 3024 ποταμός
935 2976 993 3012 καί
1015 2974 1200 3025 χείμαρρος
1226 2977 1364 3011 κινεῖται

443 3038 533 3085 μετά
557 3039 705 3086 σφοδροῦ
725 3036 931 3087 ῥοιζήματος
956 3039 1014 3073 καὶ
1041 3037 1100 3073 σύν
1129 3037 1202 3082 ὀξεῖ
1225 3039 1269 3083 τῷ
1293 3037 1419 3085 δρόμῳ,

442 3098 502 3135 καί
524 3112 587 3134 που
614 3099 671 3135 καὶ
696 3098 816 3140 λίθους
842 3100 997 3144 ὐποσπρῖ,
1015 3098 1190 3149 ῥιζοτομεῖ
1214 3099 1270 3134 καὶ
1297 3098 1421 3146 δένδρα·

443 3161 536 3196 οἱλλά
559 3176 589 3196 τι
617 3161 740 3209 δένδρον
765 3160 927 3209 μέγιστον
952 3159 975 3201 ἧ
1000 3163 1217 3208 παλαμναῖος
1242 3159 1341 3202 λίθος

350 3231 409 3261 110
443 3222 549 3269 μέσος
575 3222 606 3257 εἷ
632 3222 728 3271 τύχει
754 3223 928 3271 προπεσών
955 3223 1010 3258 τόν
1033 3222 1107 3271 ῥοῦν
1131 3220 1355 3270 ἀναχαιτίζει·

447 3284 489 3318 σε“
513 3284 548 3319 δέ
570 3283 715 3332 χαρίτων
742 3283 911 3320 θάλασσα
937 3285 995 3320 καί
1020 3285 1153 3332 ποταμὲ
1179 3283 1340 3332 τροπαίων

448 3342 539 3379 οὐδὲν
564 3345 688 3381 οὐδέπω
713 3348 773 3388 τῆς
798 3346 906 3395 ὁρμῆς
931 3349 991 3387 τῆς
1016 3345 1064 3388 εἷς
1091 3346 1152 3387 τάς
1175 3344 1298 3394 μάχας
1324 3343 1432 3381 παύει·

450 3404 488 3439 οὐ
514 3405 737 3457 προλαβοῦσα
761 3407 924 3451 κάκωσις,
950 3407 1009 3443 οὐκ
1033 3405 1231 3454 ἐπισχοῦσα
1255 3406 1368 3448 νόσος,

450 3464 531 3512 οὐχὶ
557 3468 666 3513 καιρός
688 3469 896 3517 χειμερινὸς,
918 3468 956 3504 οὐ
981 3469 1148 3516 παγετός,
1169 3468 1228 3503 οὐκ
1254 3466 1416 3516 ὄμβρος,’

357 3532 415 3562 115
453 3526 489 3561 οὐ
515 3525 632 3574 θέρους
659 3530 696 3564 τὸ
721 3529 944 3581 μεσαίτατον,
965 3531 1032 3580 οὐχ
1058 3530 1095 3566 αἱ
1122 3530 1307 3579 κυνάστρου
1332 3528 1474 3578 φλόγες,

454 3587 491 3622 οὐ
519 3589 700 3637 δυσχερεία
725 3594 783 3626 τῶν
809 3593 886 3627 ὁδῶν
911 3591 992 3641 οὐχὶ
1018 3590 1239 3641 στενοχωρία,

453 3649 546 3689 ἄλλά
569 3651 651 3699 πρὸς
676 3651 773 3698 μόνον
798 3653 924 3703 ἀφορῶν
950 3655 987 3690 τό
1009 3656 1134 3703 χρῆμα
1158 3654 1194 3690 τὸ
1222 3655 1281 3695 τῆς
1304 3652 1414 3697 νίκης,

456 3712 513 3746 καὶ
539 3711 621 3759 πρὸς
646 3712 952 3759 τήνὺπεραύξησιν
978 3717 1037 3756 τῆς
1064 3717 1127 3757 σῆς
1152 3714 1392 3764 κληρονομίας,

459 3771 582 3816 βαίνεις
607 3772 650 3813 ῶς
675 3773 754 3808 λέων
780 3773 947 3815 πεποιθώς
973 3776 1061 3810 κατά
1085 3778 1144 3811 τῶν
1169 3774 1380 3823 ἀλλοφύλων,

365 3842 424 3872 12⁰
458 3834 583 3870 πάντων
609 3834 695 3883 ὁμοῦ
718 3838 927 3882 καταφρονῶν
953 3838 1011 3870 τῶν
1036 3837 1381 3885 παρεμποδισμάτων,

460 3898 502 3941 τῇ
527 3896 747 3944 συστρατήγῳ
773 3909 834 3935 σου
852 3887 982 3947 ,θαρρῶν
1005 3896 1160 3944 Ἰπαρθένῳ
1186 3898 1244 3934 καί
1271 3898 1467 3946 συμμάχῳ,

1327 298 1559 335 musonem·
1579 299 1806 334 Pnonnom

1600 381 1638 413 δι’
1664 376 1705 419 ἦς
1729 378 1767 413 ἐκ
1792 375 1909 418 πάσης
1934 374 2128 424 προσβολῆς
2153 377 2214 414 σύν
2238 376 2344 419 νίκαις
2367 374 2597 425 {noo-veihon(

1599 439 1711 476 πάντα
1733 440 1795 488 μὲν
1820 437 1876 478 οὖν
1901 441 2066 474 κατανοῶν
2092 437 2250 488 θάμβους
2273 439 2339 488 ἐγώ
2364 441 2576 489 πληροῦμαι,

1599 501 1656 541 τήν
1682 503 1734 537 νῦν
1760 499 1864 550 ὁρμήν
1890 513 1950 535 σου
1976 498 2123 543 βασιλεῦ
2144 502 2202 542 τήν
2227 506 2302 537 κατ’
2329 500 2458 550 ἐχθρῶν
2484 498 2668 548 μανθάνων.

1600 562 1693 598 ἀλλὰ
1716 562 1774 598 καὶ
1799 560 1971 610 βράζομαι
1997 562 2085 597 πολύ
2111 563 2154 610 τῇ
2175 561 2266 610 λύπῃ
2293 567 2334 612 τῇ
2359 561 2494 610 καρδίᾳ,
2729 564 2787 594 125

1600 622 1650 659 ὅτι
1677 624 1844 672 στερεῖται
1870 621 1971 658 πάλιν
1998 635 2059 658 σου
2085 624 2146 664 τῆς
2171 621 2254 664 θέας
2280 622 2296 659 ὃ
2323 622 2405 665 λαός
2431 636 2512 666 σου,
2826 625 2829 637 ³

1601 687 1769 734 στερεῖται
1796 688 1854 720 τῶν
1877 684 2022 733 χαρίτων
2049 698 2109 720 σου
2135 684 2195 720 καί
2219 686 2277 719 τῶν
2303 684 2525 733 ὃμιλημάτων·

1601 749 1658 782 καί
1683 746 1775 794 μετά
1799 749 1886 794 τρεῖς
1911 746 2081 787 ἐνιαυτούς
2106 744 2206 793 μόλις
2231 746 2349 794 μικρὸν
2374 745 2447 782 ι’διίν
2470 751 2511 780 σε

1600 809 1677 858 πρὶν
1702 809 1840 845 κατιδων
1865 807 2071 857 τρανότερον,
2095 805 2196 849 αὖθις
2221 806 2434 854 οἷνήρπασταί
2457 809 2514 850 σε,

1600 871 1658 906 καί
1683 870 1766 918 πρὸς
1792 884 1849 909 την
1875 869 2077 919 φρυκτωρίαν
2104 882 2166 904 σου
2191 869 2308 917 μικρόν
2334 867 2526 909 ἐνατενίσας
2735 871 2801 902 130-

1600 931 1677 999 πρὶν
1701 929 1939 979 ἐλλαμφθὴναι
1966 929 2122 979 καθαρῶς
2148 927 2248 970 εὐθύς
2274 927 2519 990 ἀπετυφλῶθη,

1600 1006 1656 1028 και
1684 993 1761 1041 πρὶν
1786 991 1947 1035 λαβοῦσα
1971 994 2048 1041 ταῖς
2069 993 2192 1040 χερσὶν
2217 972 2478 1029 ἀποσεσύληταί
2503 1002 2560 1031 σε,
2587 1035 2593 1040 .
2648 1030 2652 1035 ¹

1601 1054 1659 1091 οὐκ
1684 1053 1816 1103 ἔφθασε
1842 1053 1993 1102 καθάραι
2019 1067 2081 1090 σου
2107 1054 2166 1094 την
2191 1051 2433 1101 αἱμαχθεῖσαν
2460 1050 2596 1089 σπάθην

1602 1116 1761 1165 ι’σαυρικῷ
1786 1119 1934 1163 κιλικικῷ
1956 1116 2014 1151 καὶ
2040 1114 2194 1164 παρθικῷ
2218 1117 2263 1162 τῷ
2285 1113 2417 1162 λύθρῳ,

1601 1179 1658 1214 καί
1685 1178 1785 1214 πάλιν
1809 1177 2047 1226 η’μιπάλακτον
2072 1174 2462 1224 αὐτήν-ἀντιλαμβάνας
2736 1180 2794 1209 1:35

1601 1240 1643 1282 ὥς
1668 1240 1871 1288 ἐπεμβάφῃς
1894 1239 2020 1288 αἵματι
2046 1241 2089 1275 τοὶ
2114 1238 2258 1287 πρότερα
2284 1237 2457 1287 δευτέροις”

1601 1302 1660 1339 οὐκ
1686 1301 1819 1350 ἔφθασε
1846 1303 1903 1342 τήν
1929 1300 2060 1350 κόρυθα
2083 1301 2146 1350 πρό
2173 1302 2231 1336 τοῦ
2256 1299 2409 1348 μετώπου
2436 1296 2554 1340 θῆναι,

1602 1364 1659 1400 καῖ
1684 1364 1807 1413 μόρξαι
1835 1365 1910 1406 τούς
1938 1364 2045 1413 ιἐρούς
2073 1362 2271 1406 βασιλικούς
2299 1362 2456 1410 ἱδρῶτας,

1601 1426 1658 1462 καὶ
1685 1427 1727 1462 σύ
1753 1426 1973 1475 σπασάμενος
2000 1422 2121 1468 αὐτην,
2141 1424 2269 1466 ἄλλους
2296 1423 2405 1472 ἱδροῦν
2431 1418 2642 1468 σπουδάζεις·

1601 1488 1656 1523 ναί
1681 1488 1737 1523 ναί
1761 1488 1822 1523 καί
1846 1488 1883 1523 τό
1910 1486 2125 1535 βραχύτατον
2153 1489 2212 1528 τῆς
2238 1486 2302 1527 σῆς
2324 1483 2508 1532 ’ἐπιδημίας
2737 1492 2796 1524 140

1601 1548 1836 1597 ἀναριθμήτων
1862 1547 1992 1587 ἔπλησε
2017 1549 2076 1587 τήν
2101 1548 2198 1584 πόλιν
2225 1535 2286 1583 σου
2308 1546 2465 1595 χαρίτων·

1601 1611 1652 1646 ἴδε
1678 1624 1717 1646 σε
1743 1613 1808 1652 ποῖς
1835 1609 2032 1653 ἀδικηθεὶς,
2053 1610 2110 1645 καὶ
2138 1607 2346 1645 δεδικαίωταί
2371 1615 2434 1642 σοι·

1602 1671 1652 1707 ἴδε
1679 1685 1720 1707 σε
1745 1673 1811 1712 ποῖς
1837 1671 2031 1717 πενόμενος,
2052 1670 2109 1706 καὶ
2132 1670 2192 1705 σοὶ
2221 1667 2509 1706 κατεπλουτίσθη·

1602 1733 1716 1781 ἀγῶνα
1740 1732 1891 1774 τέθηκας
1916 1732 2019 1768 καλὸν
2045 1729 2386 1781 τετραδιφρηλασίου,

1604 1799 1786 1845 δημοχαρῆ
1809 1796 1991 1844 πανήγυριν
2016 1797 2075 1837 τῆς
2100 1794 2184 1836 ὅλης
2210 1787 2400 1837 πολιτείας,

1604 1855 1638 1894 ὃν
1665 1858 1722 1893 καὶ
1748 1860 1808 1899 τῆς
1834 1857 1995 1905 εὐτυχίας
2021 1870 2082 1892 σου
2109 1857 2260 1893 δέσποτα
2284 1856 2401 1904 μάντιν
2426 1853 2535 1902 κρίνω,

2739 1796 2798 1835 1⁴⁵

1605 1920 1663 1955 καὶ
1689 1922 1750 1961 τῆς
1775 1919 1970 1967 μελλούσης
1996 1923 2071 1954 κατ’
2097 1917 2230 1967 ἐχθρῶν
2256 1916 2294 1961 ἐξ
2318 1916 2502 1965 ὁλοκλήρου
2528 1914 2628 1957 νίκης·

1605 1981 1898 2030 ἐνυμφαγῶγησας
1923 1975 2083 2030 λαμπρῶς
2109 1981 2167 2017 καί
2193 1978 2388 2024 βασιλείους
2412 1979 2544 2027 γάμους

1605 2046 1678 2085 τοῖς
1705 2043 1849 2088 τέκνοις,
1868 2045 1938 2084 τοῖς
1964 2042 2136 2089 οένεψιοῒς,
2156 2042 2215 2078 καί
2240 2043 2312 2083 τοῖς
2337 2044 2397 2093 τῶν
2423 2036 2537 2076 τέκνων
2564 2039 2697 2081 τέκνοις·

1607 2105 1789 2150 βασιλικάς
1814 2105 2014 2150 ἐξήπλωσας
2038 2105 2202 2154 λαμπράς
2227 2102 2454 2153 δημοθοινίας·
2739 2110 2796 2140 150

1606 2168 1769 2216 ἔρρἐυσας
1795 2167 1885 2203 οἴνου
1911 2168 2086 2215 ποταμούς
2113 2166 2162 2208 είς
2186 2166 2302 2208 πάσας
2329 2166 2390 2207 τοὶς
2415 2164 2607 2212 ἀμφόδους,

1606 2229 1804 2279 προῦθηκας
1829 2222 1918 2265 ἅπαν
1944 2230 2088 2265 πετεινὸν
2114 2228 2156 2270 ὦς
2181 2228 2219 2264 ἐκ
2245 2227 2375 2276 βροχῆς
2401 2226 2517 2298 ἐτέρας

1607 2292 1658 2334 εἷς
1682 2291 1802 2341 βρῶσιν
1828 2292 1867 2327 ου’
1891 2293 1962 2332 τοῖς
1987 2291 2195 2338 γογγισταῖς
2220 2288 2311 2324 οἷλλοὶ
2337 2289 2409 2328 τοῖς
2435 2285 2669 2361 εὐχαρίστως,

1607 2355 1667 2390 καί
1690 2356 1754 2390 πᾶν
1781 2352 1963 2412 τετράπουν
1990 2351 2136 2400 βάσιμον
2161 2351 2277 2393 πάσης
2302 2348 2488 2390 θαλάσσης
2513 2348 2638 2397 ἄγραν,

1607 2414 1781 2456 παντοίαις
1806 2413 1979 2462 ηυφρανας
2003 2413 2098 2461 ημᾶς
2123 2412 2246 2454 εἶδέαις
2271 2411 2477 2460 δωρημοίτων·
2740 2419 2798 2455 155

1607 2477 1700 2513 ἅλλοὶ
1723 2479 1784 2518 τῆς
1810 2473 2051 2524 ἐκστρατείας
2057 2489 2119 2511 σου
2146 2475 2183 2510 τὸ
2208 2472 2545 2521 κατεσπουδασμένον
2584 2498 2587 2503 .

1608 2540 1664 2575 τόν
1689 2538 1812 2587 λύχνον
1837 2537 1979 2581 ἔσβεσεν
2004 2537 2085 2585 ἡμῖν
2111 2539 2172 2578 τῆς
2196 2535 2278 2578 ὅλης
2305 2535 2518 2585 εὐφροσύνης·

1609 2602 1667 2637 καί
1692 2601 1743 2636 νῦν
1770 2599 1801 2635 ἐν
1826 2599 1936 2641 λύπης
1960 2598 2105 2647 άφεγγεῖ
2129 2599 2375 2647 περιπατοῦμεν
2400 2597 2499 2646 ζόφῳ·

1609 2665 1695 2703 πλην
1719 2663 1795 2699 ἀλλ’
1823 2662 1889 2711 ἐγώ
1914 2677 1967 2698 σοι
1995 2661 2140 2705 βασιλεῦ
2165 2661 2281 2710 ἑτέρως
2306 2659 2509 2710 ὐπερχαίρω,

1610 2726 1668 2762 καί
1694 2728 1754 2766 τῆς
1777 2726 1892 2774 χαρᾶς
1917 2725 1955 2761 τό
1980 2722 2131 2772 μέγεθος
2156 2723 2231 2760 οὐδὲ
2259 2721 2442 2771 βαστάζειν
2467 2722 2554 2770 ἔχω,
2687 2747 2691 2751 -
2741 2730 2798 2760 loo

1610 2791 1670 2823 τῶν
1695 2788 1797 2824 πόνων
1825 2800 1887 2822 σου
1913 2788 2078 2822 κατανοῶν
2104 2785 2166 2827 τάς
2190 2784 2346 2834 εὐτυχεῖς
2371 2783 2544 2828 ἐκβάσεις,

1609 2850 1667 2886 καί
1694 2851 1754 2886 τῶν
1780 2847 2016 2897 ἀγωνισμάτων
2044 2861 2104 2883 σου
2130 2842 2320 2896 προθεωρῶν
2345 2847 2389 2882 τά
2412 2845 2505 2884 τέλη·

1609 2912 1670 2948 καί
1693 2909 1830 2959 γίνομαί
1855 2923 1907 2946 σοι
1933 2908 2126 2958 Πρόδρομος
2152 2908 2169 2945 ό
2194 2910 2366 2956 προφητῶν
2392 2906 2559 2954 άκρέμων,

1610 2976 1670 3011 καί
1695 2974 1908 3023 προφητεύων
1931 2976 2089 3022 προλαλῶ
2112 2973 2171 3008 καί
2196 2970 2490 3020 προανακηρύττω,

1610 3036 1653 3077 ὥς
1677 3038 1775 3072 πᾶσα
1800 3034 1968 3083 βάρβαρος
1994 3034 2100 3083 ι’σχύς
2124 3032 2384 3081 ὑποταγάσεταί
2408 3046 2483 3075 σοι,
2525 3078 2530 3082 ⁴
2741 3036 2823 3065 165-

1611 3099 1668 3134 καὶ
1695 3100 1762 3138 πᾶς
1787 3096 1980 3144 ἀλλόφυλος
2006 3096 2117 3144 αὐχήν
2143 3094 2421 3144 ὐποδεχθήσεταί
2444 3084 2508 3130 σοι·

1607 3161 1716 3209 χῶραι
1744 3159 1800 3194 καὶ
1828 3158 1942 3200 πόλεις
1964 3157 2050 3196 ἔθνη
2078 3158 2136 3193 καί
2161 3159 2270 3194 πεῖσαι
2296 3155 2516 3194 δουλεύσουσί
2539 3163 2603 3190 σοι·

1611 3223 1669 3257 καὶ
1697 3220 1815 3262 θήσεις
1840 3220 1901 3267 μὲν
1926 3220 1984 3260 τήν
2010 3219 2148 3256 ἔπαυλιν
2175 3221 2234 3261 τῆς
2260 3218 2411 3267 σοβαροῖς
2437 3215 2594 3264 Περσίδος

1612 3284 1654 3325 ῶς
1679 3283 1945 3332 όπωροφυλάκιον
1971 3281 2028 3318 ἐπί
2053 3280 2269 3328 συκυηλάτῳ,

1612 3345 1654 3387 ὥς
1679 3344 1801 3394 ἔρημον
1828 3344 1883 3379 καὶ
1911 3343 2064 3383 ταπεινήν
2091 3343 2212 3381 σκηνήν
2238 3341 2271 3377 ἐν
2296 3342 2472 3389 ἀμπελῶνι·

1613 3405 1773 3450 αὐξήσεις
1799 3407 1834 3441 δέ
1861 3404 1917 3444 τήν
1943 3404 2095 3453 ἄμπελον
2121 3406 2182 3445 τῆς
2206 3401 2363 3450 νεωτέρας
2376 3401 2534 3449 ’“Ρῶμης,

1613 3467 1652 3502 τό
1678 3469 1794 3514 κλῆμα
1818 3465 1919 3514 μέχρι
1946 3464 2129 3500 θαλασσῶν
2154 3465 2215 3506 καί
2237 3465 2298 3505 τὰς
2323 3462 2543 3512 παραφυάδας

1613 3529 1780 3577 μεγίστων
1806 3527 1888 3576 ἄχρι
1913 3529 2071 3575 ποταμῶν
2097 3527 2186 3562 κατά
2208 3525 2265 3566 τήν
2290 3523 2503 3572 προφητείαν·

1614 3590 1711 3625 ἔσται
1739 3590 1772 3625 δέ
1799 3589 1882 3633 δόξα
1905 3589 2024 3624 τούτων
2049 3590 2108 3623 τῶν
2133 3586 2205 3623 νέων
2232 3599 2293 3622 σου
2319 3584 2480 3635 τροπαίων

1615 3651 1696 3698 ὑπὲρ
1721 3651 1782 3691 τοὶς
1807 3650 1956 3698 πρώτας,
1978 3648 2140 3693 βασιλεῦ,
2158 3648 2182 3687 η’
2205 3647 2263 3682 νέα
2287 3647 2344 3682 καὶ
2372 3648 2522 3696 δευτέρα,
2742 3651 2801 3681 175

1615 3713 1671 3747 καὶ
1699 3709 1866 3760 θρίαμβον
1889 3709 2089 3759 παμβόητον
2114 3707 2355 3755 ἐπιτελέσωμέν
2381 3722 2452 3752 σοι,

1616 3771 1688 3814 οἷος
1713 3772 1837 3808 οὐδέπω
1862 3772 1997 3820 γέγονεν
2022 3770 2088 3806 ἀνά
2109 3770 2188 3811 τούς
2212 3770 2319 3806 πάλαι
2341 3771 2506 3819 χρόνους,·

1618 3835 1676 3871 οὐκ
1702 3834 1757 3871 ἐπὶ
1780 3835 1911 3883 Ῥώμης
1936 3836 1995 3875 τῆς
2019 3832 2124 3881 γραός
2148 3832 2214 3868 οὐδ’
2242 3832 2295 3868 ἐπ’
2321 3832 2425 3876 αὐτῆς
2446 3833 2619 3875 Ἑλλάδος·

1619 3897 1709 3944 κᾴγω
1735 3899 1762 3932 δ’
1788 3896 1805 3932 ὁ
1832 3899 1941 3932 ταῦτα
1964 3895 2157 3943 προσλαλῶν
2183 3894 2240 3930 καὶ
2265 3894 2583 3944 προανακηρύσσων,

2733 1242 2755 1271 t.
2777 1245 2836 1271 ιω.
2855 1247 2884 1270 a.
2934 1274 2939 1281 ¹

2738 3073 2760 3102 ί.
2783 3077 2842 3102 1⁹0.
2863 3071 2894 3103 b.
